{"winner":"foultestacceptor1","seed":"sodium,0795fa2a11b6398237dfb3f9b0355318","turns":50,"p1":"foultestchallenge1","p2":"foultestacceptor1","p1team":[{"name":"Salamence","species":"Salamence","item":"Choice Band","ability":"Intimidate","moves":["Earthquake","Hidden Power Flying","Brick Break","Rock Slide"],"nature":"Adamant","evs":{"hp":120,"atk":252,"def":0,"spa":0,"spd":0,"spe":136},"gender":"F","ivs":{"hp":30,"atk":30,"def":30,"spa":30,"spd":30,"spe":31},"happiness":255,"hpType":"Flying","pokeball":"","gigantamax":false,"dynamaxLevel":10,"teraType":"","level":100},{"name":"Magneton","species":"Magneton","item":"Magnet","ability":"Magnet Pull","moves":["Thunderbolt","Toxic","Hidden Power Fire","Protect"],"nature":"Modest","evs":{"hp":4,"atk":0,"def":0,"spa":252,"spd":0,"spe":252},"gender":"N","ivs":{"hp":31,"atk":2,"def":31,"spa":30,"spd":31,"spe":30},"happiness":255,"hpType":"Fire","pokeball":"","gigantamax":false,"dynamaxLevel":10,"teraType":"","level":100},{"name":"Tyranitar","species":"Tyranitar","item":"Leftovers","ability":"Sand Stream","moves":["Crunch","Pursuit","Hidden Power Grass","Fire Blast"],"nature":"Modest","evs":{"hp":240,"atk":0,"def":0,"spa":188,"spd":48,"spe":32},"gender":"F","ivs":{"hp":31,"atk":2,"def":31,"spa":30,"spd":31,"spe":31},"happiness":255,"hpType":"Grass","pokeball":"","gigantamax":false,"dynamaxLevel":10,"teraType":"","level":100},{"name":"Blissey","species":"Blissey","item":"Leftovers","ability":"Natural Cure","moves":["Seismic Toss","Wish","Protect","Toxic"],"nature":"","evs":{"hp":4,"atk":0,"def":252,"spa":0,"spd":252,"spe":0},"gender":"F","ivs":{"hp":31,"atk":0,"def":31,"spa":31,"spd":31,"spe":31},"level":100},{"name":"Metagross","species":"Metagross","item":"Leftovers","ability":"Clear Body","moves":["Agility","Meteor Mash","Earthquake","Explosion"],"nature":"Adamant","evs":{"hp":168,"atk":252,"def":0,"spa":0,"spd":0,"spe":88},"gender":"N","level":100,"ivs":{"hp":31,"atk":31,"def":31,"spa":31,"spd":31,"spe":31}},{"name":"Swampert","species":"Swampert","item":"Leftovers","ability":"Torrent","moves":["Surf","Ice Beam","Protect","Toxic"],"nature":"Bold","evs":{"hp":252,"atk":0,"def":160,"spa":0,"spd":96,"spe":0},"gender":"F","ivs":{"hp":31,"atk":0,"def":31,"spa":31,"spd":31,"spe":31},"level":100}],"p2team":[{"name":"Metagross","species":"Metagross","item":"Leftovers","ability":"Clear Body","moves":["Meteor Mash","Earthquake","Agility","Explosion"],"nature":"Adamant","evs":{"hp":152,"atk":252,"def":0,"spa":0,"spd":0,"spe":104},"gender":"N","level":100,"ivs":{"hp":31,"atk":31,"def":31,"spa":31,"spd":31,"spe":31}},{"name":"Milotic","species":"Milotic","item":"Leftovers","ability":"Marvel Scale","moves":["Hypnosis","Surf","Ice Beam","Recover"],"nature":"Bold","evs":{"hp":248,"atk":0,"def":212,"spa":0,"spd":0,"spe":48},"gender":"M","ivs":{"hp":31,"atk":0,"def":31,"spa":31,"spd":31,"spe":31},"level":100},{"name":"Celebi","species":"Celebi","item":"Leftovers","ability":"Natural Cure","moves":["Swords Dance","Hidden Power Rock","Baton Pass","Recover"],"nature":"Jolly","evs":{"hp":240,"atk":0,"def":44,"spa":0,"spd":4,"spe":220},"gender":"N","ivs":{"hp":31,"atk":31,"def":30,"spa":31,"spd":30,"spe":30},"happiness":255,"hpType":"Rock","pokeball":"","gigantamax":false,"dynamaxLevel":10,"teraType":"","level":100},{"name":"Magneton","species":"Magneton","item":"Leftovers","ability":"Magnet Pull","moves":["Thunderbolt","Hidden Power Fire","Thunder Wave","Toxic"],"nature":"Timid","evs":{"hp":144,"atk":0,"def":0,"spa":112,"spd":0,"spe":252},"gender":"N","ivs":{"hp":31,"atk":2,"def":31,"spa":30,"spd":31,"spe":30},"happiness":255,"hpType":"Fire","pokeball":"","gigantamax":false,"dynamaxLevel":10,"teraType":"","level":100},{"name":"Heracross","species":"Heracross","item":"Leftovers","ability":"Guts","moves":["Megahorn","Rock Slide","Hidden Power Ghost","Brick Break"],"nature":"Adamant","evs":{"hp":144,"atk":16,"def":0,"spa":0,"spd":184,"spe":164},"gender":"F","ivs":{"hp":31,"atk":31,"def":30,"spa":31,"spd":30,"spe":31},"happiness":255,"hpType":"Ghost","pokeball":"","gigantamax":false,"dynamaxLevel":10,"teraType":"","level":100},{"name":"Gyarados","species":"Gyarados","item":"Leftovers","ability":"Intimidate","moves":["Hidden Power Flying","Double-Edge","Earthquake","Dragon Dance"],"nature":"Jolly","evs":{"hp":0,"atk":252,"def":4,"spa":0,"spd":0,"spe":252},"gender":"M","ivs":{"hp":30,"atk":30,"def":30,"spa":30,"spd":30,"spe":31},"happiness":255,"hpType":"Flying","pokeball":"","gigantamax":false,"dynamaxLevel":10,"teraType":"","level":100}],"score":[0,4],"inputLog":[">version 372d05e49c92a79eecdf6c8dddb208bd1765c00f",">start {\"formatid\":\"gen3ou\",\"seed\":\"sodium,0795fa2a11b6398237dfb3f9b0355318\"}",">player p1 {\"name\":\"foultestchallenge1\",\"avatar\":\"169\",\"team\":\"Salamence||ChoiceBand|Intimidate|Earthquake,HiddenPowerFlying,BrickBreak,RockSlide|Adamant|120,252,,,,136|F|30,30,30,30,30,|||,Flying,,,,]Magneton||Magnet|MagnetPull|Thunderbolt,Toxic,HiddenPowerFire,Protect|Modest|4,,,252,,252|N|,2,,30,,30|||,Fire,,,,]Tyranitar||Leftovers|SandStream|Crunch,Pursuit,HiddenPowerGrass,FireBlast|Modest|240,,,188,48,32|F|,2,,30,,|||,Grass,,,,]Blissey||Leftovers|NaturalCure|SeismicToss,Wish,Protect,Toxic||4,,252,,252,|F|,0,,,,|||]Metagross||Leftovers|ClearBody|Agility,MeteorMash,Earthquake,Explosion|Adamant|168,252,,,,88|N||||]Swampert||Leftovers|Torrent|Surf,IceBeam,Protect,Toxic|Bold|252,,160,,96,|F|,0,,,,|||\",\"rating\":0}",">player p2 {\"name\":\"foultestacceptor1\",\"avatar\":\"102\",\"team\":\"Metagross||Leftovers|ClearBody|MeteorMash,Earthquake,Agility,Explosion|Adamant|152,252,,,,104|N||||]Milotic||Leftovers|MarvelScale|Hypnosis,Surf,IceBeam,Recover|Bold|248,,212,,,48|M|,0,,,,|||]Celebi||Leftovers|NaturalCure|SwordsDance,HiddenPowerRock,BatonPass,Recover|Jolly|240,,44,,4,220|N|,,30,,30,30|||,Rock,,,,]Magneton||Leftovers|MagnetPull|Thunderbolt,HiddenPowerFire,ThunderWave,Toxic|Timid|144,,,112,,252|N|,2,,30,,30|||,Fire,,,,]Heracross||Leftovers|Guts|Megahorn,RockSlide,HiddenPowerGhost,BrickBreak|Adamant|144,16,,,184,164|F|,,30,,30,|||,Ghost,,,,]Gyarados||Leftovers|Intimidate|HiddenPowerFlying,DoubleEdge,Earthquake,DragonDance|Jolly|,252,4,,,252|M|30,30,30,30,30,|||,Flying,,,,\",\"rating\":0}",">p1 move earthquake",">p2 move meteormash",">p1 move earthquake",">p2 switch 6",">p1 switch 6",">p2 move doubleedge",">p1 move toxic",">p2 move hiddenpower",">p1 move icebeam",">p2 switch 2",">p1 move protect",">p2 move hypnosis",">p1 switch 4",">p2 move hypnosis",">p1 switch 6",">p2 move hypnosis",">p1 switch 6",">p2 switch 6",">p1 move seismictoss",">p2 move meteormash",">p2 switch 5",">p1 switch 5",">p2 move megahorn",">p1 move explosion",">p2 switch 2",">p1 switch 4",">p2 switch 2",">p1 move protect",">p2 move brickbreak",">p1 move toxic",">p2 move megahorn",">p1 move surf",">p2 move megahorn",">p1 switch 3",">p1 switch 6",">p2 move megahorn",">p1 switch 5",">p1 move protect",">p2 move brickbreak",">p1 move protect",">p2 move megahorn",">p1 move protect",">p2 switch 6",">p1 move wish",">p2 move hypnosis",">p1 move seismictoss",">p2 move hypnosis",">p1 move toxic",">p2 move hypnosis",">p1 move toxic",">p2 move recover",">p1 move toxic",">p2 move surf",">p1 move wish",">p2 move hypnosis",">p1 move toxic",">p2 move surf",">p1 move wish",">p2 switch 3",">p1 move toxic",">p2 move swordsdance",">p1 move seismictoss",">p2 move hiddenpower",">p1 move wish",">p2 move batonpass",">p2 switch 4",">p1 move seismictoss",">p2 move thunderwave",">p1 switch 2",">p2 move thunderbolt",">p1 move hiddenpower",">p2 move hiddenpower",">p1 switch 6",">p1 move fireblast",">p2 move thunderwave",">p1 move fireblast",">p2 move thunderbolt",">p1 move fireblast",">p2 switch 3",">p1 switch 2",">p2 move surf",">p1 move seismictoss",">p2 switch 4",">p1 move seismictoss",">p2 move recover",">p1 move seismictoss",">p2 move recover",">p1 move seismictoss",">p2 move swordsdance",">p1 move seismictoss",">p2 move recover",">p1 move seismictoss",">p2 move hiddenpower",">p1 move wish",">p2 move recover",">p1 move seismictoss",">p2 move swordsdance",">p1 move seismictoss",">p2 move hiddenpower",">p1 move wish",">p2 move hiddenpower",">p1 switch 2",">p1 move hiddenpower",">p2 move hiddenpower",">p1 move hiddenpower",">p2 move hiddenpower",">p1 move fireblast",">p2 move hiddenpower"],"log":["|j|☆foultestchallenge1","|j|☆foultestacceptor1","|t:|1753069255","|gametype|singles","|player|p1|foultestchallenge1|169|","|player|p2|foultestacceptor1|102|","|teamsize|p1|6","|teamsize|p2|6","|gen|3","|tier|[Gen 3] OU","|rule|Sleep Clause Mod: Limit one foe put to sleep","|rule|Switch Priority Clause Mod: Faster Pokémon switch first","|rule|Species Clause: Limit one of each Pokémon","|rule|OHKO Clause: OHKO moves are banned","|rule|Evasion Items Clause: Evasion items are banned","|rule|Evasion Moves Clause: Evasion moves are banned","|rule|Endless Battle Clause: Forcing endless battles is banned","|rule|HP Percentage Mod: HP is shown in percentages","|rule|One Boost Passer Clause: Limit one Baton Passer that has a way to boost its stats","|rule|Freeze Clause Mod: Limit one foe frozen","|","|t:|1753069255","|start","|switch|p1a: Salamence|Salamence, F|360/360","|switch|p2a: Metagross|Metagross|339/339","|-ability|p1a: Salamence|Intimidate|boost","|-fail|p2a: Metagross|unboost|[from] ability: Clear Body|[of] p2a: Metagross","|turn|1","|inactive|Battle timer is ON: inactive players will automatically lose when time's up. (requested by foultestacceptor1)","|inactive|foultestchallenge1 also wants the timer to be on.","|","|t:|1753069264","|move|p1a: Salamence|Earthquake|p2a: Metagross","|-supereffective|p2a: Metagross","|-damage|p2a: Metagross|38/339","|move|p2a: Metagross|Meteor Mash|p1a: Salamence","|-damage|p1a: Salamence|131/360","|-boost|p2a: Metagross|atk|1","|","|-heal|p2a: Metagross|59/339|[from] item: Leftovers","|upkeep","|turn|2","||adding 10 for new turn","|","|t:|1753069272","|switch|p2a: Gyarados|Gyarados, M|330/330","|-ability|p2a: Gyarados|Intimidate|boost","|-unboost|p1a: Salamence|atk|1","|move|p1a: Salamence|Earthquake|p2a: Gyarados","|-immune|p2a: Gyarados","|","|upkeep","|turn|3","||adding 10 for new turn","|","|t:|1753069280","|switch|p1a: Swampert|Swampert, F|404/404","|move|p2a: Gyarados|Double-Edge|p1a: Swampert","|-damage|p1a: Swampert|280/404","|-damage|p2a: Gyarados|289/330|[from] Recoil|[of] p1a: Swampert","|","|-heal|p2a: Gyarados|309/330|[from] item: Leftovers","|-heal|p1a: Swampert|305/404|[from] item: Leftovers","|upkeep","|turn|4","||adding 10 for new turn","|","|t:|1753069288","|move|p2a: Gyarados|Hidden Power|p1a: Swampert","|-damage|p1a: Swampert|198/404","|move|p1a: Swampert|Toxic|p2a: Gyarados","|-status|p2a: Gyarados|tox","|","|-heal|p2a: Gyarados|329/330 tox|[from] item: Leftovers","|-damage|p2a: Gyarados|309/330 tox|[from] psn","|-heal|p1a: Swampert|223/404|[from] item: Leftovers","|upkeep","|turn|5","||adding 10 for new turn","|","|t:|1753069296","|switch|p2a: Milotic|Milotic, M|393/393","|move|p1a: Swampert|Ice Beam|p2a: Milotic","|-resisted|p2a: Milotic","|-damage|p2a: Milotic|366/393","|","|-heal|p2a: Milotic|390/393|[from] item: Leftovers","|-heal|p1a: Swampert|248/404|[from] item: Leftovers","|upkeep","|turn|6","||adding 10 for new turn","|","|t:|1753069304","|move|p1a: Swampert|Protect|p1a: Swampert","|-singleturn|p1a: Swampert|Protect","|move|p2a: Milotic|Hypnosis|p1a: Swampert","|-activate|p1a: Swampert|Protect","|","|-heal|p2a: Milotic|393/393|[from] item: Leftovers","|-heal|p1a: Swampert|273/404|[from] item: Leftovers","|upkeep","|turn|7","||adding 10 for new turn","|","|t:|1753069312","|switch|p1a: Blissey|Blissey, F|652/652","|move|p2a: Milotic|Hypnosis|p1a: Blissey","|-status|p1a: Blissey|slp|[from] move: Hypnosis","|","|upkeep","|turn|8","||adding 10 for new turn","|","|t:|1753069320","|-curestatus|p1a: Blissey|slp|[from] ability: Natural Cure","|switch|p1a: Salamence|Salamence, F|131/360","|-ability|p1a: Salamence|Intimidate|boost","|-unboost|p2a: Milotic|atk|1","|move|p2a: Milotic|Hypnosis|p1a: Salamence","|-status|p1a: Salamence|slp|[from] move: Hypnosis","|","|upkeep","|turn|9","||adding 10 for new turn","|","|t:|1753069328","|switch|p1a: Blissey|Blissey, F|652/652","|switch|p2a: Metagross|Metagross|59/339","|","|-heal|p2a: Metagross|80/339|[from] item: Leftovers","|upkeep","|turn|10","||adding 10 for new turn","|","|t:|1753069335","|move|p2a: Metagross|Meteor Mash|p1a: Blissey","|-damage|p1a: Blissey|240/652","|move|p1a: Blissey|Seismic Toss|p2a: Metagross","|-damage|p2a: Metagross|0 fnt","|faint|p2a: Metagross","||adding 5 to each for mid turn request","|","|t:|1753069344","|switch|p2a: Heracross|Heracross, F|337/337","|","|-heal|p1a: Blissey|280/652|[from] item: Leftovers","|upkeep","|turn|11","||adding 10 for new turn","|","|t:|1753069352","|switch|p1a: Metagross|Metagross|343/343","|move|p2a: Heracross|Megahorn|p1a: Metagross","|-damage|p1a: Metagross|188/343","|","|-heal|p1a: Metagross|209/343|[from] item: Leftovers","|upkeep","|turn|12","||adding 10 for new turn","|","|t:|1753069360","|switch|p2a: Gyarados|Gyarados, M|309/330 tox","|-ability|p2a: Gyarados|Intimidate|boost","|-fail|p1a: Metagross|unboost|[from] ability: Clear Body|[of] p1a: Metagross","|move|p1a: Metagross|Explosion|p2a: Gyarados","|-damage|p2a: Gyarados|0 fnt","|faint|p1a: Metagross","|faint|p2a: Gyarados","||adding 5 to each for mid turn request","|","|t:|1753069368","|switch|p2a: Heracross|Heracross, F|337/337","|switch|p1a: Swampert|Swampert, F|273/404","|","|-heal|p1a: Swampert|298/404|[from] item: Leftovers","|upkeep","|turn|13","||adding 10 for new turn","|","|t:|1753069376","|move|p1a: Swampert|Protect|p1a: Swampert","|-singleturn|p1a: Swampert|Protect","|move|p2a: Heracross|Brick Break|p1a: Swampert","|-activate|p1a: Swampert|Protect","|","|-heal|p1a: Swampert|323/404|[from] item: Leftovers","|upkeep","|turn|14","||adding 10 for new turn","|","|t:|1753069384","|move|p2a: Heracross|Megahorn|p1a: Swampert","|-damage|p1a: Swampert|169/404","|move|p1a: Swampert|Toxic|p2a: Heracross","|-status|p2a: Heracross|tox","|","|-damage|p2a: Heracross|316/337 tox|[from] psn","|-heal|p1a: Swampert|194/404|[from] item: Leftovers","|upkeep","|turn|15","||adding 10 for new turn","|","|t:|1753069392","|move|p2a: Heracross|Megahorn|p1a: Swampert","|-damage|p1a: Swampert|0 fnt","|faint|p1a: Swampert","||adding 5 to each for mid turn request","|","|t:|1753069399","|switch|p1a: Tyranitar|Tyranitar, F|401/401","|-weather|Sandstorm|[from] ability: Sand Stream|[of] p1a: Tyranitar","|","|-weather|Sandstorm|[upkeep]","|-damage|p2a: Heracross|295/337 tox|[from] Sandstorm","|-heal|p2a: Heracross|316/337 tox|[from] item: Leftovers","|-damage|p2a: Heracross|274/337 tox|[from] psn","|upkeep","|turn|16","||adding 10 for new turn","|","|t:|1753069407","|switch|p1a: Salamence|Salamence, F|131/360 slp","|-ability|p1a: Salamence|Intimidate|boost","|-unboost|p2a: Heracross|atk|1","|move|p2a: Heracross|Megahorn|p1a: Salamence","|-resisted|p1a: Salamence","|-damage|p1a: Salamence|10/360 slp","|","|-weather|Sandstorm|[upkeep]","|-damage|p1a: Salamence|0 fnt|[from] Sandstorm","|-damage|p2a: Heracross|253/337 tox|[from] Sandstorm","|faint|p1a: Salamence","|-heal|p2a: Heracross|274/337 tox|[from] item: Leftovers","|-damage|p2a: Heracross|211/337 tox|[from] psn","|upkeep","||adding 5 to each for mid turn request","|","|t:|1753069415","|switch|p1a: Blissey|Blissey, F|280/652","|turn|17","||adding 10 for new turn","|","|t:|1753069422","|move|p1a: Blissey|Protect|p1a: Blissey","|-singleturn|p1a: Blissey|Protect","|move|p2a: Heracross|Brick Break|p1a: Blissey","|-activate|p1a: Blissey|Protect","|","|-weather|Sandstorm|[upkeep]","|-damage|p2a: Heracross|190/337 tox|[from] Sandstorm","|-damage|p1a: Blissey|240/652|[from] Sandstorm","|-heal|p2a: Heracross|211/337 tox|[from] item: Leftovers","|-damage|p2a: Heracross|127/337 tox|[from] psn","|-heal|p1a: Blissey|280/652|[from] item: Leftovers","|upkeep","|turn|18","||adding 10 for new turn","|","|t:|1753069430","|move|p1a: Blissey|Protect||[still]","|-fail|p1a: Blissey","|move|p2a: Heracross|Megahorn|p1a: Blissey|[miss]","|-miss|p2a: Heracross|p1a: Blissey","|","|-weather|Sandstorm|[upkeep]","|-damage|p2a: Heracross|106/337 tox|[from] Sandstorm","|-damage|p1a: Blissey|240/652|[from] Sandstorm","|-heal|p2a: Heracross|127/337 tox|[from] item: Leftovers","|-damage|p2a: Heracross|22/337 tox|[from] psn","|-heal|p1a: Blissey|280/652|[from] item: Leftovers","|upkeep","|turn|19","||adding 10 for new turn","|","|t:|1753069438","|switch|p2a: Milotic|Milotic, M|393/393","|move|p1a: Blissey|Protect||[still]","|-fail|p1a: Blissey","|","|-weather|Sandstorm|[upkeep]","|-damage|p2a: Milotic|369/393|[from] Sandstorm","|-damage|p1a: Blissey|240/652|[from] Sandstorm","|-heal|p2a: Milotic|393/393|[from] item: Leftovers","|-heal|p1a: Blissey|280/652|[from] item: Leftovers","|upkeep","|turn|20","||adding 10 for new turn","|","|t:|1753069446","|move|p2a: Milotic|Hypnosis|p1a: Blissey|[miss]","|-miss|p2a: Milotic|p1a: Blissey","|move|p1a: Blissey|Wish|p1a: Blissey","|","|-weather|Sandstorm|[upkeep]","|-damage|p2a: Milotic|369/393|[from] Sandstorm","|-damage|p1a: Blissey|240/652|[from] Sandstorm","|-heal|p2a: Milotic|393/393|[from] item: Leftovers","|-heal|p1a: Blissey|280/652|[from] item: Leftovers","|upkeep","|turn|21","||adding 10 for new turn","|","|t:|1753069453","|move|p2a: Milotic|Hypnosis|p1a: Blissey|[miss]","|-miss|p2a: Milotic|p1a: Blissey","|move|p1a: Blissey|Seismic Toss|p2a: Milotic","|-damage|p2a: Milotic|293/393","|","|-heal|p1a: Blissey|606/652|[from] move: Wish|[wisher] Blissey","|-weather|Sandstorm|[upkeep]","|-damage|p2a: Milotic|269/393|[from] Sandstorm","|-damage|p1a: Blissey|566/652|[from] Sandstorm","|-heal|p2a: Milotic|293/393|[from] item: Leftovers","|-heal|p1a: Blissey|606/652|[from] item: Leftovers","|upkeep","|turn|22","||adding 10 for new turn","|","|t:|1753069461","|move|p2a: Milotic|Hypnosis|p1a: Blissey","|-status|p1a: Blissey|slp|[from] move: Hypnosis","|cant|p1a: Blissey|slp","|","|-weather|Sandstorm|[upkeep]","|-damage|p2a: Milotic|269/393|[from] Sandstorm","|-damage|p1a: Blissey|566/652 slp|[from] Sandstorm","|-heal|p2a: Milotic|293/393|[from] item: Leftovers","|-heal|p1a: Blissey|606/652 slp|[from] item: Leftovers","|upkeep","|turn|23","||adding 10 for new turn","|","|t:|1753069469","|move|p2a: Milotic|Recover|p2a: Milotic","|-heal|p2a: Milotic|393/393","|cant|p1a: Blissey|slp","|","|-weather|Sandstorm|[upkeep]","|-damage|p2a: Milotic|369/393|[from] Sandstorm","|-damage|p1a: Blissey|566/652 slp|[from] Sandstorm","|-heal|p2a: Milotic|393/393|[from] item: Leftovers","|-heal|p1a: Blissey|606/652 slp|[from] item: Leftovers","|upkeep","|turn|24","||adding 10 for new turn","|","|t:|1753069476","|move|p2a: Milotic|Surf|p1a: Blissey","|-damage|p1a: Blissey|532/652 slp","|-curestatus|p1a: Blissey|slp|[msg]","|move|p1a: Blissey|Toxic|p2a: Milotic|[miss]","|-miss|p1a: Blissey|p2a: Milotic","|","|-weather|Sandstorm|[upkeep]","|-damage|p2a: Milotic|369/393|[from] Sandstorm","|-damage|p1a: Blissey|492/652|[from] Sandstorm","|-heal|p2a: Milotic|393/393|[from] item: Leftovers","|-heal|p1a: Blissey|532/652|[from] item: Leftovers","|upkeep","|turn|25","||adding 10 for new turn","|","|t:|1753069481","|move|p2a: Milotic|Hypnosis|p1a: Blissey","|-status|p1a: Blissey|slp|[from] move: Hypnosis","|cant|p1a: Blissey|slp","|","|-weather|Sandstorm|[upkeep]","|-damage|p2a: Milotic|369/393|[from] Sandstorm","|-damage|p1a: Blissey|492/652 slp|[from] Sandstorm","|-heal|p2a: Milotic|393/393|[from] item: Leftovers","|-heal|p1a: Blissey|532/652 slp|[from] item: Leftovers","|upkeep","|turn|26","||adding 10 for new turn","|","|t:|1753069485","|move|p2a: Milotic|Surf|p1a: Blissey","|-damage|p1a: Blissey|459/652 slp","|-curestatus|p1a: Blissey|slp|[msg]","|move|p1a: Blissey|Toxic|p2a: Milotic","|-status|p2a: Milotic|tox","|","|-weather|Sandstorm|[upkeep]","|-damage|p2a: Milotic|369/393 tox|[from] Sandstorm","|-damage|p1a: Blissey|419/652|[from] Sandstorm","|-heal|p2a: Milotic|393/393 tox|[from] item: Leftovers","|-damage|p2a: Milotic|369/393 tox|[from] psn","|-heal|p1a: Blissey|459/652|[from] item: Leftovers","|upkeep","|turn|27","||adding 10 for new turn","|","|t:|1753069489","|switch|p2a: Celebi|Celebi|401/401","|move|p1a: Blissey|Wish|p1a: Blissey","|","|-weather|Sandstorm|[upkeep]","|-damage|p2a: Celebi|376/401|[from] Sandstorm","|-damage|p1a: Blissey|419/652|[from] Sandstorm","|-heal|p2a: Celebi|401/401|[from] item: Leftovers","|-heal|p1a: Blissey|459/652|[from] item: Leftovers","|upkeep","|turn|28","||adding 10 for new turn","|","|t:|1753069497","|move|p2a: Celebi|Swords Dance|p2a: Celebi","|-boost|p2a: Celebi|atk|2","|move|p1a: Blissey|Toxic|p2a: Celebi","|-status|p2a: Celebi|tox","|","|-heal|p1a: Blissey|652/652|[from] move: Wish|[wisher] Blissey","|-weather|Sandstorm|[upkeep]","|-damage|p2a: Celebi|376/401 tox|[from] Sandstorm","|-damage|p1a: Blissey|612/652|[from] Sandstorm","|-heal|p2a: Celebi|401/401 tox|[from] item: Leftovers","|-damage|p2a: Celebi|376/401 tox|[from] psn","|-heal|p1a: Blissey|652/652|[from] item: Leftovers","|upkeep","|turn|29","||adding 10 for new turn","|","|t:|1753069505","|move|p2a: Celebi|Hidden Power|p1a: Blissey","|-damage|p1a: Blissey|439/652","|move|p1a: Blissey|Seismic Toss|p2a: Celebi","|-damage|p2a: Celebi|276/401 tox","|","|-weather|Sandstorm|[upkeep]","|-damage|p2a: Celebi|251/401 tox|[from] Sandstorm","|-damage|p1a: Blissey|399/652|[from] Sandstorm","|-heal|p2a: Celebi|276/401 tox|[from] item: Leftovers","|-damage|p2a: Celebi|226/401 tox|[from] psn","|-heal|p1a: Blissey|439/652|[from] item: Leftovers","|upkeep","|turn|30","||adding 10 for new turn","|","|t:|1753069513","|move|p2a: Celebi|Baton Pass|p2a: Celebi","||adding 5 to each for mid turn request","|","|t:|1753069517","|-curestatus|p2a: Celebi|tox|[from] ability: Natural Cure","|switch|p2a: Magneton|Magneton|277/277|[from] Baton Pass","|move|p1a: Blissey|Wish|p1a: Blissey","|","|-weather|Sandstorm|[upkeep]","|-damage|p1a: Blissey|399/652|[from] Sandstorm","|-heal|p1a: Blissey|439/652|[from] item: Leftovers","|upkeep","|turn|31","||adding 10 for new turn","|","|t:|1753069525","|move|p2a: Magneton|Thunder Wave|p1a: Blissey","|-status|p1a: Blissey|par","|move|p1a: Blissey|Seismic Toss|p2a: Magneton","|-damage|p2a: Magneton|177/277","|","|-heal|p1a: Blissey|652/652 par|[from] move: Wish|[wisher] Blissey","|-weather|Sandstorm|[upkeep]","|-damage|p1a: Blissey|612/652 par|[from] Sandstorm","|-heal|p2a: Magneton|194/277|[from] item: Leftovers","|-heal|p1a: Blissey|652/652 par|[from] item: Leftovers","|upkeep","|turn|32","||adding 10 for new turn","|","|t:|1753069533","|-curestatus|p1a: Blissey|par|[from] ability: Natural Cure","|switch|p1a: Magneton|Magneton|242/242","|move|p2a: Magneton|Thunderbolt|p1a: Magneton","|-resisted|p1a: Magneton","|-damage|p1a: Magneton|144/242","|","|-weather|Sandstorm|[upkeep]","|-heal|p2a: Magneton|211/277|[from] item: Leftovers","|upkeep","|turn|33","||adding 10 for new turn","|","|t:|1753069541","|move|p2a: Magneton|Hidden Power|p1a: Magneton","|-supereffective|p1a: Magneton","|-damage|p1a: Magneton|0 fnt","|faint|p1a: Magneton","||adding 5 to each for mid turn request","|","|t:|1753069545","|switch|p1a: Tyranitar|Tyranitar, F|401/401","|","|-weather|Sandstorm|[upkeep]","|-heal|p2a: Magneton|228/277|[from] item: Leftovers","|upkeep","|turn|34","||adding 10 for new turn","|","|t:|1753069553","|move|p2a: Magneton|Thunder Wave|p1a: Tyranitar","|-status|p1a: Tyranitar|par","|cant|p1a: Tyranitar|par","|","|-weather|Sandstorm|[upkeep]","|-heal|p2a: Magneton|245/277|[from] item: Leftovers","|upkeep","|turn|35","||adding 10 for new turn","|","|t:|1753069561","|move|p2a: Magneton|Thunderbolt|p1a: Tyranitar","|-damage|p1a: Tyranitar|264/401 par","|cant|p1a: Tyranitar|par","|","|-weather|Sandstorm|[upkeep]","|-heal|p2a: Magneton|262/277|[from] item: Leftovers","|-heal|p1a: Tyranitar|289/401 par|[from] item: Leftovers","|upkeep","|turn|36","||adding 10 for new turn","|","|t:|1753069569","|switch|p2a: Milotic|Milotic, M|369/393 tox","|cant|p1a: Tyranitar|par","|","|-weather|Sandstorm|[upkeep]","|-damage|p2a: Milotic|345/393 tox|[from] Sandstorm","|-heal|p2a: Milotic|369/393 tox|[from] item: Leftovers","|-damage|p2a: Milotic|345/393 tox|[from] psn","|-heal|p1a: Tyranitar|314/401 par|[from] item: Leftovers","|upkeep","|turn|37","||adding 10 for new turn","|","|t:|1753069576","|switch|p1a: Blissey|Blissey, F|652/652","|move|p2a: Milotic|Surf|p1a: Blissey","|-damage|p1a: Blissey|579/652","|","|-weather|Sandstorm|[upkeep]","|-damage|p2a: Milotic|321/393 tox|[from] Sandstorm","|-damage|p1a: Blissey|539/652|[from] Sandstorm","|-heal|p2a: Milotic|345/393 tox|[from] item: Leftovers","|-damage|p2a: Milotic|297/393 tox|[from] psn","|-heal|p1a: Blissey|579/652|[from] item: Leftovers","|upkeep","|turn|38","||adding 10 for new turn","|","|t:|1753069581","|switch|p2a: Celebi|Celebi|226/401","|move|p1a: Blissey|Seismic Toss|p2a: Celebi","|-damage|p2a: Celebi|126/401","|","|-weather|Sandstorm|[upkeep]","|-damage|p2a: Celebi|101/401|[from] Sandstorm","|-damage|p1a: Blissey|539/652|[from] Sandstorm","|-heal|p2a: Celebi|126/401|[from] item: Leftovers","|-heal|p1a: Blissey|579/652|[from] item: Leftovers","|upkeep","|turn|39","||adding 10 for new turn","|","|t:|1753069586","|move|p2a: Celebi|Recover|p2a: Celebi","|-heal|p2a: Celebi|326/401","|move|p1a: Blissey|Seismic Toss|p2a: Celebi","|-damage|p2a: Celebi|226/401","|","|-weather|Sandstorm|[upkeep]","|-damage|p2a: Celebi|201/401|[from] Sandstorm","|-damage|p1a: Blissey|539/652|[from] Sandstorm","|-heal|p2a: Celebi|226/401|[from] item: Leftovers","|-heal|p1a: Blissey|579/652|[from] item: Leftovers","|upkeep","|turn|40","||adding 10 for new turn","|","|t:|1753069590","|move|p2a: Celebi|Recover|p2a: Celebi","|-heal|p2a: Celebi|401/401","|move|p1a: Blissey|Seismic Toss|p2a: Celebi","|-damage|p2a: Celebi|301/401","|","|-weather|Sandstorm|[upkeep]","|-damage|p2a: Celebi|276/401|[from] Sandstorm","|-damage|p1a: Blissey|539/652|[from] Sandstorm","|-heal|p2a: Celebi|301/401|[from] item: Leftovers","|-heal|p1a: Blissey|579/652|[from] item: Leftovers","|upkeep","|turn|41","||adding 10 for new turn","|","|t:|1753069595","|move|p2a: Celebi|Swords Dance|p2a: Celebi","|-boost|p2a: Celebi|atk|2","|move|p1a: Blissey|Seismic Toss|p2a: Celebi","|-damage|p2a: Celebi|201/401","|","|-weather|Sandstorm|[upkeep]","|-damage|p2a: Celebi|176/401|[from] Sandstorm","|-damage|p1a: Blissey|539/652|[from] Sandstorm","|-heal|p2a: Celebi|201/401|[from] item: Leftovers","|-heal|p1a: Blissey|579/652|[from] item: Leftovers","|upkeep","|turn|42","||adding 10 for new turn","|","|t:|1753069599","|move|p2a: Celebi|Recover|p2a: Celebi","|-heal|p2a: Celebi|401/401","|move|p1a: Blissey|Seismic Toss|p2a: Celebi","|-damage|p2a: Celebi|301/401","|","|-weather|Sandstorm|[upkeep]","|-damage|p2a: Celebi|276/401|[from] Sandstorm","|-damage|p1a: Blissey|539/652|[from] Sandstorm","|-heal|p2a: Celebi|301/401|[from] item: Leftovers","|-heal|p1a: Blissey|579/652|[from] item: Leftovers","|upkeep","|turn|43","||adding 10 for new turn","|","|t:|1753069603","|move|p2a: Celebi|Hidden Power|p1a: Blissey","|-damage|p1a: Blissey|354/652","|move|p1a: Blissey|Seismic Toss|p2a: Celebi","|-damage|p2a: Celebi|201/401","|","|-weather|Sandstorm|[upkeep]","|-damage|p2a: Celebi|176/401|[from] Sandstorm","|-damage|p1a: Blissey|314/652|[from] Sandstorm","|-heal|p2a: Celebi|201/401|[from] item: Leftovers","|-heal|p1a: Blissey|354/652|[from] item: Leftovers","|upkeep","|turn|44","||adding 10 for new turn","|","|t:|1753069608","|move|p2a: Celebi|Recover|p2a: Celebi","|-heal|p2a: Celebi|401/401","|move|p1a: Blissey|Wish|p1a: Blissey","|","|-weather|Sandstorm|[upkeep]","|-damage|p2a: Celebi|376/401|[from] Sandstorm","|-damage|p1a: Blissey|314/652|[from] Sandstorm","|-heal|p2a: Celebi|401/401|[from] item: Leftovers","|-heal|p1a: Blissey|354/652|[from] item: Leftovers","|upkeep","|turn|45","||adding 10 for new turn","|","|t:|1753069612","|move|p2a: Celebi|Swords Dance|p2a: Celebi","|-boost|p2a: Celebi|atk|2","|move|p1a: Blissey|Seismic Toss|p2a: Celebi","|-damage|p2a: Celebi|301/401","|","|-heal|p1a: Blissey|652/652|[from] move: Wish|[wisher] Blissey","|-weather|Sandstorm|[upkeep]","|-damage|p2a: Celebi|276/401|[from] Sandstorm","|-damage|p1a: Blissey|612/652|[from] Sandstorm","|-heal|p2a: Celebi|301/401|[from] item: Leftovers","|-heal|p1a: Blissey|652/652|[from] item: Leftovers","|upkeep","|turn|46","||adding 10 for new turn","|","|t:|1753069617","|move|p2a: Celebi|Hidden Power|p1a: Blissey","|-damage|p1a: Blissey|312/652","|move|p1a: Blissey|Seismic Toss|p2a: Celebi","|-damage|p2a: Celebi|201/401","|","|-weather|Sandstorm|[upkeep]","|-damage|p2a: Celebi|176/401|[from] Sandstorm","|-damage|p1a: Blissey|272/652|[from] Sandstorm","|-heal|p2a: Celebi|201/401|[from] item: Leftovers","|-heal|p1a: Blissey|312/652|[from] item: Leftovers","|upkeep","|turn|47","||adding 10 for new turn","|","|t:|1753069621","|move|p2a: Celebi|Hidden Power|p1a: Blissey","|-damage|p1a: Blissey|0 fnt","|faint|p1a: Blissey","||adding 5 to each for mid turn request","|","|t:|1753069624","|switch|p1a: Tyranitar|Tyranitar, F|314/401 par","|","|-weather|Sandstorm|[upkeep]","|-damage|p2a: Celebi|176/401|[from] Sandstorm","|-heal|p2a: Celebi|201/401|[from] item: Leftovers","|-heal|p1a: Tyranitar|339/401 par|[from] item: Leftovers","|upkeep","|turn|48","||adding 10 for new turn","|","|t:|1753069631","|move|p2a: Celebi|Hidden Power|p1a: Tyranitar","|-damage|p1a: Tyranitar|187/401 par","|move|p1a: Tyranitar|Hidden Power|p2a: Celebi","|-resisted|p2a: Celebi","|-damage|p2a: Celebi|168/401","|","|-weather|Sandstorm|[upkeep]","|-damage|p2a: Celebi|143/401|[from] Sandstorm","|-heal|p2a: Celebi|168/401|[from] item: Leftovers","|-heal|p1a: Tyranitar|212/401 par|[from] item: Leftovers","|upkeep","|turn|49","||adding 10 for new turn","|","|t:|1753069638","|move|p2a: Celebi|Hidden Power|p1a: Tyranitar","|-damage|p1a: Tyranitar|55/401 par","|cant|p1a: Tyranitar|par","|","|-weather|Sandstorm|[upkeep]","|-damage|p2a: Celebi|143/401|[from] Sandstorm","|-heal|p2a: Celebi|168/401|[from] item: Leftovers","|-heal|p1a: Tyranitar|80/401 par|[from] item: Leftovers","|upkeep","|turn|50","||adding 10 for new turn","|","|t:|1753069643","|move|p2a: Celebi|Hidden Power|p1a: Tyranitar","|-damage|p1a: Tyranitar|0 fnt","|faint|p1a: Tyranitar","|","|win|foultestacceptor1",""],"p1rating":null,"p2rating":null,"endType":"normal","ladderError":true,"timestamp":"Sun Jul 20 2025 20:47:23 GMT-0700 (アメリカ太平洋夏時間)","roomid":"battle-gen3ou-1109","format":"gen3ou"}