{"winner":"foultestacceptor1","seed":"sodium,eca1c9119dba7d231b9abcdb540ace4b","turns":41,"p1":"foultestchallenge1","p2":"foultestacceptor1","p1team":[{"name":"Skarmory","species":"Skarmory","item":"Leftovers","ability":"Keen Eye","moves":["Spikes","Protect","Roar","Toxic"],"nature":"Careful","evs":{"hp":252,"atk":0,"def":8,"spa":0,"spd":248,"spe":0},"gender":"F","ivs":{"hp":31,"atk":0,"def":31,"spa":31,"spd":31,"spe":31},"level":100},{"name":"Blissey","species":"Blissey","item":"Leftovers","ability":"Natural Cure","moves":["Soft-Boiled","Ice Beam","Toxic","Fire Blast"],"nature":"Modest","evs":{"hp":0,"atk":0,"def":252,"spa":252,"spd":0,"spe":4},"gender":"F","ivs":{"hp":31,"atk":0,"def":31,"spa":31,"spd":31,"spe":31},"shiny":true,"level":100},{"name":"Tyranitar","species":"Tyranitar","item":"Leftovers","ability":"Sand Stream","moves":["Focus Punch","Rock Slide","Hidden Power Bug","Earthquake"],"nature":"Adamant","evs":{"hp":248,"atk":196,"def":12,"spa":0,"spd":52,"spe":0},"gender":"F","ivs":{"hp":31,"atk":30,"def":30,"spa":31,"spd":30,"spe":31},"happiness":255,"hpType":"Bug","pokeball":"","gigantamax":false,"dynamaxLevel":10,"teraType":"","level":100},{"name":"Swampert","species":"Swampert","item":"Leftovers","ability":"Torrent","moves":["Earthquake","Ice Beam","Hydro Pump","Protect"],"nature":"Relaxed","evs":{"hp":240,"atk":0,"def":136,"spa":40,"spd":48,"spe":44},"gender":"F","level":100,"ivs":{"hp":31,"atk":31,"def":31,"spa":31,"spd":31,"spe":31}},{"name":"Gengar","species":"Gengar","item":"Leftovers","ability":"Levitate","moves":["Will-O-Wisp","Thunderbolt","Ice Punch","Explosion"],"nature":"Timid","evs":{"hp":168,"atk":0,"def":0,"spa":0,"spd":164,"spe":176},"gender":"F","level":100,"ivs":{"hp":31,"atk":31,"def":31,"spa":31,"spd":31,"spe":31}},{"name":"Starmie","species":"Starmie","item":"Leftovers","ability":"Natural Cure","moves":["Hydro Pump","Ice Beam","Thunderbolt","Rapid Spin"],"nature":"Timid","evs":{"hp":4,"atk":0,"def":0,"spa":252,"spd":0,"spe":252},"gender":"N","ivs":{"hp":31,"atk":0,"def":31,"spa":31,"spd":31,"spe":31},"level":100}],"p2team":[{"name":"Metagross","species":"Metagross","item":"Leftovers","ability":"Clear Body","moves":["Meteor Mash","Earthquake","Agility","Explosion"],"nature":"Adamant","evs":{"hp":152,"atk":252,"def":0,"spa":0,"spd":0,"spe":104},"gender":"N","level":100,"ivs":{"hp":31,"atk":31,"def":31,"spa":31,"spd":31,"spe":31}},{"name":"Milotic","species":"Milotic","item":"Leftovers","ability":"Marvel Scale","moves":["Hypnosis","Surf","Ice Beam","Recover"],"nature":"Bold","evs":{"hp":248,"atk":0,"def":212,"spa":0,"spd":0,"spe":48},"gender":"F","ivs":{"hp":31,"atk":0,"def":31,"spa":31,"spd":31,"spe":31},"level":100},{"name":"Celebi","species":"Celebi","item":"Leftovers","ability":"Natural Cure","moves":["Swords Dance","Hidden Power Rock","Baton Pass","Recover"],"nature":"Jolly","evs":{"hp":240,"atk":0,"def":44,"spa":0,"spd":4,"spe":220},"gender":"N","ivs":{"hp":31,"atk":31,"def":30,"spa":31,"spd":30,"spe":30},"happiness":255,"hpType":"Rock","pokeball":"","gigantamax":false,"dynamaxLevel":10,"teraType":"","level":100},{"name":"Magneton","species":"Magneton","item":"Leftovers","ability":"Magnet Pull","moves":["Thunderbolt","Hidden Power Fire","Thunder Wave","Toxic"],"nature":"Timid","evs":{"hp":144,"atk":0,"def":0,"spa":112,"spd":0,"spe":252},"gender":"N","ivs":{"hp":31,"atk":2,"def":31,"spa":30,"spd":31,"spe":30},"happiness":255,"hpType":"Fire","pokeball":"","gigantamax":false,"dynamaxLevel":10,"teraType":"","level":100},{"name":"Heracross","species":"Heracross","item":"Leftovers","ability":"Guts","moves":["Megahorn","Rock Slide","Hidden Power Ghost","Brick Break"],"nature":"Adamant","evs":{"hp":144,"atk":16,"def":0,"spa":0,"spd":184,"spe":164},"gender":"M","ivs":{"hp":31,"atk":31,"def":30,"spa":31,"spd":30,"spe":31},"happiness":255,"hpType":"Ghost","pokeball":"","gigantamax":false,"dynamaxLevel":10,"teraType":"","level":100},{"name":"Gyarados","species":"Gyarados","item":"Leftovers","ability":"Intimidate","moves":["Hidden Power Flying","Double-Edge","Earthquake","Dragon Dance"],"nature":"Jolly","evs":{"hp":0,"atk":252,"def":4,"spa":0,"spd":0,"spe":252},"gender":"F","ivs":{"hp":30,"atk":30,"def":30,"spa":30,"spd":30,"spe":31},"happiness":255,"hpType":"Flying","pokeball":"","gigantamax":false,"dynamaxLevel":10,"teraType":"","level":100}],"score":[0,4],"inputLog":[">version 372d05e49c92a79eecdf6c8dddb208bd1765c00f",">start {\"formatid\":\"gen3ou\",\"seed\":\"sodium,eca1c9119dba7d231b9abcdb540ace4b\"}",">player p1 {\"name\":\"foultestchallenge1\",\"avatar\":\"169\",\"team\":\"Skarmory||Leftovers|KeenEye|Spikes,Protect,Roar,Toxic|Careful|252,,8,,248,|F|,0,,,,|||]Blissey||Leftovers|NaturalCure|SoftBoiled,IceBeam,Toxic,FireBlast|Modest|,,252,252,,4|F|,0,,,,|S||]Tyranitar||Leftovers|SandStream|FocusPunch,RockSlide,HiddenPowerBug,Earthquake|Adamant|248,196,12,,52,|F|,30,30,,30,|||,Bug,,,,]Swampert||Leftovers|Torrent|Earthquake,IceBeam,HydroPump,Protect|Relaxed|240,,136,40,48,44|F||||]Gengar||Leftovers|Levitate|WillOWisp,Thunderbolt,IcePunch,Explosion|Timid|168,,,,164,176|F||||]Starmie||Leftovers|NaturalCure|HydroPump,IceBeam,Thunderbolt,RapidSpin|Timid|4,,,252,,252|N|,0,,,,|||\",\"rating\":0}",">player p2 {\"name\":\"foultestacceptor1\",\"avatar\":\"102\",\"team\":\"Metagross||Leftovers|ClearBody|MeteorMash,Earthquake,Agility,Explosion|Adamant|152,252,,,,104|N||||]Milotic||Leftovers|MarvelScale|Hypnosis,Surf,IceBeam,Recover|Bold|248,,212,,,48|F|,0,,,,|||]Celebi||Leftovers|NaturalCure|SwordsDance,HiddenPowerRock,BatonPass,Recover|Jolly|240,,44,,4,220|N|,,30,,30,30|||,Rock,,,,]Magneton||Leftovers|MagnetPull|Thunderbolt,HiddenPowerFire,ThunderWave,Toxic|Timid|144,,,112,,252|N|,2,,30,,30|||,Fire,,,,]Heracross||Leftovers|Guts|Megahorn,RockSlide,HiddenPowerGhost,BrickBreak|Adamant|144,16,,,184,164|M|,,30,,30,|||,Ghost,,,,]Gyarados||Leftovers|Intimidate|HiddenPowerFlying,DoubleEdge,Earthquake,DragonDance|Jolly|,252,4,,,252|F|30,30,30,30,30,|||,Flying,,,,\",\"rating\":0}",">p1 move spikes",">p2 switch 4",">p1 move spikes",">p2 move thunderbolt",">p1 move spikes",">p2 move thunderbolt",">p1 switch 3",">p1 move earthquake",">p2 switch 6",">p1 move rockslide",">p2 switch 4",">p1 switch 4",">p2 move meteormash",">p1 move earthquake",">p2 switch 4",">p1 switch 5",">p2 move earthquake",">p1 move willowisp",">p2 switch 5",">p1 move thunderbolt",">p2 move megahorn",">p1 move thunderbolt",">p2 move hiddenpower",">p1 switch 4",">p1 move rockslide",">p2 move brickbreak",">p2 switch 2",">p1 switch 6",">p2 move surf",">p1 move thunderbolt",">p2 move recover",">p1 move thunderbolt",">p2 move recover",">p1 move thunderbolt",">p2 move surf",">p1 move thunderbolt",">p2 move recover",">p1 move thunderbolt",">p2 move recover",">p1 move thunderbolt",">p2 move recover",">p1 move thunderbolt",">p2 move recover",">p1 move thunderbolt",">p2 move surf",">p1 move thunderbolt",">p2 move recover",">p1 switch 2",">p2 move recover",">p1 move toxic",">p2 move hypnosis",">p1 move toxic",">p2 move surf",">p1 move icebeam",">p2 move surf",">p1 move softboiled",">p2 move hypnosis",">p1 move softboiled",">p2 move surf",">p1 move softboiled",">p2 move surf",">p1 move softboiled",">p2 switch 4",">p1 switch 5",">p2 move earthquake",">p1 move earthquake",">p2 move earthquake",">p1 move protect",">p2 move earthquake",">p1 move earthquake",">p2 move earthquake",">p2 switch 5",">p1 switch 6",">p2 move dragondance",">p1 move rockslide",">p2 move earthquake",">p1 move rockslide",">p2 move earthquake",">p1 switch 6",">p1 move protect",">p2 move earthquake",">p1 move protect",">p2 move earthquake",">p1 switch 5",">p1 move fireblast",">p2 move doubleedge",">p1 switch 2",">p1 move icebeam",">p2 move hiddenpower"],"log":["|j|☆foultestchallenge1","|j|☆foultestacceptor1","|t:|1753069886","|gametype|singles","|player|p1|foultestchallenge1|169|","|player|p2|foultestacceptor1|102|","|teamsize|p1|6","|teamsize|p2|6","|gen|3","|tier|[Gen 3] OU","|rule|Sleep Clause Mod: Limit one foe put to sleep","|rule|Switch Priority Clause Mod: Faster Pokémon switch first","|rule|Species Clause: Limit one of each Pokémon","|rule|OHKO Clause: OHKO moves are banned","|rule|Evasion Items Clause: Evasion items are banned","|rule|Evasion Moves Clause: Evasion moves are banned","|rule|Endless Battle Clause: Forcing endless battles is banned","|rule|HP Percentage Mod: HP is shown in percentages","|rule|One Boost Passer Clause: Limit one Baton Passer that has a way to boost its stats","|rule|Freeze Clause Mod: Limit one foe frozen","|","|t:|1753069886","|start","|switch|p1a: Skarmory|Skarmory, F|334/334","|switch|p2a: Metagross|Metagross|339/339","|turn|1","|inactive|Battle timer is ON: inactive players will automatically lose when time's up. (requested by foultestacceptor1)","|inactive|foultestchallenge1 also wants the timer to be on.","|","|t:|1753069894","|switch|p2a: Magneton|Magneton|277/277","|move|p1a: Skarmory|Spikes|p2a: Magneton","|-sidestart|p2: foultestacceptor1|Spikes","|","|upkeep","|turn|2","||adding 10 for new turn","|","|t:|1753069902","|move|p2a: Magneton|Thunderbolt|p1a: Skarmory","|-supereffective|p1a: Skarmory","|-damage|p1a: Skarmory|81/334","|move|p1a: Skarmory|Spikes|p2a: Magneton","|-sidestart|p2: foultestacceptor1|Spikes","|","|-heal|p1a: Skarmory|101/334|[from] item: Leftovers","|upkeep","|turn|3","||adding 10 for new turn","|","|t:|1753069910","|move|p2a: Magneton|Thunderbolt|p1a: Skarmory","|-supereffective|p1a: Skarmory","|-damage|p1a: Skarmory|0 fnt","|faint|p1a: Skarmory","||adding 5 to each for mid turn request","|","|t:|1753069918","|switch|p1a: Tyranitar|Tyranitar, F|403/403","|-weather|Sandstorm|[from] ability: Sand Stream|[of] p1a: Tyranitar","|","|-weather|Sandstorm|[upkeep]","|upkeep","|turn|4","||adding 10 for new turn","|","|t:|1753069926","|switch|p2a: Gyarados|Gyarados, F|330/330","|-ability|p2a: Gyarados|Intimidate|boost","|-unboost|p1a: Tyranitar|atk|1","|move|p1a: Tyranitar|Earthquake|p2a: Gyarados","|-immune|p2a: Gyarados","|","|-weather|Sandstorm|[upkeep]","|-damage|p2a: Gyarados|310/330|[from] Sandstorm","|-heal|p2a: Gyarados|330/330|[from] item: Leftovers","|upkeep","|turn|5","||adding 10 for new turn","|","|t:|1753069934","|switch|p2a: Metagross|Metagross|339/339","|-damage|p2a: Metagross|283/339|[from] Spikes","|move|p1a: Tyranitar|Rock Slide|p2a: Metagross","|-resisted|p2a: Metagross","|-damage|p2a: Metagross|247/339","|","|-weather|Sandstorm|[upkeep]","|-heal|p2a: Metagross|268/339|[from] item: Leftovers","|upkeep","|turn|6","||adding 10 for new turn","|","|t:|1753069942","|switch|p1a: Swampert|Swampert, F|401/401","|move|p2a: Metagross|Meteor Mash|p1a: Swampert","|-resisted|p1a: Swampert","|-crit|p1a: Swampert","|-damage|p1a: Swampert|235/401","|","|-weather|Sandstorm|[upkeep]","|-heal|p2a: Metagross|289/339|[from] item: Leftovers","|-heal|p1a: Swampert|260/401|[from] item: Leftovers","|upkeep","|turn|7","||adding 10 for new turn","|","|t:|1753069950","|switch|p2a: Gyarados|Gyarados, F|330/330","|-ability|p2a: Gyarados|Intimidate|boost","|-unboost|p1a: Swampert|atk|1","|move|p1a: Swampert|Earthquake|p2a: Gyarados","|-immune|p2a: Gyarados","|","|-weather|Sandstorm|[upkeep]","|-damage|p2a: Gyarados|310/330|[from] Sandstorm","|-heal|p2a: Gyarados|330/330|[from] item: Leftovers","|-heal|p1a: Swampert|285/401|[from] item: Leftovers","|upkeep","|turn|8","||adding 10 for new turn","|","|t:|1753069958","|switch|p1a: Gengar|Gengar, F|303/303","|move|p2a: Gyarados|Earthquake|p1a: Gengar","|-immune|p1a: Gengar","|","|-weather|Sandstorm|[upkeep]","|-damage|p1a: Gengar|285/303|[from] Sandstorm","|-damage|p2a: Gyarados|310/330|[from] Sandstorm","|-heal|p1a: Gengar|303/303|[from] item: Leftovers","|-heal|p2a: Gyarados|330/330|[from] item: Leftovers","|upkeep","|turn|9","||adding 10 for new turn","|","|t:|1753069966","|switch|p2a: Heracross|Heracross, M|337/337","|-damage|p2a: Heracross|281/337|[from] Spikes","|move|p1a: Gengar|Will-O-Wisp|p2a: Heracross|[miss]","|-miss|p1a: Gengar|p2a: Heracross","|","|-weather|Sandstorm|[upkeep]","|-damage|p1a: Gengar|285/303|[from] Sandstorm","|-damage|p2a: Heracross|260/337|[from] Sandstorm","|-heal|p1a: Gengar|303/303|[from] item: Leftovers","|-heal|p2a: Heracross|281/337|[from] item: Leftovers","|upkeep","|turn|10","||adding 10 for new turn","|","|t:|1753069974","|move|p1a: Gengar|Thunderbolt|p2a: Heracross","|-damage|p2a: Heracross|202/337","|move|p2a: Heracross|Megahorn|p1a: Gengar","|-resisted|p1a: Gengar","|-damage|p1a: Gengar|229/303","|","|-weather|Sandstorm|[upkeep]","|-damage|p1a: Gengar|211/303|[from] Sandstorm","|-damage|p2a: Heracross|181/337|[from] Sandstorm","|-heal|p1a: Gengar|229/303|[from] item: Leftovers","|-heal|p2a: Heracross|202/337|[from] item: Leftovers","|upkeep","|turn|11","||adding 10 for new turn","|","|t:|1753069982","|move|p1a: Gengar|Thunderbolt|p2a: Heracross","|-damage|p2a: Heracross|127/337","|-status|p2a: Heracross|par","|move|p2a: Heracross|Hidden Power|p1a: Gengar","|-supereffective|p1a: Gengar","|-damage|p1a: Gengar|0 fnt","|faint|p1a: Gengar","||adding 5 to each for mid turn request","|","|t:|1753069990","|switch|p1a: Tyranitar|Tyranitar, F|403/403","|","|-weather|Sandstorm|[upkeep]","|-damage|p2a: Heracross|106/337 par|[from] Sandstorm","|-heal|p2a: Heracross|127/337 par|[from] item: Leftovers","|upkeep","|turn|12","||adding 10 for new turn","|","|t:|1753069998","|move|p1a: Tyranitar|Rock Slide|p2a: Heracross","|-damage|p2a: Heracross|0 fnt","|faint|p2a: Heracross","||adding 5 to each for mid turn request","|","|t:|1753070005","|switch|p2a: Milotic|Milotic, F|393/393","|-damage|p2a: Milotic|328/393|[from] Spikes","|","|-weather|Sandstorm|[upkeep]","|-damage|p2a: Milotic|304/393|[from] Sandstorm","|-heal|p2a: Milotic|328/393|[from] item: Leftovers","|upkeep","|turn|13","||adding 10 for new turn","|","|t:|1753070013","|switch|p1a: Starmie|Starmie|262/262","|move|p2a: Milotic|Surf|p1a: Starmie","|-resisted|p1a: Starmie","|-damage|p1a: Starmie|199/262","|","|-weather|Sandstorm|[upkeep]","|-damage|p1a: Starmie|183/262|[from] Sandstorm","|-damage|p2a: Milotic|304/393|[from] Sandstorm","|-heal|p1a: Starmie|199/262|[from] item: Leftovers","|-heal|p2a: Milotic|328/393|[from] item: Leftovers","|upkeep","|turn|14","||adding 10 for new turn","|","|t:|1753070021","|move|p1a: Starmie|Thunderbolt|p2a: Milotic","|-supereffective|p2a: Milotic","|-damage|p2a: Milotic|182/393","|move|p2a: Milotic|Recover|p2a: Milotic","|-heal|p2a: Milotic|378/393","|","|-weather|Sandstorm|[upkeep]","|-damage|p1a: Starmie|183/262|[from] Sandstorm","|-damage|p2a: Milotic|354/393|[from] Sandstorm","|-heal|p1a: Starmie|199/262|[from] item: Leftovers","|-heal|p2a: Milotic|378/393|[from] item: Leftovers","|upkeep","|turn|15","||adding 10 for new turn","|","|t:|1753070029","|move|p1a: Starmie|Thunderbolt|p2a: Milotic","|-supereffective|p2a: Milotic","|-damage|p2a: Milotic|231/393","|move|p2a: Milotic|Recover|p2a: Milotic","|-heal|p2a: Milotic|393/393","|","|-weather|Sandstorm|[upkeep]","|-damage|p1a: Starmie|183/262|[from] Sandstorm","|-damage|p2a: Milotic|369/393|[from] Sandstorm","|-heal|p1a: Starmie|199/262|[from] item: Leftovers","|-heal|p2a: Milotic|393/393|[from] item: Leftovers","|upkeep","|turn|16","||adding 10 for new turn","|","|t:|1753070037","|move|p1a: Starmie|Thunderbolt|p2a: Milotic","|-supereffective|p2a: Milotic","|-damage|p2a: Milotic|234/393","|move|p2a: Milotic|Surf|p1a: Starmie","|-resisted|p1a: Starmie","|-damage|p1a: Starmie|135/262","|","|-weather|Sandstorm|[upkeep]","|-damage|p1a: Starmie|119/262|[from] Sandstorm","|-damage|p2a: Milotic|210/393|[from] Sandstorm","|-heal|p1a: Starmie|135/262|[from] item: Leftovers","|-heal|p2a: Milotic|234/393|[from] item: Leftovers","|upkeep","|turn|17","||adding 10 for new turn","|","|t:|1753070045","|move|p1a: Starmie|Thunderbolt|p2a: Milotic","|-supereffective|p2a: Milotic","|-damage|p2a: Milotic|90/393","|move|p2a: Milotic|Recover|p2a: Milotic","|-heal|p2a: Milotic|286/393","|","|-weather|Sandstorm|[upkeep]","|-damage|p1a: Starmie|119/262|[from] Sandstorm","|-damage|p2a: Milotic|262/393|[from] Sandstorm","|-heal|p1a: Starmie|135/262|[from] item: Leftovers","|-heal|p2a: Milotic|286/393|[from] item: Leftovers","|upkeep","|turn|18","||adding 10 for new turn","|","|t:|1753070053","|move|p1a: Starmie|Thunderbolt|p2a: Milotic","|-supereffective|p2a: Milotic","|-damage|p2a: Milotic|116/393","|move|p2a: Milotic|Recover|p2a: Milotic","|-heal|p2a: Milotic|312/393","|","|-weather|Sandstorm|[upkeep]","|-damage|p1a: Starmie|119/262|[from] Sandstorm","|-damage|p2a: Milotic|288/393|[from] Sandstorm","|-heal|p1a: Starmie|135/262|[from] item: Leftovers","|-heal|p2a: Milotic|312/393|[from] item: Leftovers","|upkeep","|turn|19","||adding 10 for new turn","|","|t:|1753070061","|move|p1a: Starmie|Thunderbolt|p2a: Milotic","|-supereffective|p2a: Milotic","|-damage|p2a: Milotic|156/393","|move|p2a: Milotic|Recover|p2a: Milotic","|-heal|p2a: Milotic|352/393","|","|-weather|Sandstorm|[upkeep]","|-damage|p1a: Starmie|119/262|[from] Sandstorm","|-damage|p2a: Milotic|328/393|[from] Sandstorm","|-heal|p1a: Starmie|135/262|[from] item: Leftovers","|-heal|p2a: Milotic|352/393|[from] item: Leftovers","|upkeep","|turn|20","||adding 10 for new turn","|","|t:|1753070069","|move|p1a: Starmie|Thunderbolt|p2a: Milotic","|-supereffective|p2a: Milotic","|-damage|p2a: Milotic|203/393","|move|p2a: Milotic|Recover|p2a: Milotic","|-heal|p2a: Milotic|393/393","|","|-weather|Sandstorm|[upkeep]","|-damage|p1a: Starmie|119/262|[from] Sandstorm","|-damage|p2a: Milotic|369/393|[from] Sandstorm","|-heal|p1a: Starmie|135/262|[from] item: Leftovers","|-heal|p2a: Milotic|393/393|[from] item: Leftovers","|upkeep","|turn|21","||adding 10 for new turn","|","|t:|1753070077","|move|p1a: Starmie|Thunderbolt|p2a: Milotic","|-supereffective|p2a: Milotic","|-damage|p2a: Milotic|223/393","|move|p2a: Milotic|Surf|p1a: Starmie","|-resisted|p1a: Starmie","|-damage|p1a: Starmie|73/262","|","|-weather|Sandstorm|[upkeep]","|-damage|p1a: Starmie|57/262|[from] Sandstorm","|-damage|p2a: Milotic|199/393|[from] Sandstorm","|-heal|p1a: Starmie|73/262|[from] item: Leftovers","|-heal|p2a: Milotic|223/393|[from] item: Leftovers","|upkeep","|turn|22","||adding 10 for new turn","|","|t:|1753070085","|move|p1a: Starmie|Thunderbolt|p2a: Milotic","|-supereffective|p2a: Milotic","|-damage|p2a: Milotic|65/393","|move|p2a: Milotic|Recover|p2a: Milotic","|-heal|p2a: Milotic|261/393","|","|-weather|Sandstorm|[upkeep]","|-damage|p1a: Starmie|57/262|[from] Sandstorm","|-damage|p2a: Milotic|237/393|[from] Sandstorm","|-heal|p1a: Starmie|73/262|[from] item: Leftovers","|-heal|p2a: Milotic|261/393|[from] item: Leftovers","|upkeep","|turn|23","||adding 10 for new turn","|","|t:|1753070093","|switch|p1a: Blissey|Blissey, F, shiny|651/651","|move|p2a: Milotic|Recover|p2a: Milotic","|-heal|p2a: Milotic|393/393","|","|-weather|Sandstorm|[upkeep]","|-damage|p2a: Milotic|369/393|[from] Sandstorm","|-damage|p1a: Blissey|611/651|[from] Sandstorm","|-heal|p2a: Milotic|393/393|[from] item: Leftovers","|-heal|p1a: Blissey|651/651|[from] item: Leftovers","|upkeep","|turn|24","||adding 10 for new turn","|","|t:|1753070101","|move|p2a: Milotic|Hypnosis|p1a: Blissey","|-status|p1a: Blissey|slp|[from] move: Hypnosis","|cant|p1a: Blissey|slp","|","|-weather|Sandstorm|[upkeep]","|-damage|p2a: Milotic|369/393|[from] Sandstorm","|-damage|p1a: Blissey|611/651 slp|[from] Sandstorm","|-heal|p2a: Milotic|393/393|[from] item: Leftovers","|-heal|p1a: Blissey|651/651 slp|[from] item: Leftovers","|upkeep","|turn|25","||adding 10 for new turn","|","|t:|1753070109","|move|p2a: Milotic|Surf|p1a: Blissey","|-damage|p1a: Blissey|567/651 slp","|cant|p1a: Blissey|slp","|","|-weather|Sandstorm|[upkeep]","|-damage|p2a: Milotic|369/393|[from] Sandstorm","|-damage|p1a: Blissey|527/651 slp|[from] Sandstorm","|-heal|p2a: Milotic|393/393|[from] item: Leftovers","|-heal|p1a: Blissey|567/651 slp|[from] item: Leftovers","|upkeep","|turn|26","||adding 10 for new turn","|","|t:|1753070117","|move|p2a: Milotic|Surf|p1a: Blissey","|-damage|p1a: Blissey|487/651 slp","|-curestatus|p1a: Blissey|slp|[msg]","|move|p1a: Blissey|Ice Beam|p2a: Milotic","|-resisted|p2a: Milotic","|-damage|p2a: Milotic|354/393","|","|-weather|Sandstorm|[upkeep]","|-damage|p2a: Milotic|330/393|[from] Sandstorm","|-damage|p1a: Blissey|447/651|[from] Sandstorm","|-heal|p2a: Milotic|354/393|[from] item: Leftovers","|-heal|p1a: Blissey|487/651|[from] item: Leftovers","|upkeep","|turn|27","||adding 10 for new turn","|","|t:|1753070125","|move|p2a: Milotic|Hypnosis|p1a: Blissey","|-status|p1a: Blissey|slp|[from] move: Hypnosis","|cant|p1a: Blissey|slp","|","|-weather|Sandstorm|[upkeep]","|-damage|p2a: Milotic|330/393|[from] Sandstorm","|-damage|p1a: Blissey|447/651 slp|[from] Sandstorm","|-heal|p2a: Milotic|354/393|[from] item: Leftovers","|-heal|p1a: Blissey|487/651 slp|[from] item: Leftovers","|upkeep","|turn|28","||adding 10 for new turn","|","|t:|1753070133","|move|p2a: Milotic|Surf|p1a: Blissey","|-damage|p1a: Blissey|400/651 slp","|cant|p1a: Blissey|slp","|","|-weather|Sandstorm|[upkeep]","|-damage|p2a: Milotic|330/393|[from] Sandstorm","|-damage|p1a: Blissey|360/651 slp|[from] Sandstorm","|-heal|p2a: Milotic|354/393|[from] item: Leftovers","|-heal|p1a: Blissey|400/651 slp|[from] item: Leftovers","|upkeep","|turn|29","||adding 10 for new turn","|","|t:|1753070141","|move|p2a: Milotic|Surf|p1a: Blissey","|-damage|p1a: Blissey|315/651 slp","|cant|p1a: Blissey|slp","|","|-weather|Sandstorm|[upkeep]","|-damage|p2a: Milotic|330/393|[from] Sandstorm","|-damage|p1a: Blissey|275/651 slp|[from] Sandstorm","|-heal|p2a: Milotic|354/393|[from] item: Leftovers","|-heal|p1a: Blissey|315/651 slp|[from] item: Leftovers","|upkeep","|turn|30","||adding 10 for new turn","|","|t:|1753070149","|switch|p2a: Metagross|Metagross|289/339","|-damage|p2a: Metagross|233/339|[from] Spikes","|cant|p1a: Blissey|slp","|","|-weather|Sandstorm|[upkeep]","|-damage|p1a: Blissey|275/651 slp|[from] Sandstorm","|-heal|p2a: Metagross|254/339|[from] item: Leftovers","|-heal|p1a: Blissey|315/651 slp|[from] item: Leftovers","|upkeep","|turn|31","||adding 10 for new turn","|","|t:|1753070157","|-curestatus|p1a: Blissey|slp|[from] ability: Natural Cure","|switch|p1a: Swampert|Swampert, F|285/401","|move|p2a: Metagross|Earthquake|p1a: Swampert","|-damage|p1a: Swampert|172/401","|","|-weather|Sandstorm|[upkeep]","|-heal|p2a: Metagross|275/339|[from] item: Leftovers","|-heal|p1a: Swampert|197/401|[from] item: Leftovers","|upkeep","|turn|32","||adding 10 for new turn","|","|t:|1753070165","|move|p2a: Metagross|Earthquake|p1a: Swampert","|-damage|p1a: Swampert|76/401","|move|p1a: Swampert|Earthquake|p2a: Metagross","|-supereffective|p2a: Metagross","|-damage|p2a: Metagross|69/339","|","|-weather|Sandstorm|[upkeep]","|-heal|p2a: Metagross|90/339|[from] item: Leftovers","|-heal|p1a: Swampert|101/401|[from] item: Leftovers","|upkeep","|turn|33","||adding 10 for new turn","|","|t:|1753070174","|move|p1a: Swampert|Protect|p1a: Swampert","|-singleturn|p1a: Swampert|Protect","|move|p2a: Metagross|Earthquake|p1a: Swampert","|-activate|p1a: Swampert|Protect","|","|-weather|Sandstorm|[upkeep]","|-heal|p2a: Metagross|111/339|[from] item: Leftovers","|-heal|p1a: Swampert|126/401|[from] item: Leftovers","|upkeep","|turn|34","||adding 10 for new turn","|","|t:|1753070181","|move|p2a: Metagross|Earthquake|p1a: Swampert","|-damage|p1a: Swampert|4/401","|move|p1a: Swampert|Earthquake|p2a: Metagross","|-supereffective|p2a: Metagross","|-damage|p2a: Metagross|0 fnt","|faint|p2a: Metagross","||adding 5 to each for mid turn request","|","|t:|1753070189","|switch|p2a: Gyarados|Gyarados, F|330/330","|-ability|p2a: Gyarados|Intimidate|boost","|-unboost|p1a: Swampert|atk|1","|","|-weather|Sandstorm|[upkeep]","|-damage|p2a: Gyarados|310/330|[from] Sandstorm","|-heal|p2a: Gyarados|330/330|[from] item: Leftovers","|-heal|p1a: Swampert|29/401|[from] item: Leftovers","|upkeep","|turn|35","||adding 10 for new turn","|","|t:|1753070197","|switch|p1a: Tyranitar|Tyranitar, F|403/403","|move|p2a: Gyarados|Dragon Dance|p2a: Gyarados","|-boost|p2a: Gyarados|atk|1","|-boost|p2a: Gyarados|spe|1","|","|-weather|Sandstorm|[upkeep]","|-damage|p2a: Gyarados|310/330|[from] Sandstorm","|-heal|p2a: Gyarados|330/330|[from] item: Leftovers","|upkeep","|turn|36","||adding 10 for new turn","|","|t:|1753070205","|move|p2a: Gyarados|Earthquake|p1a: Tyranitar","|-supereffective|p1a: Tyranitar","|-damage|p1a: Tyranitar|72/403","|move|p1a: Tyranitar|Rock Slide|p2a: Gyarados|[miss]","|-miss|p1a: Tyranitar|p2a: Gyarados","|","|-weather|Sandstorm|[upkeep]","|-damage|p2a: Gyarados|310/330|[from] Sandstorm","|-heal|p2a: Gyarados|330/330|[from] item: Leftovers","|-heal|p1a: Tyranitar|97/403|[from] item: Leftovers","|upkeep","|turn|37","||adding 10 for new turn","|","|t:|1753070213","|move|p2a: Gyarados|Earthquake|p1a: Tyranitar","|-supereffective|p1a: Tyranitar","|-damage|p1a: Tyranitar|0 fnt","|faint|p1a: Tyranitar","||adding 5 to each for mid turn request","|","|t:|1753070220","|switch|p1a: Swampert|Swampert, F|29/401","|","|-weather|Sandstorm|[upkeep]","|-damage|p2a: Gyarados|310/330|[from] Sandstorm","|-heal|p2a: Gyarados|330/330|[from] item: Leftovers","|-heal|p1a: Swampert|54/401|[from] item: Leftovers","|upkeep","|turn|38","||adding 10 for new turn","|","|t:|1753070227","|move|p1a: Swampert|Protect|p1a: Swampert","|-singleturn|p1a: Swampert|Protect","|move|p2a: Gyarados|Earthquake|p1a: Swampert","|-activate|p1a: Swampert|Protect","|","|-weather|Sandstorm|[upkeep]","|-damage|p2a: Gyarados|310/330|[from] Sandstorm","|-heal|p2a: Gyarados|330/330|[from] item: Leftovers","|-heal|p1a: Swampert|79/401|[from] item: Leftovers","|upkeep","|turn|39","||adding 10 for new turn","|","|t:|1753070234","|move|p1a: Swampert|Protect||[still]","|-fail|p1a: Swampert","|move|p2a: Gyarados|Earthquake|p1a: Swampert","|-damage|p1a: Swampert|0 fnt","|faint|p1a: Swampert","||adding 5 to each for mid turn request","|","|t:|1753070241","|switch|p1a: Blissey|Blissey, F, shiny|315/651","|","|-weather|Sandstorm|[upkeep]","|-damage|p2a: Gyarados|310/330|[from] Sandstorm","|-damage|p1a: Blissey|275/651|[from] Sandstorm","|-heal|p2a: Gyarados|330/330|[from] item: Leftovers","|-heal|p1a: Blissey|315/651|[from] item: Leftovers","|upkeep","|turn|40","||adding 10 for new turn","|","|t:|1753070248","|move|p2a: Gyarados|Double-Edge|p1a: Blissey","|-damage|p1a: Blissey|0 fnt","|-damage|p2a: Gyarados|225/330|[from] Recoil|[of] p1a: Blissey","|faint|p1a: Blissey","||adding 5 to each for mid turn request","|","|t:|1753070251","|switch|p1a: Starmie|Starmie|73/262","|","|-weather|Sandstorm|[upkeep]","|-damage|p2a: Gyarados|205/330|[from] Sandstorm","|-damage|p1a: Starmie|57/262|[from] Sandstorm","|-heal|p2a: Gyarados|225/330|[from] item: Leftovers","|-heal|p1a: Starmie|73/262|[from] item: Leftovers","|upkeep","|turn|41","||adding 10 for new turn","|","|t:|1753070257","|move|p2a: Gyarados|Hidden Power|p1a: Starmie","|-crit|p1a: Starmie","|-damage|p1a: Starmie|0 fnt","|faint|p1a: Starmie","|","|win|foultestacceptor1",""],"p1rating":null,"p2rating":null,"endType":"normal","ladderError":true,"timestamp":"Sun Jul 20 2025 20:57:37 GMT-0700 (アメリカ太平洋夏時間)","roomid":"battle-gen3ou-1111","format":"gen3ou"}