{"winner":"foultestacceptor1","seed":"sodium,ecd585224f8c2c2cbce389f5e59e9846","turns":46,"p1":"foultestchallenge1","p2":"foultestacceptor1","p1team":[{"name":"Zapdos","species":"Zapdos","item":"Leftovers","ability":"Pressure","moves":["Thunderbolt","Hidden Power Grass","Baton Pass","Roar"],"nature":"Modest","evs":{"hp":0,"atk":0,"def":0,"spa":220,"spd":48,"spe":240},"gender":"N","ivs":{"hp":31,"atk":2,"def":31,"spa":30,"spd":31,"spe":31},"happiness":255,"hpType":"Grass","pokeball":"","gigantamax":false,"dynamaxLevel":10,"teraType":"","level":100},{"name":"Metagross","species":"Metagross","item":"Choice Band","ability":"Clear Body","moves":["Meteor Mash","Explosion","Earthquake","Rock Slide"],"nature":"Adamant","evs":{"hp":128,"atk":252,"def":0,"spa":0,"spd":0,"spe":128},"gender":"N","level":100,"ivs":{"hp":31,"atk":31,"def":31,"spa":31,"spd":31,"spe":31}},{"name":"Celebi","species":"Celebi","item":"Leftovers","ability":"Natural Cure","moves":["Calm Mind","Giga Drain","Hidden Power Ice","Baton Pass"],"nature":"Timid","evs":{"hp":208,"atk":0,"def":84,"spa":36,"spd":0,"spe":180},"gender":"N","ivs":{"hp":31,"atk":3,"def":31,"spa":31,"spd":31,"spe":30},"happiness":255,"hpType":"Ice","pokeball":"","gigantamax":false,"dynamaxLevel":10,"teraType":"","level":100},{"name":"Gengar","species":"Gengar","item":"Leftovers","ability":"Levitate","moves":["Thunderbolt","Ice Punch","Giga Drain","Explosion"],"nature":"Timid","evs":{"hp":8,"atk":0,"def":200,"spa":116,"spd":0,"spe":184},"gender":"M","level":100,"ivs":{"hp":31,"atk":31,"def":31,"spa":31,"spd":31,"spe":31}},{"name":"Swampert","species":"Swampert","item":"Leftovers","ability":"Torrent","moves":["Hydro Pump","Earthquake","Ice Beam","Refresh"],"nature":"Quiet","evs":{"hp":240,"atk":0,"def":12,"spa":216,"spd":0,"spe":40},"gender":"M","level":100,"ivs":{"hp":31,"atk":31,"def":31,"spa":31,"spd":31,"spe":31}},{"name":"Charizard","species":"Charizard","item":"Leftovers","ability":"Blaze","moves":["Substitute","Hidden Power Grass","Fire Blast","Focus Punch"],"nature":"Mild","evs":{"hp":0,"atk":4,"def":0,"spa":252,"spd":0,"spe":252},"gender":"F","ivs":{"hp":31,"atk":30,"def":31,"spa":30,"spd":31,"spe":31},"happiness":255,"hpType":"Grass","pokeball":"","gigantamax":false,"dynamaxLevel":10,"teraType":"","level":100}],"p2team":[{"name":"Tyranitar","species":"Tyranitar","item":"Leftovers","ability":"Sand Stream","moves":["Rock Slide","Earthquake","Hidden Power Bug","Roar"],"nature":"Adamant","evs":{"hp":184,"atk":196,"def":120,"spa":0,"spd":0,"spe":8},"gender":"F","ivs":{"hp":31,"atk":30,"def":30,"spa":31,"spd":30,"spe":31},"happiness":255,"hpType":"Bug","pokeball":"","gigantamax":false,"dynamaxLevel":10,"teraType":"","level":100},{"name":"Milotic","species":"Milotic","item":"Leftovers","ability":"Marvel Scale","moves":["Surf","Toxic","Recover","Refresh"],"nature":"Bold","evs":{"hp":248,"atk":0,"def":212,"spa":0,"spd":0,"spe":48},"gender":"M","ivs":{"hp":31,"atk":0,"def":31,"spa":31,"spd":31,"spe":31},"level":100},{"name":"Blissey","species":"Blissey","item":"Leftovers","ability":"Natural Cure","moves":["Seismic Toss","Ice Beam","Thunder Wave","Soft-Boiled"],"nature":"Bold","evs":{"hp":40,"atk":0,"def":244,"spa":208,"spd":0,"spe":16},"gender":"F","level":100,"ivs":{"hp":31,"atk":31,"def":31,"spa":31,"spd":31,"spe":31}},{"name":"Skarmory","species":"Skarmory","item":"Leftovers","ability":"Keen Eye","moves":["Drill Peck","Toxic","Spikes","Roar"],"nature":"Careful","evs":{"hp":248,"atk":0,"def":0,"spa":0,"spd":236,"spe":24},"gender":"F","level":100,"ivs":{"hp":31,"atk":31,"def":31,"spa":31,"spd":31,"spe":31}},{"name":"Claydol","species":"Claydol","item":"Leftovers","ability":"Levitate","moves":["Earthquake","Psychic","Refresh","Rapid Spin"],"nature":"Adamant","evs":{"hp":224,"atk":228,"def":0,"spa":36,"spd":0,"spe":20},"gender":"N","level":100,"ivs":{"hp":31,"atk":31,"def":31,"spa":31,"spd":31,"spe":31}},{"name":"Dugtrio","species":"Dugtrio","item":"Choice Band","ability":"Arena Trap","moves":["Earthquake","Aerial Ace","Hidden Power Bug","Screech"],"nature":"Jolly","evs":{"hp":0,"atk":252,"def":0,"spa":0,"spd":4,"spe":252},"gender":"M","ivs":{"hp":31,"atk":30,"def":30,"spa":31,"spd":30,"spe":31},"happiness":255,"hpType":"Bug","pokeball":"","gigantamax":false,"dynamaxLevel":10,"teraType":"","level":100}],"score":[0,5],"inputLog":[">version 372d05e49c92a79eecdf6c8dddb208bd1765c00f",">start {\"formatid\":\"gen3ou\",\"seed\":\"sodium,ecd585224f8c2c2cbce389f5e59e9846\"}",">player p1 {\"name\":\"foultestchallenge1\",\"avatar\":\"169\",\"team\":\"Zapdos||Leftovers|Pressure|Thunderbolt,HiddenPowerGrass,BatonPass,Roar|Modest|,,,220,48,240|N|,2,,30,,|||,Grass,,,,]Metagross||ChoiceBand|ClearBody|MeteorMash,Explosion,Earthquake,RockSlide|Adamant|128,252,,,,128|N||||]Celebi||Leftovers|NaturalCure|CalmMind,GigaDrain,HiddenPowerIce,BatonPass|Timid|208,,84,36,,180|N|,3,,,,30|||,Ice,,,,]Gengar||Leftovers|Levitate|Thunderbolt,IcePunch,GigaDrain,Explosion|Timid|8,,200,116,,184|M||||]Swampert||Leftovers|Torrent|HydroPump,Earthquake,IceBeam,Refresh|Quiet|240,,12,216,,40|M||||]Charizard||Leftovers|Blaze|Substitute,HiddenPowerGrass,FireBlast,FocusPunch|Mild|,4,,252,,252|F|,30,,30,,|||,Grass,,,,\",\"rating\":0}",">player p2 {\"name\":\"foultestacceptor1\",\"avatar\":\"102\",\"team\":\"Tyranitar||Leftovers|SandStream|RockSlide,Earthquake,HiddenPowerBug,Roar|Adamant|184,196,120,,,8|F|,30,30,,30,|||,Bug,,,,]Milotic||Leftovers|MarvelScale|Surf,Toxic,Recover,Refresh|Bold|248,,212,,,48|M|,0,,,,|||]Blissey||Leftovers|NaturalCure|SeismicToss,IceBeam,ThunderWave,SoftBoiled|Bold|40,,244,208,,16|F||||]Skarmory||Leftovers|KeenEye|DrillPeck,Toxic,Spikes,Roar|Careful|248,,,,236,24|F||||]Claydol||Leftovers|Levitate|Earthquake,Psychic,Refresh,RapidSpin|Adamant|224,228,,36,,20|N||||]Dugtrio||ChoiceBand|ArenaTrap|Earthquake,AerialAce,HiddenPowerBug,Screech|Jolly|,252,,,4,252|M|,30,30,,30,|||,Bug,,,,\",\"rating\":0}",">p1 move thunderbolt",">p2 move rockslide",">p1 switch 5",">p1 move hydropump",">p2 switch 4",">p1 move hydropump",">p2 move spikes",">p1 move icebeam",">p2 switch 2",">p1 move earthquake",">p2 move toxic",">p1 move refresh",">p2 move surf",">p1 move earthquake",">p2 move surf",">p1 move earthquake",">p2 move recover",">p1 move earthquake",">p2 move recover",">p1 switch 3",">p2 move surf",">p1 move calmmind",">p2 switch 3",">p1 move calmmind",">p2 move icebeam",">p1 move batonpass",">p2 move icebeam",">p1 switch 6",">p1 move fireblast",">p2 move thunderwave",">p1 move fireblast",">p2 move softboiled",">p1 move fireblast",">p2 move seismictoss",">p1 move fireblast",">p2 move icebeam",">p1 move fireblast",">p2 move softboiled",">p1 move fireblast",">p2 move seismictoss",">p1 switch 2",">p1 move meteormash",">p2 switch 3",">p1 move meteormash",">p2 switch 2",">p2 switch 6",">p1 move meteormash",">p2 move earthquake",">p1 switch 6",">p1 move calmmind",">p2 switch 3",">p1 move calmmind",">p2 move seismictoss",">p1 move batonpass",">p2 move seismictoss",">p1 switch 4",">p1 move icepunch",">p2 move thunderwave",">p1 move thunderbolt",">p2 move icebeam",">p1 move gigadrain",">p2 move softboiled",">p1 move gigadrain",">p2 move icebeam",">p1 move gigadrain",">p2 move icebeam",">p1 move thunderbolt",">p2 move icebeam",">p1 move gigadrain",">p2 move icebeam",">p1 move gigadrain",">p2 move icebeam",">p1 move gigadrain",">p2 move softboiled",">p1 move gigadrain",">p2 move icebeam",">p1 move gigadrain",">p2 move icebeam",">p1 move thunderbolt",">p2 move icebeam",">p1 move thunderbolt",">p2 move softboiled",">p1 move thunderbolt",">p2 move icebeam",">p1 move gigadrain",">p2 move icebeam",">p1 move gigadrain",">p2 move icebeam",">p1 move icepunch",">p2 move softboiled",">p1 move thunderbolt",">p2 move softboiled",">p1 move thunderbolt",">p2 switch 4",">p1 move thunderbolt",">p2 move rockslide",">p1 switch 3",">p1 move icebeam",">p2 move earthquake",">p1 switch 4"],"log":["|j|☆foultestchallenge1","|j|☆foultestacceptor1","|t:|1753078150","|gametype|singles","|player|p1|foultestchallenge1|169|","|player|p2|foultestacceptor1|102|","|teamsize|p1|6","|teamsize|p2|6","|gen|3","|tier|[Gen 3] OU","|rule|Sleep Clause Mod: Limit one foe put to sleep","|rule|Switch Priority Clause Mod: Faster Pokémon switch first","|rule|Species Clause: Limit one of each Pokémon","|rule|OHKO Clause: OHKO moves are banned","|rule|Evasion Items Clause: Evasion items are banned","|rule|Evasion Moves Clause: Evasion moves are banned","|rule|Endless Battle Clause: Forcing endless battles is banned","|rule|HP Percentage Mod: HP is shown in percentages","|rule|One Boost Passer Clause: Limit one Baton Passer that has a way to boost its stats","|rule|Freeze Clause Mod: Limit one foe frozen","|","|t:|1753078150","|start","|switch|p1a: Zapdos|Zapdos|321/321","|switch|p2a: Tyranitar|Tyranitar, F|387/387","|-ability|p1a: Zapdos|Pressure|[silent]","|-weather|Sandstorm|[from] ability: Sand Stream|[of] p2a: Tyranitar","|turn|1","|inactive|Battle timer is ON: inactive players will automatically lose when time's up. (requested by foultestacceptor1)","|inactive|foultestchallenge1 also wants the timer to be on.","|","|t:|1753078159","|move|p1a: Zapdos|Thunderbolt|p2a: Tyranitar","|-damage|p2a: Tyranitar|210/387","|move|p2a: Tyranitar|Rock Slide|p1a: Zapdos","|-supereffective|p1a: Zapdos","|-damage|p1a: Zapdos|12/321","|","|-weather|Sandstorm|[upkeep]","|-damage|p1a: Zapdos|0 fnt|[from] Sandstorm","|faint|p1a: Zapdos","|-heal|p2a: Tyranitar|234/387|[from] item: Leftovers","|upkeep","||adding 5 to each for mid turn request","|","|t:|1753078167","|switch|p1a: Swampert|Swampert, M|401/401","|turn|2","||adding 10 for new turn","|","|t:|1753078175","|switch|p2a: Skarmory|Skarmory, F|333/333","|move|p1a: Swampert|Hydro Pump|p2a: Skarmory","|-damage|p2a: Skarmory|170/333","|","|-weather|Sandstorm|[upkeep]","|-heal|p2a: Skarmory|190/333|[from] item: Leftovers","|upkeep","|turn|3","||adding 10 for new turn","|","|t:|1753078184","|move|p2a: Skarmory|Spikes|p1a: Swampert","|-sidestart|p1: foultestchallenge1|Spikes","|move|p1a: Swampert|Hydro Pump|p2a: Skarmory","|-damage|p2a: Skarmory|23/333","|","|-weather|Sandstorm|[upkeep]","|-heal|p2a: Skarmory|43/333|[from] item: Leftovers","|upkeep","|turn|4","||adding 10 for new turn","|","|t:|1753078192","|switch|p2a: Milotic|Milotic, M|393/393","|move|p1a: Swampert|Ice Beam|p2a: Milotic","|-resisted|p2a: Milotic","|-damage|p2a: Milotic|359/393","|","|-weather|Sandstorm|[upkeep]","|-damage|p2a: Milotic|335/393|[from] Sandstorm","|-heal|p2a: Milotic|359/393|[from] item: Leftovers","|upkeep","|turn|5","||adding 10 for new turn","|","|t:|1753078200","|move|p2a: Milotic|Toxic|p1a: Swampert","|-status|p1a: Swampert|tox","|move|p1a: Swampert|Earthquake|p2a: Milotic","|-damage|p2a: Milotic|251/393","|","|-weather|Sandstorm|[upkeep]","|-damage|p2a: Milotic|227/393|[from] Sandstorm","|-heal|p2a: Milotic|251/393|[from] item: Leftovers","|-damage|p1a: Swampert|376/401 tox|[from] psn","|upkeep","|turn|6","||adding 10 for new turn","|","|t:|1753078208","|move|p2a: Milotic|Surf|p1a: Swampert","|-damage|p1a: Swampert|259/401 tox","|move|p1a: Swampert|Refresh|p1a: Swampert","|-curestatus|p1a: Swampert|tox|[msg]","|","|-weather|Sandstorm|[upkeep]","|-damage|p2a: Milotic|227/393|[from] Sandstorm","|-heal|p2a: Milotic|251/393|[from] item: Leftovers","|-heal|p1a: Swampert|284/401|[from] item: Leftovers","|upkeep","|turn|7","||adding 10 for new turn","|","|t:|1753078216","|move|p2a: Milotic|Surf|p1a: Swampert","|-damage|p1a: Swampert|170/401","|move|p1a: Swampert|Earthquake|p2a: Milotic","|-damage|p2a: Milotic|134/393","|","|-weather|Sandstorm|[upkeep]","|-damage|p2a: Milotic|110/393|[from] Sandstorm","|-heal|p2a: Milotic|134/393|[from] item: Leftovers","|-heal|p1a: Swampert|195/401|[from] item: Leftovers","|upkeep","|turn|8","||adding 10 for new turn","|","|t:|1753078224","|move|p2a: Milotic|Recover|p2a: Milotic","|-heal|p2a: Milotic|330/393","|move|p1a: Swampert|Earthquake|p2a: Milotic","|-damage|p2a: Milotic|209/393","|","|-weather|Sandstorm|[upkeep]","|-damage|p2a: Milotic|185/393|[from] Sandstorm","|-heal|p2a: Milotic|209/393|[from] item: Leftovers","|-heal|p1a: Swampert|220/401|[from] item: Leftovers","|upkeep","|turn|9","||adding 10 for new turn","|","|t:|1753078229","|move|p2a: Milotic|Recover|p2a: Milotic","|-heal|p2a: Milotic|393/393","|move|p1a: Swampert|Earthquake|p2a: Milotic","|-damage|p2a: Milotic|288/393","|","|-weather|Sandstorm|[upkeep]","|-damage|p2a: Milotic|264/393|[from] Sandstorm","|-heal|p2a: Milotic|288/393|[from] item: Leftovers","|-heal|p1a: Swampert|245/401|[from] item: Leftovers","|upkeep","|turn|10","||adding 10 for new turn","|","|t:|1753078233","|switch|p1a: Celebi|Celebi|393/393","|-damage|p1a: Celebi|344/393|[from] Spikes","|move|p2a: Milotic|Surf|p1a: Celebi","|-resisted|p1a: Celebi","|-damage|p1a: Celebi|286/393","|","|-weather|Sandstorm|[upkeep]","|-damage|p1a: Celebi|262/393|[from] Sandstorm","|-damage|p2a: Milotic|264/393|[from] Sandstorm","|-heal|p1a: Celebi|286/393|[from] item: Leftovers","|-heal|p2a: Milotic|288/393|[from] item: Leftovers","|upkeep","|turn|11","||adding 10 for new turn","|","|t:|1753078241","|switch|p2a: Blissey|Blissey, F|661/661","|move|p1a: Celebi|Calm Mind|p1a: Celebi","|-boost|p1a: Celebi|spa|1","|-boost|p1a: Celebi|spd|1","|","|-weather|Sandstorm|[upkeep]","|-damage|p1a: Celebi|262/393|[from] Sandstorm","|-damage|p2a: Blissey|620/661|[from] Sandstorm","|-heal|p1a: Celebi|286/393|[from] item: Leftovers","|-heal|p2a: Blissey|661/661|[from] item: Leftovers","|upkeep","|turn|12","||adding 10 for new turn","|","|t:|1753078249","|move|p1a: Celebi|Calm Mind|p1a: Celebi","|-boost|p1a: Celebi|spa|1","|-boost|p1a: Celebi|spd|1","|move|p2a: Blissey|Ice Beam|p1a: Celebi","|-supereffective|p1a: Celebi","|-damage|p1a: Celebi|212/393","|","|-weather|Sandstorm|[upkeep]","|-damage|p1a: Celebi|188/393|[from] Sandstorm","|-damage|p2a: Blissey|620/661|[from] Sandstorm","|-heal|p1a: Celebi|212/393|[from] item: Leftovers","|-heal|p2a: Blissey|661/661|[from] item: Leftovers","|upkeep","|turn|13","||adding 10 for new turn","|","|t:|1753078258","|move|p1a: Celebi|Baton Pass|p1a: Celebi","||adding 5 to each for mid turn request","|","|t:|1753078265","|switch|p1a: Charizard|Charizard, F|297/297|[from] Baton Pass","|move|p2a: Blissey|Ice Beam|p1a: Charizard","|-damage|p1a: Charizard|253/297","|","|-weather|Sandstorm|[upkeep]","|-damage|p1a: Charizard|235/297|[from] Sandstorm","|-damage|p2a: Blissey|620/661|[from] Sandstorm","|-heal|p1a: Charizard|253/297|[from] item: Leftovers","|-heal|p2a: Blissey|661/661|[from] item: Leftovers","|upkeep","|turn|14","||adding 10 for new turn","|","|t:|1753078273","|move|p1a: Charizard|Fire Blast|p2a: Blissey","|-damage|p2a: Blissey|316/661","|move|p2a: Blissey|Thunder Wave|p1a: Charizard","|-status|p1a: Charizard|par","|","|-weather|Sandstorm|[upkeep]","|-damage|p2a: Blissey|275/661|[from] Sandstorm","|-damage|p1a: Charizard|235/297 par|[from] Sandstorm","|-heal|p2a: Blissey|316/661|[from] item: Leftovers","|-heal|p1a: Charizard|253/297 par|[from] item: Leftovers","|upkeep","|turn|15","||adding 10 for new turn","|","|t:|1753078282","|move|p2a: Blissey|Soft-Boiled|p2a: Blissey","|-heal|p2a: Blissey|646/661","|move|p1a: Charizard|Fire Blast|p2a: Blissey","|-damage|p2a: Blissey|312/661","|","|-weather|Sandstorm|[upkeep]","|-damage|p2a: Blissey|271/661|[from] Sandstorm","|-damage|p1a: Charizard|235/297 par|[from] Sandstorm","|-heal|p2a: Blissey|312/661|[from] item: Leftovers","|-heal|p1a: Charizard|253/297 par|[from] item: Leftovers","|upkeep","|turn|16","||adding 10 for new turn","|","|t:|1753078289","|move|p2a: Blissey|Seismic Toss|p1a: Charizard","|-damage|p1a: Charizard|153/297 par","|move|p1a: Charizard|Fire Blast|p2a: Blissey|[miss]","|-miss|p1a: Charizard|p2a: Blissey","|","|-weather|Sandstorm|[upkeep]","|-damage|p2a: Blissey|271/661|[from] Sandstorm","|-damage|p1a: Charizard|135/297 par|[from] Sandstorm","|-heal|p2a: Blissey|312/661|[from] item: Leftovers","|-heal|p1a: Charizard|153/297 par|[from] item: Leftovers","|upkeep","|turn|17","||adding 10 for new turn","|","|t:|1753078297","|move|p2a: Blissey|Ice Beam|p1a: Charizard","|-damage|p1a: Charizard|109/297 par","|move|p1a: Charizard|Fire Blast|p2a: Blissey|[miss]","|-miss|p1a: Charizard|p2a: Blissey","|","|-weather|Sandstorm|[upkeep]","|-damage|p2a: Blissey|271/661|[from] Sandstorm","|-damage|p1a: Charizard|91/297 par|[from] Sandstorm","|-heal|p2a: Blissey|312/661|[from] item: Leftovers","|-heal|p1a: Charizard|109/297 par|[from] item: Leftovers","|upkeep","|turn|18","||adding 10 for new turn","|","|t:|1753078305","|move|p2a: Blissey|Soft-Boiled|p2a: Blissey","|-heal|p2a: Blissey|642/661","|move|p1a: Charizard|Fire Blast|p2a: Blissey|[miss]","|-miss|p1a: Charizard|p2a: Blissey","|","|-weather|Sandstorm|[upkeep]","|-damage|p2a: Blissey|601/661|[from] Sandstorm","|-damage|p1a: Charizard|91/297 par|[from] Sandstorm","|-heal|p2a: Blissey|642/661|[from] item: Leftovers","|-heal|p1a: Charizard|109/297 par|[from] item: Leftovers","|upkeep","|turn|19","||adding 10 for new turn","|","|t:|1753078312","|move|p2a: Blissey|Seismic Toss|p1a: Charizard","|-damage|p1a: Charizard|9/297 par","|cant|p1a: Charizard|par","|","|-weather|Sandstorm|[upkeep]","|-damage|p2a: Blissey|601/661|[from] Sandstorm","|-damage|p1a: Charizard|0 fnt|[from] Sandstorm","|faint|p1a: Charizard","|-heal|p2a: Blissey|642/661|[from] item: Leftovers","|upkeep","||adding 5 to each for mid turn request","|","|t:|1753078317","|switch|p1a: Metagross|Metagross|333/333","|-damage|p1a: Metagross|292/333|[from] Spikes","|turn|20","||adding 10 for new turn","|","|t:|1753078325","|switch|p2a: Milotic|Milotic, M|288/393","|move|p1a: Metagross|Meteor Mash|p2a: Milotic","|-resisted|p2a: Milotic","|-damage|p2a: Milotic|162/393","|-boost|p1a: Metagross|atk|1","|","|-weather|Sandstorm|[upkeep]","|-damage|p2a: Milotic|138/393|[from] Sandstorm","|-heal|p2a: Milotic|162/393|[from] item: Leftovers","|upkeep","|turn|21","||adding 10 for new turn","|","|t:|1753078333","|switch|p2a: Skarmory|Skarmory, F|43/333","|move|p1a: Metagross|Meteor Mash|p2a: Skarmory","|-resisted|p2a: Skarmory","|-damage|p2a: Skarmory|0 fnt","|faint|p2a: Skarmory","||adding 5 to each for mid turn request","|","|t:|1753078340","|switch|p2a: Dugtrio|Dugtrio, M|211/211","|","|-weather|Sandstorm|[upkeep]","|upkeep","|turn|22","||adding 10 for new turn","|","|t:|1753078348","|move|p2a: Dugtrio|Earthquake|p1a: Metagross","|-supereffective|p1a: Metagross","|-damage|p1a: Metagross|0 fnt","|faint|p1a: Metagross","||adding 5 to each for mid turn request","|","|t:|1753078356","|switch|p1a: Celebi|Celebi|212/393","|-damage|p1a: Celebi|163/393|[from] Spikes","|","|-weather|Sandstorm|[upkeep]","|-damage|p1a: Celebi|139/393|[from] Sandstorm","|-heal|p1a: Celebi|163/393|[from] item: Leftovers","|upkeep","|turn|23","||adding 10 for new turn","|","|t:|1753078364","|switch|p2a: Blissey|Blissey, F|642/661","|move|p1a: Celebi|Calm Mind|p1a: Celebi","|-boost|p1a: Celebi|spa|1","|-boost|p1a: Celebi|spd|1","|","|-weather|Sandstorm|[upkeep]","|-damage|p1a: Celebi|139/393|[from] Sandstorm","|-damage|p2a: Blissey|601/661|[from] Sandstorm","|-heal|p1a: Celebi|163/393|[from] item: Leftovers","|-heal|p2a: Blissey|642/661|[from] item: Leftovers","|upkeep","|turn|24","||adding 10 for new turn","|","|t:|1753078372","|move|p1a: Celebi|Calm Mind|p1a: Celebi","|-boost|p1a: Celebi|spa|1","|-boost|p1a: Celebi|spd|1","|move|p2a: Blissey|Seismic Toss|p1a: Celebi","|-damage|p1a: Celebi|63/393","|","|-weather|Sandstorm|[upkeep]","|-damage|p1a: Celebi|39/393|[from] Sandstorm","|-damage|p2a: Blissey|601/661|[from] Sandstorm","|-heal|p1a: Celebi|63/393|[from] item: Leftovers","|-heal|p2a: Blissey|642/661|[from] item: Leftovers","|upkeep","|turn|25","||adding 10 for new turn","|","|t:|1753078380","|move|p1a: Celebi|Baton Pass|p1a: Celebi","||adding 5 to each for mid turn request","|","|t:|1753078384","|switch|p1a: Gengar|Gengar, M|263/263|[from] Baton Pass","|move|p2a: Blissey|Seismic Toss|p1a: Gengar","|-immune|p1a: Gengar","|","|-weather|Sandstorm|[upkeep]","|-damage|p1a: Gengar|247/263|[from] Sandstorm","|-damage|p2a: Blissey|601/661|[from] Sandstorm","|-heal|p1a: Gengar|263/263|[from] item: Leftovers","|-heal|p2a: Blissey|642/661|[from] item: Leftovers","|upkeep","|turn|26","||adding 10 for new turn","|","|t:|1753078392","|move|p1a: Gengar|Ice Punch|p2a: Blissey","|-damage|p2a: Blissey|507/661","|move|p2a: Blissey|Thunder Wave|p1a: Gengar","|-status|p1a: Gengar|par","|","|-weather|Sandstorm|[upkeep]","|-damage|p2a: Blissey|466/661|[from] Sandstorm","|-damage|p1a: Gengar|247/263 par|[from] Sandstorm","|-heal|p2a: Blissey|507/661|[from] item: Leftovers","|-heal|p1a: Gengar|263/263 par|[from] item: Leftovers","|upkeep","|turn|27","||adding 10 for new turn","|","|t:|1753078400","|move|p2a: Blissey|Ice Beam|p1a: Gengar","|-damage|p1a: Gengar|216/263 par","|move|p1a: Gengar|Thunderbolt|p2a: Blissey","|-damage|p2a: Blissey|357/661","|","|-weather|Sandstorm|[upkeep]","|-damage|p2a: Blissey|316/661|[from] Sandstorm","|-damage|p1a: Gengar|200/263 par|[from] Sandstorm","|-heal|p2a: Blissey|357/661|[from] item: Leftovers","|-heal|p1a: Gengar|216/263 par|[from] item: Leftovers","|upkeep","|turn|28","||adding 10 for new turn","|","|t:|1753078409","|move|p2a: Blissey|Soft-Boiled|p2a: Blissey","|-heal|p2a: Blissey|661/661","|cant|p1a: Gengar|par","|","|-weather|Sandstorm|[upkeep]","|-damage|p2a: Blissey|620/661|[from] Sandstorm","|-damage|p1a: Gengar|200/263 par|[from] Sandstorm","|-heal|p2a: Blissey|661/661|[from] item: Leftovers","|-heal|p1a: Gengar|216/263 par|[from] item: Leftovers","|upkeep","|turn|29","||adding 10 for new turn","|","|t:|1753078417","|move|p2a: Blissey|Ice Beam|p1a: Gengar","|-damage|p1a: Gengar|168/263 par","|move|p1a: Gengar|Giga Drain|p2a: Blissey","|-damage|p2a: Blissey|564/661","|-heal|p1a: Gengar|216/263 par|[from] drain|[of] p2a: Blissey","|","|-weather|Sandstorm|[upkeep]","|-damage|p2a: Blissey|523/661|[from] Sandstorm","|-damage|p1a: Gengar|200/263 par|[from] Sandstorm","|-heal|p2a: Blissey|564/661|[from] item: Leftovers","|-heal|p1a: Gengar|216/263 par|[from] item: Leftovers","|upkeep","|turn|30","||adding 10 for new turn","|","|t:|1753078423","|move|p2a: Blissey|Ice Beam|p1a: Gengar","|-damage|p1a: Gengar|169/263 par","|move|p1a: Gengar|Giga Drain|p2a: Blissey","|-damage|p2a: Blissey|461/661","|-heal|p1a: Gengar|220/263 par|[from] drain|[of] p2a: Blissey","|","|-weather|Sandstorm|[upkeep]","|-damage|p2a: Blissey|420/661|[from] Sandstorm","|-damage|p1a: Gengar|204/263 par|[from] Sandstorm","|-heal|p2a: Blissey|461/661|[from] item: Leftovers","|-heal|p1a: Gengar|220/263 par|[from] item: Leftovers","|upkeep","|turn|31","||adding 10 for new turn","|","|t:|1753078429","|move|p2a: Blissey|Ice Beam|p1a: Gengar","|-damage|p1a: Gengar|168/263 par","|cant|p1a: Gengar|par","|","|-weather|Sandstorm|[upkeep]","|-damage|p2a: Blissey|420/661|[from] Sandstorm","|-damage|p1a: Gengar|152/263 par|[from] Sandstorm","|-heal|p2a: Blissey|461/661|[from] item: Leftovers","|-heal|p1a: Gengar|168/263 par|[from] item: Leftovers","|upkeep","|turn|32","||adding 10 for new turn","|","|t:|1753078435","|move|p2a: Blissey|Ice Beam|p1a: Gengar","|-damage|p1a: Gengar|123/263 par","|move|p1a: Gengar|Giga Drain|p2a: Blissey","|-damage|p2a: Blissey|362/661","|-heal|p1a: Gengar|172/263 par|[from] drain|[of] p2a: Blissey","|","|-weather|Sandstorm|[upkeep]","|-damage|p2a: Blissey|321/661|[from] Sandstorm","|-damage|p1a: Gengar|156/263 par|[from] Sandstorm","|-heal|p2a: Blissey|362/661|[from] item: Leftovers","|-heal|p1a: Gengar|172/263 par|[from] item: Leftovers","|upkeep","|turn|33","||adding 10 for new turn","|","|t:|1753078441","|move|p2a: Blissey|Ice Beam|p1a: Gengar","|-damage|p1a: Gengar|126/263 par","|move|p1a: Gengar|Giga Drain|p2a: Blissey","|-damage|p2a: Blissey|268/661","|-heal|p1a: Gengar|173/263 par|[from] drain|[of] p2a: Blissey","|","|-weather|Sandstorm|[upkeep]","|-damage|p2a: Blissey|227/661|[from] Sandstorm","|-damage|p1a: Gengar|157/263 par|[from] Sandstorm","|-heal|p2a: Blissey|268/661|[from] item: Leftovers","|-heal|p1a: Gengar|173/263 par|[from] item: Leftovers","|upkeep","|turn|34","||adding 10 for new turn","|","|t:|1753078447","|move|p2a: Blissey|Soft-Boiled|p2a: Blissey","|-heal|p2a: Blissey|598/661","|cant|p1a: Gengar|par","|","|-weather|Sandstorm|[upkeep]","|-damage|p2a: Blissey|557/661|[from] Sandstorm","|-damage|p1a: Gengar|157/263 par|[from] Sandstorm","|-heal|p2a: Blissey|598/661|[from] item: Leftovers","|-heal|p1a: Gengar|173/263 par|[from] item: Leftovers","|upkeep","|turn|35","||adding 10 for new turn","|","|t:|1753078451","|move|p2a: Blissey|Ice Beam|p1a: Gengar","|-damage|p1a: Gengar|127/263 par","|move|p1a: Gengar|Giga Drain|p2a: Blissey","|-damage|p2a: Blissey|500/661","|-heal|p1a: Gengar|176/263 par|[from] drain|[of] p2a: Blissey","|","|-weather|Sandstorm|[upkeep]","|-damage|p2a: Blissey|459/661|[from] Sandstorm","|-damage|p1a: Gengar|160/263 par|[from] Sandstorm","|-heal|p2a: Blissey|500/661|[from] item: Leftovers","|-heal|p1a: Gengar|176/263 par|[from] item: Leftovers","|upkeep","|turn|36","||adding 10 for new turn","|","|t:|1753078456","|move|p2a: Blissey|Ice Beam|p1a: Gengar","|-damage|p1a: Gengar|130/263 par","|move|p1a: Gengar|Giga Drain|p2a: Blissey","|-damage|p2a: Blissey|401/661","|-heal|p1a: Gengar|179/263 par|[from] drain|[of] p2a: Blissey","|","|-weather|Sandstorm|[upkeep]","|-damage|p2a: Blissey|360/661|[from] Sandstorm","|-damage|p1a: Gengar|163/263 par|[from] Sandstorm","|-heal|p2a: Blissey|401/661|[from] item: Leftovers","|-heal|p1a: Gengar|179/263 par|[from] item: Leftovers","|upkeep","|turn|37","||adding 10 for new turn","|","|t:|1753078462","|move|p2a: Blissey|Ice Beam|p1a: Gengar","|-damage|p1a: Gengar|134/263 par","|move|p1a: Gengar|Thunderbolt|p2a: Blissey","|-damage|p2a: Blissey|232/661","|","|-weather|Sandstorm|[upkeep]","|-damage|p2a: Blissey|191/661|[from] Sandstorm","|-damage|p1a: Gengar|118/263 par|[from] Sandstorm","|-heal|p2a: Blissey|232/661|[from] item: Leftovers","|-heal|p1a: Gengar|134/263 par|[from] item: Leftovers","|upkeep","|turn|38","||adding 10 for new turn","|","|t:|1753078467","|move|p2a: Blissey|Soft-Boiled|p2a: Blissey","|-heal|p2a: Blissey|562/661","|move|p1a: Gengar|Thunderbolt|p2a: Blissey","|-damage|p2a: Blissey|405/661","|","|-weather|Sandstorm|[upkeep]","|-damage|p2a: Blissey|364/661|[from] Sandstorm","|-damage|p1a: Gengar|118/263 par|[from] Sandstorm","|-heal|p2a: Blissey|405/661|[from] item: Leftovers","|-heal|p1a: Gengar|134/263 par|[from] item: Leftovers","|upkeep","|turn|39","||adding 10 for new turn","|","|t:|1753078472","|move|p2a: Blissey|Ice Beam|p1a: Gengar","|-damage|p1a: Gengar|84/263 par","|cant|p1a: Gengar|par","|","|-weather|Sandstorm|[upkeep]","|-damage|p2a: Blissey|364/661|[from] Sandstorm","|-damage|p1a: Gengar|68/263 par|[from] Sandstorm","|-heal|p2a: Blissey|405/661|[from] item: Leftovers","|-heal|p1a: Gengar|84/263 par|[from] item: Leftovers","|upkeep","|turn|40","||adding 10 for new turn","|","|t:|1753078477","|move|p2a: Blissey|Ice Beam|p1a: Gengar","|-damage|p1a: Gengar|35/263 par","|move|p1a: Gengar|Giga Drain|p2a: Blissey","|-damage|p2a: Blissey|299/661","|-heal|p1a: Gengar|88/263 par|[from] drain|[of] p2a: Blissey","|","|-weather|Sandstorm|[upkeep]","|-damage|p2a: Blissey|258/661|[from] Sandstorm","|-damage|p1a: Gengar|72/263 par|[from] Sandstorm","|-heal|p2a: Blissey|299/661|[from] item: Leftovers","|-heal|p1a: Gengar|88/263 par|[from] item: Leftovers","|upkeep","|turn|41","||adding 10 for new turn","|","|t:|1753078482","|move|p2a: Blissey|Ice Beam|p1a: Gengar","|-damage|p1a: Gengar|42/263 par","|move|p1a: Gengar|Giga Drain|p2a: Blissey","|-damage|p2a: Blissey|192/661","|-heal|p1a: Gengar|95/263 par|[from] drain|[of] p2a: Blissey","|","|-weather|Sandstorm|[upkeep]","|-damage|p2a: Blissey|151/661|[from] Sandstorm","|-damage|p1a: Gengar|79/263 par|[from] Sandstorm","|-heal|p2a: Blissey|192/661|[from] item: Leftovers","|-heal|p1a: Gengar|95/263 par|[from] item: Leftovers","|upkeep","|turn|42","||adding 10 for new turn","|","|t:|1753078488","|move|p2a: Blissey|Soft-Boiled|p2a: Blissey","|-heal|p2a: Blissey|522/661","|move|p1a: Gengar|Ice Punch|p2a: Blissey","|-damage|p2a: Blissey|397/661","|","|-weather|Sandstorm|[upkeep]","|-damage|p2a: Blissey|356/661|[from] Sandstorm","|-damage|p1a: Gengar|79/263 par|[from] Sandstorm","|-heal|p2a: Blissey|397/661|[from] item: Leftovers","|-heal|p1a: Gengar|95/263 par|[from] item: Leftovers","|upkeep","|turn|43","||adding 10 for new turn","|","|t:|1753078493","|move|p2a: Blissey|Soft-Boiled|p2a: Blissey","|-heal|p2a: Blissey|661/661","|move|p1a: Gengar|Thunderbolt|p2a: Blissey","|-damage|p2a: Blissey|504/661","|","|-weather|Sandstorm|[upkeep]","|-damage|p2a: Blissey|463/661|[from] Sandstorm","|-damage|p1a: Gengar|79/263 par|[from] Sandstorm","|-heal|p2a: Blissey|504/661|[from] item: Leftovers","|-heal|p1a: Gengar|95/263 par|[from] item: Leftovers","|upkeep","|turn|44","||adding 10 for new turn","|","|t:|1753078498","|switch|p2a: Tyranitar|Tyranitar, F|234/387","|cant|p1a: Gengar|par","|","|-weather|Sandstorm|[upkeep]","|-damage|p1a: Gengar|79/263 par|[from] Sandstorm","|-heal|p2a: Tyranitar|258/387|[from] item: Leftovers","|-heal|p1a: Gengar|95/263 par|[from] item: Leftovers","|upkeep","|turn|45","||adding 10 for new turn","|","|t:|1753078506","|move|p2a: Tyranitar|Rock Slide|p1a: Gengar","|-damage|p1a: Gengar|0 fnt","|faint|p1a: Gengar","||adding 5 to each for mid turn request","|","|t:|1753078513","|switch|p1a: Swampert|Swampert, M|245/401","|-damage|p1a: Swampert|195/401|[from] Spikes","|","|-weather|Sandstorm|[upkeep]","|-heal|p2a: Tyranitar|282/387|[from] item: Leftovers","|-heal|p1a: Swampert|220/401|[from] item: Leftovers","|upkeep","|turn|46","||adding 10 for new turn","|","|t:|1753078521","|move|p2a: Tyranitar|Earthquake|p1a: Swampert","|-crit|p1a: Swampert","|-damage|p1a: Swampert|0 fnt","|faint|p1a: Swampert","||adding 5 to each for mid turn request","|","|t:|1753078528","|switch|p1a: Celebi|Celebi|63/393","|-damage|p1a: Celebi|14/393|[from] Spikes","|","|-weather|Sandstorm|[upkeep]","|-damage|p1a: Celebi|0 fnt|[from] Sandstorm","|faint|p1a: Celebi","|","|win|foultestacceptor1",""],"p1rating":null,"p2rating":null,"endType":"normal","ladderError":true,"timestamp":"Sun Jul 20 2025 23:15:28 GMT-0700 (アメリカ太平洋夏時間)","roomid":"battle-gen3ou-1134","format":"gen3ou"}