{"winner":"foultestacceptor1","seed":"sodium,13fc42ef4e45338f7d32216a6adb8be9","turns":41,"p1":"foultestchallenge1","p2":"foultestacceptor1","p1team":[{"name":"Tyranitar","species":"Tyranitar","item":"Leftovers","ability":"Sand Stream","moves":["Rock Slide","Earthquake","Hidden Power Bug","Roar"],"nature":"Adamant","evs":{"hp":184,"atk":196,"def":120,"spa":0,"spd":0,"spe":8},"gender":"F","ivs":{"hp":31,"atk":30,"def":30,"spa":31,"spd":30,"spe":31},"happiness":255,"hpType":"Bug","pokeball":"","gigantamax":false,"dynamaxLevel":10,"teraType":"","level":100},{"name":"Milotic","species":"Milotic","item":"Leftovers","ability":"Marvel Scale","moves":["Surf","Toxic","Recover","Refresh"],"nature":"Bold","evs":{"hp":248,"atk":0,"def":212,"spa":0,"spd":0,"spe":48},"gender":"M","ivs":{"hp":31,"atk":0,"def":31,"spa":31,"spd":31,"spe":31},"level":100},{"name":"Blissey","species":"Blissey","item":"Leftovers","ability":"Natural Cure","moves":["Seismic Toss","Ice Beam","Thunder Wave","Soft-Boiled"],"nature":"Bold","evs":{"hp":40,"atk":0,"def":244,"spa":208,"spd":0,"spe":16},"gender":"F","level":100,"ivs":{"hp":31,"atk":31,"def":31,"spa":31,"spd":31,"spe":31}},{"name":"Skarmory","species":"Skarmory","item":"Leftovers","ability":"Keen Eye","moves":["Drill Peck","Toxic","Spikes","Roar"],"nature":"Careful","evs":{"hp":248,"atk":0,"def":0,"spa":0,"spd":236,"spe":24},"gender":"M","level":100,"ivs":{"hp":31,"atk":31,"def":31,"spa":31,"spd":31,"spe":31}},{"name":"Claydol","species":"Claydol","item":"Leftovers","ability":"Levitate","moves":["Earthquake","Psychic","Refresh","Rapid Spin"],"nature":"Adamant","evs":{"hp":224,"atk":228,"def":0,"spa":36,"spd":0,"spe":20},"gender":"N","level":100,"ivs":{"hp":31,"atk":31,"def":31,"spa":31,"spd":31,"spe":31}},{"name":"Dugtrio","species":"Dugtrio","item":"Choice Band","ability":"Arena Trap","moves":["Earthquake","Aerial Ace","Hidden Power Bug","Screech"],"nature":"Jolly","evs":{"hp":0,"atk":252,"def":0,"spa":0,"spd":4,"spe":252},"gender":"F","ivs":{"hp":31,"atk":30,"def":30,"spa":31,"spd":30,"spe":31},"happiness":255,"hpType":"Bug","pokeball":"","gigantamax":false,"dynamaxLevel":10,"teraType":"","level":100}],"p2team":[{"name":"Zapdos","species":"Zapdos","item":"Leftovers","ability":"Pressure","moves":["Thunderbolt","Hidden Power Grass","Baton Pass","Roar"],"nature":"Modest","evs":{"hp":0,"atk":0,"def":0,"spa":220,"spd":48,"spe":240},"gender":"N","ivs":{"hp":31,"atk":2,"def":31,"spa":30,"spd":31,"spe":31},"happiness":255,"hpType":"Grass","pokeball":"","gigantamax":false,"dynamaxLevel":10,"teraType":"","level":100},{"name":"Metagross","species":"Metagross","item":"Choice Band","ability":"Clear Body","moves":["Meteor Mash","Explosion","Earthquake","Rock Slide"],"nature":"Adamant","evs":{"hp":128,"atk":252,"def":0,"spa":0,"spd":0,"spe":128},"gender":"N","level":100,"ivs":{"hp":31,"atk":31,"def":31,"spa":31,"spd":31,"spe":31}},{"name":"Celebi","species":"Celebi","item":"Leftovers","ability":"Natural Cure","moves":["Calm Mind","Giga Drain","Hidden Power Ice","Baton Pass"],"nature":"Timid","evs":{"hp":208,"atk":0,"def":84,"spa":36,"spd":0,"spe":180},"gender":"N","ivs":{"hp":31,"atk":3,"def":31,"spa":31,"spd":31,"spe":30},"happiness":255,"hpType":"Ice","pokeball":"","gigantamax":false,"dynamaxLevel":10,"teraType":"","level":100},{"name":"Gengar","species":"Gengar","item":"Leftovers","ability":"Levitate","moves":["Thunderbolt","Ice Punch","Giga Drain","Explosion"],"nature":"Timid","evs":{"hp":8,"atk":0,"def":200,"spa":116,"spd":0,"spe":184},"gender":"F","level":100,"ivs":{"hp":31,"atk":31,"def":31,"spa":31,"spd":31,"spe":31}},{"name":"Swampert","species":"Swampert","item":"Leftovers","ability":"Torrent","moves":["Hydro Pump","Earthquake","Ice Beam","Refresh"],"nature":"Quiet","evs":{"hp":240,"atk":0,"def":12,"spa":216,"spd":0,"spe":40},"gender":"F","level":100,"ivs":{"hp":31,"atk":31,"def":31,"spa":31,"spd":31,"spe":31}},{"name":"Charizard","species":"Charizard","item":"Leftovers","ability":"Blaze","moves":["Substitute","Hidden Power Grass","Fire Blast","Focus Punch"],"nature":"Mild","evs":{"hp":0,"atk":4,"def":0,"spa":252,"spd":0,"spe":252},"gender":"F","ivs":{"hp":31,"atk":30,"def":31,"spa":30,"spd":31,"spe":31},"happiness":255,"hpType":"Grass","pokeball":"","gigantamax":false,"dynamaxLevel":10,"teraType":"","level":100}],"score":[0,1],"inputLog":[">version 372d05e49c92a79eecdf6c8dddb208bd1765c00f",">start {\"formatid\":\"gen3ou\",\"seed\":\"sodium,13fc42ef4e45338f7d32216a6adb8be9\"}",">player p1 {\"name\":\"foultestchallenge1\",\"avatar\":\"169\",\"team\":\"Tyranitar||Leftovers|SandStream|RockSlide,Earthquake,HiddenPowerBug,Roar|Adamant|184,196,120,,,8|F|,30,30,,30,|||,Bug,,,,]Milotic||Leftovers|MarvelScale|Surf,Toxic,Recover,Refresh|Bold|248,,212,,,48|M|,0,,,,|||]Blissey||Leftovers|NaturalCure|SeismicToss,IceBeam,ThunderWave,SoftBoiled|Bold|40,,244,208,,16|F||||]Skarmory||Leftovers|KeenEye|DrillPeck,Toxic,Spikes,Roar|Careful|248,,,,236,24|M||||]Claydol||Leftovers|Levitate|Earthquake,Psychic,Refresh,RapidSpin|Adamant|224,228,,36,,20|N||||]Dugtrio||ChoiceBand|ArenaTrap|Earthquake,AerialAce,HiddenPowerBug,Screech|Jolly|,252,,,4,252|F|,30,30,,30,|||,Bug,,,,\",\"rating\":0}",">player p2 {\"name\":\"foultestacceptor1\",\"avatar\":\"102\",\"team\":\"Zapdos||Leftovers|Pressure|Thunderbolt,HiddenPowerGrass,BatonPass,Roar|Modest|,,,220,48,240|N|,2,,30,,|||,Grass,,,,]Metagross||ChoiceBand|ClearBody|MeteorMash,Explosion,Earthquake,RockSlide|Adamant|128,252,,,,128|N||||]Celebi||Leftovers|NaturalCure|CalmMind,GigaDrain,HiddenPowerIce,BatonPass|Timid|208,,84,36,,180|N|,3,,,,30|||,Ice,,,,]Gengar||Leftovers|Levitate|Thunderbolt,IcePunch,GigaDrain,Explosion|Timid|8,,200,116,,184|F||||]Swampert||Leftovers|Torrent|HydroPump,Earthquake,IceBeam,Refresh|Quiet|240,,12,216,,40|F||||]Charizard||Leftovers|Blaze|Substitute,HiddenPowerGrass,FireBlast,FocusPunch|Mild|,4,,252,,252|F|,30,,30,,|||,Grass,,,,\",\"rating\":0}",">p1 move rockslide",">p2 move thunderbolt",">p2 switch 5",">p1 switch 4",">p2 move earthquake",">p1 move spikes",">p2 move hydropump",">p1 move toxic",">p2 move hydropump",">p1 move spikes",">p2 move refresh",">p1 move spikes",">p2 move hydropump",">p1 switch 2",">p2 move hydropump",">p1 move surf",">p2 move earthquake",">p1 move recover",">p2 move earthquake",">p1 move surf",">p2 move earthquake",">p1 move recover",">p2 move earthquake",">p1 move surf",">p2 move earthquake",">p1 move recover",">p2 move earthquake",">p1 move recover",">p2 move earthquake",">p1 move surf",">p2 move earthquake",">p1 move recover",">p2 move earthquake",">p1 move surf",">p2 move earthquake",">p1 move recover",">p2 move earthquake",">p1 move recover",">p2 move earthquake",">p1 move surf",">p2 move earthquake",">p2 switch 4",">p1 move recover",">p2 move thunderbolt",">p1 move recover",">p2 move thunderbolt",">p1 move surf",">p2 move thunderbolt",">p1 switch 3",">p2 move thunderbolt",">p1 move icebeam",">p2 move explosion",">p2 switch 2",">p1 move softboiled",">p2 move meteormash",">p1 switch 6",">p1 move earthquake",">p2 move meteormash",">p2 switch 6",">p1 switch 2",">p2 move fireblast",">p1 switch 3",">p1 move recover",">p2 switch 3",">p1 move toxic",">p2 move gigadrain",">p1 move recover",">p2 move calmmind",">p1 move toxic",">p2 move calmmind",">p1 move toxic",">p2 move gigadrain",">p1 move recover",">p2 move gigadrain",">p1 switch 5",">p1 move psychic",">p2 move gigadrain",">p1 move psychic",">p2 move gigadrain",">p1 switch 2",">p1 move hiddenpower",">p2 move gigadrain",">p2 switch 3",">p1 move hiddenpower",">p2 move focuspunch",">p1 move hiddenpower",">p2 move substitute",">p1 move hiddenpower",">p2 move focuspunch",">p1 switch 4",">p1 move rockslide",">p2 move focuspunch"],"log":["|j|☆foultestchallenge1","|j|☆foultestacceptor1","|t:|1753061605","|gametype|singles","|player|p1|foultestchallenge1|169|","|player|p2|foultestacceptor1|102|","|teamsize|p1|6","|teamsize|p2|6","|gen|3","|tier|[Gen 3] OU","|rule|Sleep Clause Mod: Limit one foe put to sleep","|rule|Switch Priority Clause Mod: Faster Pokémon switch first","|rule|Species Clause: Limit one of each Pokémon","|rule|OHKO Clause: OHKO moves are banned","|rule|Evasion Items Clause: Evasion items are banned","|rule|Evasion Moves Clause: Evasion moves are banned","|rule|Endless Battle Clause: Forcing endless battles is banned","|rule|HP Percentage Mod: HP is shown in percentages","|rule|One Boost Passer Clause: Limit one Baton Passer that has a way to boost its stats","|rule|Freeze Clause Mod: Limit one foe frozen","|","|t:|1753061605","|start","|switch|p1a: Tyranitar|Tyranitar, F|387/387","|switch|p2a: Zapdos|Zapdos|321/321","|-ability|p2a: Zapdos|Pressure|[silent]","|-weather|Sandstorm|[from] ability: Sand Stream|[of] p1a: Tyranitar","|turn|1","|inactive|Battle timer is ON: inactive players will automatically lose when time's up. (requested by foultestchallenge1)","|inactive|foultestacceptor1 also wants the timer to be on.","|","|t:|1753061614","|move|p2a: Zapdos|Thunderbolt|p1a: Tyranitar","|-damage|p1a: Tyranitar|200/387","|move|p1a: Tyranitar|Rock Slide|p2a: Zapdos","|-supereffective|p2a: Zapdos","|-damage|p2a: Zapdos|0 fnt","|faint|p2a: Zapdos","||adding 5 to each for mid turn request","|","|t:|1753061622","|switch|p2a: Swampert|Swampert, F|401/401","|","|-weather|Sandstorm|[upkeep]","|-heal|p1a: Tyranitar|224/387|[from] item: Leftovers","|upkeep","|turn|2","||adding 10 for new turn","|","|t:|1753061630","|switch|p1a: Skarmory|Skarmory, M|333/333","|move|p2a: Swampert|Earthquake|p1a: Skarmory","|-immune|p1a: Skarmory","|","|-weather|Sandstorm|[upkeep]","|upkeep","|turn|3","||adding 10 for new turn","|","|t:|1753061638","|move|p1a: Skarmory|Spikes|p2a: Swampert","|-sidestart|p2: foultestacceptor1|Spikes","|move|p2a: Swampert|Hydro Pump|p1a: Skarmory","|-damage|p1a: Skarmory|190/333","|","|-weather|Sandstorm|[upkeep]","|-heal|p1a: Skarmory|210/333|[from] item: Leftovers","|upkeep","|turn|4","||adding 10 for new turn","|","|t:|1753061646","|move|p1a: Skarmory|Toxic|p2a: Swampert","|-status|p2a: Swampert|tox","|move|p2a: Swampert|Hydro Pump|p1a: Skarmory|[miss]","|-miss|p2a: Swampert|p1a: Skarmory","|","|-weather|Sandstorm|[upkeep]","|-heal|p1a: Skarmory|230/333|[from] item: Leftovers","|-damage|p2a: Swampert|376/401 tox|[from] psn","|upkeep","|turn|5","||adding 10 for new turn","|","|t:|1753061654","|move|p1a: Skarmory|Spikes|p2a: Swampert","|-sidestart|p2: foultestacceptor1|Spikes","|move|p2a: Swampert|Refresh|p2a: Swampert","|-curestatus|p2a: Swampert|tox|[msg]","|","|-weather|Sandstorm|[upkeep]","|-heal|p1a: Skarmory|250/333|[from] item: Leftovers","|-heal|p2a: Swampert|401/401|[from] item: Leftovers","|upkeep","|turn|6","||adding 10 for new turn","|","|t:|1753061662","|move|p1a: Skarmory|Spikes|p2a: Swampert","|-sidestart|p2: foultestacceptor1|Spikes","|move|p2a: Swampert|Hydro Pump|p1a: Skarmory","|-damage|p1a: Skarmory|97/333","|","|-weather|Sandstorm|[upkeep]","|-heal|p1a: Skarmory|117/333|[from] item: Leftovers","|upkeep","|turn|7","||adding 10 for new turn","|","|t:|1753061669","|switch|p1a: Milotic|Milotic, M|393/393","|move|p2a: Swampert|Hydro Pump|p1a: Milotic","|-resisted|p1a: Milotic","|-damage|p1a: Milotic|321/393","|","|-weather|Sandstorm|[upkeep]","|-damage|p1a: Milotic|297/393|[from] Sandstorm","|-heal|p1a: Milotic|321/393|[from] item: Leftovers","|upkeep","|turn|8","||adding 10 for new turn","|","|t:|1753061677","|move|p1a: Milotic|Surf|p2a: Swampert","|-damage|p2a: Swampert|280/401","|move|p2a: Swampert|Earthquake|p1a: Milotic","|-damage|p1a: Milotic|205/393","|","|-weather|Sandstorm|[upkeep]","|-damage|p1a: Milotic|181/393|[from] Sandstorm","|-heal|p1a: Milotic|205/393|[from] item: Leftovers","|-heal|p2a: Swampert|305/401|[from] item: Leftovers","|upkeep","|turn|9","||adding 10 for new turn","|","|t:|1753061685","|move|p1a: Milotic|Recover|p1a: Milotic","|-heal|p1a: Milotic|393/393","|move|p2a: Swampert|Earthquake|p1a: Milotic","|-damage|p1a: Milotic|279/393","|","|-weather|Sandstorm|[upkeep]","|-damage|p1a: Milotic|255/393|[from] Sandstorm","|-heal|p1a: Milotic|279/393|[from] item: Leftovers","|-heal|p2a: Swampert|330/401|[from] item: Leftovers","|upkeep","|turn|10","||adding 10 for new turn","|","|t:|1753061693","|move|p1a: Milotic|Surf|p2a: Swampert","|-damage|p2a: Swampert|215/401","|move|p2a: Swampert|Earthquake|p1a: Milotic","|-damage|p1a: Milotic|160/393","|","|-weather|Sandstorm|[upkeep]","|-damage|p1a: Milotic|136/393|[from] Sandstorm","|-heal|p1a: Milotic|160/393|[from] item: Leftovers","|-heal|p2a: Swampert|240/401|[from] item: Leftovers","|upkeep","|turn|11","||adding 10 for new turn","|","|t:|1753061701","|move|p1a: Milotic|Recover|p1a: Milotic","|-heal|p1a: Milotic|356/393","|move|p2a: Swampert|Earthquake|p1a: Milotic","|-damage|p1a: Milotic|249/393","|","|-weather|Sandstorm|[upkeep]","|-damage|p1a: Milotic|225/393|[from] Sandstorm","|-heal|p1a: Milotic|249/393|[from] item: Leftovers","|-heal|p2a: Swampert|265/401|[from] item: Leftovers","|upkeep","|turn|12","||adding 10 for new turn","|","|t:|1753061709","|move|p1a: Milotic|Surf|p2a: Swampert","|-damage|p2a: Swampert|140/401","|move|p2a: Swampert|Earthquake|p1a: Milotic","|-damage|p1a: Milotic|142/393","|","|-weather|Sandstorm|[upkeep]","|-damage|p1a: Milotic|118/393|[from] Sandstorm","|-heal|p1a: Milotic|142/393|[from] item: Leftovers","|-heal|p2a: Swampert|165/401|[from] item: Leftovers","|upkeep","|turn|13","||adding 10 for new turn","|","|t:|1753061717","|move|p1a: Milotic|Recover|p1a: Milotic","|-heal|p1a: Milotic|338/393","|move|p2a: Swampert|Earthquake|p1a: Milotic","|-damage|p1a: Milotic|217/393","|","|-weather|Sandstorm|[upkeep]","|-damage|p1a: Milotic|193/393|[from] Sandstorm","|-heal|p1a: Milotic|217/393|[from] item: Leftovers","|-heal|p2a: Swampert|190/401|[from] item: Leftovers","|upkeep","|turn|14","||adding 10 for new turn","|","|t:|1753061724","|move|p1a: Milotic|Recover|p1a: Milotic","|-heal|p1a: Milotic|393/393","|move|p2a: Swampert|Earthquake|p1a: Milotic","|-damage|p1a: Milotic|291/393","|","|-weather|Sandstorm|[upkeep]","|-damage|p1a: Milotic|267/393|[from] Sandstorm","|-heal|p1a: Milotic|291/393|[from] item: Leftovers","|-heal|p2a: Swampert|215/401|[from] item: Leftovers","|upkeep","|turn|15","||adding 10 for new turn","|","|t:|1753061732","|move|p1a: Milotic|Surf|p2a: Swampert","|-damage|p2a: Swampert|93/401","|move|p2a: Swampert|Earthquake|p1a: Milotic","|-damage|p1a: Milotic|173/393","|","|-weather|Sandstorm|[upkeep]","|-damage|p1a: Milotic|149/393|[from] Sandstorm","|-heal|p1a: Milotic|173/393|[from] item: Leftovers","|-heal|p2a: Swampert|118/401|[from] item: Leftovers","|upkeep","|turn|16","||adding 10 for new turn","|","|t:|1753061740","|move|p1a: Milotic|Recover|p1a: Milotic","|-heal|p1a: Milotic|369/393","|move|p2a: Swampert|Earthquake|p1a: Milotic","|-damage|p1a: Milotic|262/393","|","|-weather|Sandstorm|[upkeep]","|-damage|p1a: Milotic|238/393|[from] Sandstorm","|-heal|p1a: Milotic|262/393|[from] item: Leftovers","|-heal|p2a: Swampert|143/401|[from] item: Leftovers","|upkeep","|turn|17","||adding 10 for new turn","|","|t:|1753061748","|move|p1a: Milotic|Surf|p2a: Swampert","|-damage|p2a: Swampert|25/401","|move|p2a: Swampert|Earthquake|p1a: Milotic","|-damage|p1a: Milotic|154/393","|","|-weather|Sandstorm|[upkeep]","|-damage|p1a: Milotic|130/393|[from] Sandstorm","|-heal|p1a: Milotic|154/393|[from] item: Leftovers","|-heal|p2a: Swampert|50/401|[from] item: Leftovers","|upkeep","|turn|18","||adding 10 for new turn","|","|t:|1753061755","|move|p1a: Milotic|Recover|p1a: Milotic","|-heal|p1a: Milotic|350/393","|move|p2a: Swampert|Earthquake|p1a: Milotic","|-damage|p1a: Milotic|240/393","|","|-weather|Sandstorm|[upkeep]","|-damage|p1a: Milotic|216/393|[from] Sandstorm","|-heal|p1a: Milotic|240/393|[from] item: Leftovers","|-heal|p2a: Swampert|75/401|[from] item: Leftovers","|upkeep","|turn|19","||adding 10 for new turn","|","|t:|1753061763","|move|p1a: Milotic|Recover|p1a: Milotic","|-heal|p1a: Milotic|393/393","|move|p2a: Swampert|Earthquake|p1a: Milotic","|-damage|p1a: Milotic|274/393","|","|-weather|Sandstorm|[upkeep]","|-damage|p1a: Milotic|250/393|[from] Sandstorm","|-heal|p1a: Milotic|274/393|[from] item: Leftovers","|-heal|p2a: Swampert|100/401|[from] item: Leftovers","|upkeep","|turn|20","||adding 10 for new turn","|","|t:|1753061770","|move|p1a: Milotic|Surf|p2a: Swampert","|-crit|p2a: Swampert","|-damage|p2a: Swampert|0 fnt","|faint|p2a: Swampert","||adding 5 to each for mid turn request","|","|t:|1753061778","|switch|p2a: Gengar|Gengar, F|263/263","|","|-weather|Sandstorm|[upkeep]","|-damage|p2a: Gengar|247/263|[from] Sandstorm","|-damage|p1a: Milotic|250/393|[from] Sandstorm","|-heal|p2a: Gengar|263/263|[from] item: Leftovers","|-heal|p1a: Milotic|274/393|[from] item: Leftovers","|upkeep","|turn|21","||adding 10 for new turn","|","|t:|1753061786","|move|p2a: Gengar|Thunderbolt|p1a: Milotic","|-supereffective|p1a: Milotic","|-damage|p1a: Milotic|98/393","|move|p1a: Milotic|Recover|p1a: Milotic","|-heal|p1a: Milotic|294/393","|","|-weather|Sandstorm|[upkeep]","|-damage|p2a: Gengar|247/263|[from] Sandstorm","|-damage|p1a: Milotic|270/393|[from] Sandstorm","|-heal|p2a: Gengar|263/263|[from] item: Leftovers","|-heal|p1a: Milotic|294/393|[from] item: Leftovers","|upkeep","|turn|22","||adding 10 for new turn","|","|t:|1753061794","|move|p2a: Gengar|Thunderbolt|p1a: Milotic","|-supereffective|p1a: Milotic","|-damage|p1a: Milotic|127/393","|move|p1a: Milotic|Recover|p1a: Milotic","|-heal|p1a: Milotic|323/393","|","|-weather|Sandstorm|[upkeep]","|-damage|p2a: Gengar|247/263|[from] Sandstorm","|-damage|p1a: Milotic|299/393|[from] Sandstorm","|-heal|p2a: Gengar|263/263|[from] item: Leftovers","|-heal|p1a: Milotic|323/393|[from] item: Leftovers","|upkeep","|turn|23","||adding 10 for new turn","|","|t:|1753061802","|move|p2a: Gengar|Thunderbolt|p1a: Milotic","|-supereffective|p1a: Milotic","|-damage|p1a: Milotic|151/393","|move|p1a: Milotic|Surf|p2a: Gengar","|-damage|p2a: Gengar|125/263","|","|-weather|Sandstorm|[upkeep]","|-damage|p2a: Gengar|109/263|[from] Sandstorm","|-damage|p1a: Milotic|127/393|[from] Sandstorm","|-heal|p2a: Gengar|125/263|[from] item: Leftovers","|-heal|p1a: Milotic|151/393|[from] item: Leftovers","|upkeep","|turn|24","||adding 10 for new turn","|","|t:|1753061810","|switch|p1a: Blissey|Blissey, F|661/661","|move|p2a: Gengar|Thunderbolt|p1a: Blissey","|-damage|p1a: Blissey|586/661","|","|-weather|Sandstorm|[upkeep]","|-damage|p2a: Gengar|109/263|[from] Sandstorm","|-damage|p1a: Blissey|545/661|[from] Sandstorm","|-heal|p2a: Gengar|125/263|[from] item: Leftovers","|-heal|p1a: Blissey|586/661|[from] item: Leftovers","|upkeep","|turn|25","||adding 10 for new turn","|","|t:|1753061818","|move|p2a: Gengar|Explosion|p1a: Blissey","|-damage|p1a: Blissey|126/661","|faint|p2a: Gengar","||adding 5 to each for mid turn request","|","|t:|1753061826","|switch|p2a: Metagross|Metagross|333/333","|-damage|p2a: Metagross|250/333|[from] Spikes","|","|-weather|Sandstorm|[upkeep]","|-damage|p1a: Blissey|85/661|[from] Sandstorm","|-heal|p1a: Blissey|126/661|[from] item: Leftovers","|upkeep","|turn|26","||adding 10 for new turn","|","|t:|1753061834","|move|p2a: Metagross|Meteor Mash|p1a: Blissey","|-damage|p1a: Blissey|0 fnt","|faint|p1a: Blissey","||adding 5 to each for mid turn request","|","|t:|1753061842","|switch|p1a: Dugtrio|Dugtrio, F|211/211","|","|-weather|Sandstorm|[upkeep]","|upkeep","|turn|27","||adding 10 for new turn","|","|t:|1753061849","|move|p1a: Dugtrio|Earthquake|p2a: Metagross","|-supereffective|p2a: Metagross","|-damage|p2a: Metagross|0 fnt","|faint|p2a: Metagross","||adding 5 to each for mid turn request","|","|t:|1753061857","|switch|p2a: Charizard|Charizard, F|297/297","|","|-weather|Sandstorm|[upkeep]","|-damage|p2a: Charizard|279/297|[from] Sandstorm","|-heal|p2a: Charizard|297/297|[from] item: Leftovers","|upkeep","|turn|28","||adding 10 for new turn","|","|t:|1753061864","|switch|p1a: Skarmory|Skarmory, M|117/333","|move|p2a: Charizard|Fire Blast|p1a: Skarmory","|-supereffective|p1a: Skarmory","|-damage|p1a: Skarmory|0 fnt","|faint|p1a: Skarmory","||adding 5 to each for mid turn request","|","|t:|1753061872","|switch|p1a: Milotic|Milotic, M|151/393","|","|-weather|Sandstorm|[upkeep]","|-damage|p2a: Charizard|279/297|[from] Sandstorm","|-damage|p1a: Milotic|127/393|[from] Sandstorm","|-heal|p2a: Charizard|297/297|[from] item: Leftovers","|-heal|p1a: Milotic|151/393|[from] item: Leftovers","|upkeep","|turn|29","||adding 10 for new turn","|","|t:|1753061879","|switch|p2a: Celebi|Celebi|393/393","|-damage|p2a: Celebi|295/393|[from] Spikes","|move|p1a: Milotic|Recover|p1a: Milotic","|-heal|p1a: Milotic|347/393","|","|-weather|Sandstorm|[upkeep]","|-damage|p2a: Celebi|271/393|[from] Sandstorm","|-damage|p1a: Milotic|323/393|[from] Sandstorm","|-heal|p2a: Celebi|295/393|[from] item: Leftovers","|-heal|p1a: Milotic|347/393|[from] item: Leftovers","|upkeep","|turn|30","||adding 10 for new turn","|","|t:|1753061887","|move|p2a: Celebi|Giga Drain|p1a: Milotic","|-supereffective|p1a: Milotic","|-damage|p1a: Milotic|231/393","|-heal|p2a: Celebi|353/393|[from] drain|[of] p1a: Milotic","|move|p1a: Milotic|Toxic|p2a: Celebi|[miss]","|-miss|p1a: Milotic|p2a: Celebi","|","|-weather|Sandstorm|[upkeep]","|-damage|p2a: Celebi|329/393|[from] Sandstorm","|-damage|p1a: Milotic|207/393|[from] Sandstorm","|-heal|p2a: Celebi|353/393|[from] item: Leftovers","|-heal|p1a: Milotic|231/393|[from] item: Leftovers","|upkeep","|turn|31","||adding 10 for new turn","|","|t:|1753061895","|move|p2a: Celebi|Calm Mind|p2a: Celebi","|-boost|p2a: Celebi|spa|1","|-boost|p2a: Celebi|spd|1","|move|p1a: Milotic|Recover|p1a: Milotic","|-heal|p1a: Milotic|393/393","|","|-weather|Sandstorm|[upkeep]","|-damage|p2a: Celebi|329/393|[from] Sandstorm","|-damage|p1a: Milotic|369/393|[from] Sandstorm","|-heal|p2a: Celebi|353/393|[from] item: Leftovers","|-heal|p1a: Milotic|393/393|[from] item: Leftovers","|upkeep","|turn|32","||adding 10 for new turn","|","|t:|1753061902","|move|p2a: Celebi|Calm Mind|p2a: Celebi","|-boost|p2a: Celebi|spa|1","|-boost|p2a: Celebi|spd|1","|move|p1a: Milotic|Toxic|p2a: Celebi|[miss]","|-miss|p1a: Milotic|p2a: Celebi","|","|-weather|Sandstorm|[upkeep]","|-damage|p2a: Celebi|329/393|[from] Sandstorm","|-damage|p1a: Milotic|369/393|[from] Sandstorm","|-heal|p2a: Celebi|353/393|[from] item: Leftovers","|-heal|p1a: Milotic|393/393|[from] item: Leftovers","|upkeep","|turn|33","||adding 10 for new turn","|","|t:|1753061910","|move|p2a: Celebi|Giga Drain|p1a: Milotic","|-supereffective|p1a: Milotic","|-damage|p1a: Milotic|153/393","|-heal|p2a: Celebi|393/393|[from] drain|[of] p1a: Milotic","|move|p1a: Milotic|Toxic|p2a: Celebi","|-status|p2a: Celebi|tox","|","|-weather|Sandstorm|[upkeep]","|-damage|p2a: Celebi|369/393 tox|[from] Sandstorm","|-damage|p1a: Milotic|129/393|[from] Sandstorm","|-heal|p2a: Celebi|393/393 tox|[from] item: Leftovers","|-damage|p2a: Celebi|369/393 tox|[from] psn","|-heal|p1a: Milotic|153/393|[from] item: Leftovers","|upkeep","|turn|34","||adding 10 for new turn","|","|t:|1753061917","|move|p2a: Celebi|Giga Drain|p1a: Milotic","|-supereffective|p1a: Milotic","|-damage|p1a: Milotic|0 fnt","|-heal|p2a: Celebi|393/393 tox|[from] drain|[of] p1a: Milotic","|faint|p1a: Milotic","||adding 5 to each for mid turn request","|","|t:|1753061925","|switch|p1a: Claydol|Claydol|317/317","|","|-weather|Sandstorm|[upkeep]","|-damage|p2a: Celebi|369/393 tox|[from] Sandstorm","|-heal|p2a: Celebi|393/393 tox|[from] item: Leftovers","|-damage|p2a: Celebi|345/393 tox|[from] psn","|upkeep","|turn|35","||adding 10 for new turn","|","|t:|1753061932","|move|p2a: Celebi|Giga Drain|p1a: Claydol","|-supereffective|p1a: Claydol","|-damage|p1a: Claydol|59/317","|-heal|p2a: Celebi|393/393 tox|[from] drain|[of] p1a: Claydol","|move|p1a: Claydol|Psychic|p2a: Celebi","|-resisted|p2a: Celebi","|-damage|p2a: Celebi|375/393 tox","|","|-weather|Sandstorm|[upkeep]","|-damage|p2a: Celebi|351/393 tox|[from] Sandstorm","|-heal|p2a: Celebi|375/393 tox|[from] item: Leftovers","|-damage|p2a: Celebi|303/393 tox|[from] psn","|-heal|p1a: Claydol|78/317|[from] item: Leftovers","|upkeep","|turn|36","||adding 10 for new turn","|","|t:|1753061939","|move|p2a: Celebi|Giga Drain|p1a: Claydol","|-supereffective|p1a: Claydol","|-damage|p1a: Claydol|0 fnt","|-heal|p2a: Celebi|342/393 tox|[from] drain|[of] p1a: Claydol","|faint|p1a: Claydol","||adding 5 to each for mid turn request","|","|t:|1753061946","|switch|p1a: Dugtrio|Dugtrio, F|211/211","|","|-weather|Sandstorm|[upkeep]","|-damage|p2a: Celebi|318/393 tox|[from] Sandstorm","|-heal|p2a: Celebi|342/393 tox|[from] item: Leftovers","|-damage|p2a: Celebi|246/393 tox|[from] psn","|upkeep","|turn|37","||adding 10 for new turn","|","|t:|1753061953","|move|p1a: Dugtrio|Hidden Power|p2a: Celebi","|-supereffective|p2a: Celebi","|-damage|p2a: Celebi|0 fnt","|faint|p2a: Celebi","||adding 5 to each for mid turn request","|","|t:|1753061960","|switch|p2a: Charizard|Charizard, F|297/297","|","|-weather|Sandstorm|[upkeep]","|-damage|p2a: Charizard|279/297|[from] Sandstorm","|-heal|p2a: Charizard|297/297|[from] item: Leftovers","|upkeep","|turn|38","||adding 10 for new turn","|","|t:|1753061967","|-singleturn|p2a: Charizard|move: Focus Punch","|move|p1a: Dugtrio|Hidden Power|p2a: Charizard","|-resisted|p2a: Charizard","|-damage|p2a: Charizard|267/297","|move|p2a: Charizard|Focus Punch||[still]","|cant|p2a: Charizard|Focus Punch|Focus Punch","|","|-weather|Sandstorm|[upkeep]","|-damage|p2a: Charizard|249/297|[from] Sandstorm","|-heal|p2a: Charizard|267/297|[from] item: Leftovers","|upkeep","|turn|39","||adding 10 for new turn","|","|t:|1753061974","|move|p1a: Dugtrio|Hidden Power|p2a: Charizard","|-resisted|p2a: Charizard","|-damage|p2a: Charizard|239/297","|move|p2a: Charizard|Substitute|p2a: Charizard","|-start|p2a: Charizard|Substitute","|-damage|p2a: Charizard|165/297","|","|-weather|Sandstorm|[upkeep]","|-damage|p2a: Charizard|147/297|[from] Sandstorm","|-heal|p2a: Charizard|165/297|[from] item: Leftovers","|upkeep","|turn|40","||adding 10 for new turn","|","|t:|1753061980","|-singleturn|p2a: Charizard|move: Focus Punch","|move|p1a: Dugtrio|Hidden Power|p2a: Charizard","|-resisted|p2a: Charizard","|-activate|p2a: Charizard|Substitute|[damage]","|move|p2a: Charizard|Focus Punch|p1a: Dugtrio","|-crit|p1a: Dugtrio","|-damage|p1a: Dugtrio|0 fnt","|faint|p1a: Dugtrio","||adding 5 to each for mid turn request","|","|t:|1753061984","|switch|p1a: Tyranitar|Tyranitar, F|224/387","|","|-weather|Sandstorm|[upkeep]","|-damage|p2a: Charizard|147/297|[from] Sandstorm","|-heal|p2a: Charizard|165/297|[from] item: Leftovers","|-heal|p1a: Tyranitar|248/387|[from] item: Leftovers","|upkeep","|turn|41","||adding 10 for new turn","|","|t:|1753061991","|-singleturn|p2a: Charizard|move: Focus Punch","|move|p1a: Tyranitar|Rock Slide|p2a: Charizard","|-supereffective|p2a: Charizard","|-end|p2a: Charizard|Substitute","|move|p2a: Charizard|Focus Punch|p1a: Tyranitar","|-supereffective|p1a: Tyranitar","|-damage|p1a: Tyranitar|0 fnt","|faint|p1a: Tyranitar","|","|win|foultestacceptor1",""],"p1rating":null,"p2rating":null,"endType":"normal","ladderError":true,"timestamp":"Sun Jul 20 2025 18:39:51 GMT-0700 (アメリカ太平洋夏時間)","roomid":"battle-gen3ou-1091","format":"gen3ou"}