{"winner":"foultestacceptor1","seed":"sodium,6bc078ab750a785e7d77009101a40867","turns":39,"p1":"foultestchallenge1","p2":"foultestacceptor1","p1team":[{"name":"Skarmory","species":"Skarmory","item":"Leftovers","ability":"Keen Eye","moves":["Spikes","Roar","Toxic","Protect"],"nature":"Careful","evs":{"hp":252,"atk":0,"def":0,"spa":0,"spd":252,"spe":4},"gender":"M","ivs":{"hp":31,"atk":0,"def":31,"spa":31,"spd":31,"spe":31},"level":100},{"name":"Jolteon","species":"Jolteon","item":"Leftovers","ability":"Volt Absorb","moves":["Thunderbolt","Thunder Wave","Hidden Power Grass","Baton Pass"],"nature":"Timid","evs":{"hp":4,"atk":0,"def":0,"spa":252,"spd":0,"spe":252},"gender":"F","ivs":{"hp":31,"atk":2,"def":31,"spa":30,"spd":31,"spe":31},"happiness":255,"hpType":"Grass","pokeball":"","gigantamax":false,"dynamaxLevel":10,"teraType":"","level":100},{"name":"Tyranitar","species":"Tyranitar","item":"Leftovers","ability":"Sand Stream","moves":["Focus Punch","Earthquake","Hidden Power Bug","Rock Slide"],"nature":"Adamant","evs":{"hp":252,"atk":252,"def":4,"spa":0,"spd":0,"spe":0},"gender":"M","ivs":{"hp":31,"atk":31,"def":31,"spa":31,"spd":30,"spe":30},"happiness":255,"hpType":"Bug","pokeball":"","gigantamax":false,"dynamaxLevel":10,"teraType":"","level":100},{"name":"Gengar","species":"Gengar","item":"Leftovers","ability":"Levitate","moves":["Ice Punch","Fire Punch","Hidden Power Grass","Explosion"],"nature":"Hasty","evs":{"hp":40,"atk":0,"def":0,"spa":252,"spd":0,"spe":216},"gender":"M","ivs":{"hp":31,"atk":30,"def":31,"spa":30,"spd":31,"spe":31},"happiness":255,"hpType":"Grass","pokeball":"","gigantamax":false,"dynamaxLevel":10,"teraType":"","level":100},{"name":"Metagross","species":"Metagross","item":"Choice Band","ability":"Clear Body","moves":["Meteor Mash","Earthquake","Rock Slide","Explosion"],"nature":"Adamant","evs":{"hp":68,"atk":252,"def":0,"spa":0,"spd":0,"spe":188},"gender":"N","level":100,"ivs":{"hp":31,"atk":31,"def":31,"spa":31,"spd":31,"spe":31}},{"name":"Starmie","species":"Starmie","item":"Leftovers","ability":"Natural Cure","moves":["Hydro Pump","Thunderbolt","Ice Beam","Psychic"],"nature":"Timid","evs":{"hp":4,"atk":0,"def":0,"spa":252,"spd":0,"spe":252},"gender":"N","ivs":{"hp":31,"atk":0,"def":31,"spa":31,"spd":31,"spe":31},"level":100}],"p2team":[{"name":"Dugtrio","species":"Dugtrio","item":"Choice Band","ability":"Arena Trap","moves":["Earthquake","Hidden Power Bug","Aerial Ace","Sunny Day"],"nature":"Adamant","evs":{"hp":96,"atk":168,"def":20,"spa":0,"spd":0,"spe":224},"gender":"F","ivs":{"hp":31,"atk":30,"def":30,"spa":31,"spd":30,"spe":31},"happiness":255,"hpType":"Bug","pokeball":"","gigantamax":false,"dynamaxLevel":10,"teraType":"","level":100},{"name":"Forretress","species":"Forretress","item":"Leftovers","ability":"Sturdy","moves":["Spikes","Zap Cannon","Explosion","Hidden Power Bug"],"nature":"Careful","evs":{"hp":252,"atk":0,"def":4,"spa":0,"spd":252,"spe":0},"gender":"F","ivs":{"hp":31,"atk":30,"def":30,"spa":31,"spd":30,"spe":31},"happiness":255,"hpType":"Bug","pokeball":"","gigantamax":false,"dynamaxLevel":10,"teraType":"","level":100},{"name":"Snorlax","species":"Snorlax","item":"Leftovers","ability":"Immunity","moves":["Return","Curse","Rest","Shadow Ball"],"nature":"Careful","evs":{"hp":144,"atk":96,"def":132,"spa":0,"spd":136,"spe":0},"gender":"M","level":100,"ivs":{"hp":31,"atk":31,"def":31,"spa":31,"spd":31,"spe":31}},{"name":"Suicune","species":"Suicune","item":"Leftovers","ability":"Pressure","moves":["Calm Mind","Rest","Ice Beam","Surf"],"nature":"Bold","evs":{"hp":240,"atk":0,"def":252,"spa":0,"spd":0,"spe":16},"gender":"N","ivs":{"hp":31,"atk":0,"def":31,"spa":31,"spd":31,"spe":31},"level":100},{"name":"Claydol","species":"Claydol","item":"Leftovers","ability":"Levitate","moves":["Earthquake","Psychic","Rapid Spin","Rest"],"nature":"Lonely","evs":{"hp":252,"atk":224,"def":0,"spa":24,"spd":0,"spe":8},"gender":"N","level":100,"ivs":{"hp":31,"atk":31,"def":31,"spa":31,"spd":31,"spe":31}},{"name":"Blissey","species":"Blissey","item":"Leftovers","ability":"Natural Cure","moves":["Soft-Boiled","Seismic Toss","Thunder Wave","Aromatherapy"],"nature":"Bold","evs":{"hp":252,"atk":0,"def":252,"spa":0,"spd":0,"spe":4},"gender":"F","ivs":{"hp":31,"atk":0,"def":31,"spa":31,"spd":31,"spe":31},"level":100}],"score":[0,3],"inputLog":[">version 372d05e49c92a79eecdf6c8dddb208bd1765c00f",">start {\"formatid\":\"gen3ou\",\"seed\":\"sodium,6bc078ab750a785e7d77009101a40867\"}",">player p1 {\"name\":\"foultestchallenge1\",\"avatar\":\"169\",\"team\":\"Skarmory||Leftovers|KeenEye|Spikes,Roar,Toxic,Protect|Careful|252,,,,252,4|M|,0,,,,|||]Jolteon||Leftovers|VoltAbsorb|Thunderbolt,ThunderWave,HiddenPowerGrass,BatonPass|Timid|4,,,252,,252|F|,2,,30,,|||,Grass,,,,]Tyranitar||Leftovers|SandStream|FocusPunch,Earthquake,HiddenPowerBug,RockSlide|Adamant|252,252,4,,,|M|,,,,30,30|||,Bug,,,,]Gengar||Leftovers|Levitate|IcePunch,FirePunch,HiddenPowerGrass,Explosion|Hasty|40,,,252,,216|M|,30,,30,,|||,Grass,,,,]Metagross||ChoiceBand|ClearBody|MeteorMash,Earthquake,RockSlide,Explosion|Adamant|68,252,,,,188|N||||]Starmie||Leftovers|NaturalCure|HydroPump,Thunderbolt,IceBeam,Psychic|Timid|4,,,252,,252|N|,0,,,,|||\",\"rating\":0}",">player p2 {\"name\":\"foultestacceptor1\",\"avatar\":\"102\",\"team\":\"Dugtrio||ChoiceBand|ArenaTrap|Earthquake,HiddenPowerBug,AerialAce,SunnyDay|Adamant|96,168,20,,,224|F|,30,30,,30,|||,Bug,,,,]Forretress||Leftovers|Sturdy|Spikes,ZapCannon,Explosion,HiddenPowerBug|Careful|252,,4,,252,|F|,30,30,,30,|||,Bug,,,,]Snorlax||Leftovers|Immunity|Return,Curse,Rest,ShadowBall|Careful|144,96,132,,136,|M||||]Suicune||Leftovers|Pressure|CalmMind,Rest,IceBeam,Surf|Bold|240,,252,,,16|N|,0,,,,|||]Claydol||Leftovers|Levitate|Earthquake,Psychic,RapidSpin,Rest|Lonely|252,224,,24,,8|N||||]Blissey||Leftovers|NaturalCure|SoftBoiled,SeismicToss,ThunderWave,Aromatherapy|Bold|252,,252,,,4|F|,0,,,,|||\",\"rating\":0}",">p1 move spikes",">p2 switch 2",">p1 switch 4",">p2 move spikes",">p1 move firepunch",">p2 switch 6",">p1 switch 3",">p2 move thunderwave",">p1 move focuspunch",">p2 move seismictoss",">p1 move focuspunch",">p2 switch 4",">p1 switch 4",">p2 move surf",">p1 move spikes",">p2 move surf",">p1 move spikes",">p2 move surf",">p1 move roar",">p2 move surf",">p1 switch 4",">p2 move seismictoss",">p1 move focuspunch",">p2 switch 5",">p1 switch 3",">p2 move psychic",">p1 move icepunch",">p2 switch 5",">p1 move firepunch",">p2 move softboiled",">p1 move explosion",">p2 move softboiled",">p1 switch 6",">p2 switch 5",">p1 move hydropump",">p2 move rapidspin",">p1 move hydropump",">p2 switch 3",">p1 switch 5",">p2 move return",">p1 move meteormash",">p2 switch 4",">p2 switch 2",">p1 move meteormash",">p2 move earthquake",">p1 switch 4",">p1 move spikes",">p2 switch 4",">p1 move spikes",">p2 move return",">p1 move protect",">p2 move return",">p1 move protect",">p2 move return",">p1 move protect",">p2 move return",">p1 move protect",">p2 move return",">p1 move roar",">p2 move return",">p1 move roar",">p2 move zapcannon",">p1 move toxic",">p2 move rapidspin",">p1 move spikes",">p2 switch 3",">p1 move roar",">p2 move zapcannon",">p1 move spikes",">p2 move return",">p1 move spikes",">p2 move return",">p1 move roar",">p2 move return",">p1 move roar",">p2 move zapcannon",">p1 switch 5",">p1 move hydropump",">p2 move hiddenpower",">p1 switch 2",">p1 move hiddenpower",">p2 move explosion",">p1 switch 3",">p2 switch 4",">p1 move earthquake",">p2 move earthquake"],"log":["|j|☆foultestchallenge1","|j|☆foultestacceptor1","|t:|1753063937","|gametype|singles","|player|p1|foultestchallenge1|169|","|player|p2|foultestacceptor1|102|","|teamsize|p1|6","|teamsize|p2|6","|gen|3","|tier|[Gen 3] OU","|rule|Sleep Clause Mod: Limit one foe put to sleep","|rule|Switch Priority Clause Mod: Faster Pokémon switch first","|rule|Species Clause: Limit one of each Pokémon","|rule|OHKO Clause: OHKO moves are banned","|rule|Evasion Items Clause: Evasion items are banned","|rule|Evasion Moves Clause: Evasion moves are banned","|rule|Endless Battle Clause: Forcing endless battles is banned","|rule|HP Percentage Mod: HP is shown in percentages","|rule|One Boost Passer Clause: Limit one Baton Passer that has a way to boost its stats","|rule|Freeze Clause Mod: Limit one foe frozen","|","|t:|1753063937","|start","|switch|p1a: Skarmory|Skarmory, M|334/334","|switch|p2a: Dugtrio|Dugtrio, F|235/235","|turn|1","|inactive|Battle timer is ON: inactive players will automatically lose when time's up. (requested by foultestacceptor1)","|inactive|foultestchallenge1 also wants the timer to be on.","|","|t:|1753063945","|switch|p2a: Forretress|Forretress, F|354/354","|move|p1a: Skarmory|Spikes|p2a: Forretress","|-sidestart|p2: foultestacceptor1|Spikes","|","|upkeep","|turn|2","||adding 10 for new turn","|","|t:|1753063953","|switch|p1a: Gengar|Gengar, M|271/271","|move|p2a: Forretress|Spikes|p1a: Gengar","|-sidestart|p1: foultestchallenge1|Spikes","|","|upkeep","|turn|3","||adding 10 for new turn","|","|t:|1753063961","|switch|p2a: Blissey|Blissey, F|714/714","|-damage|p2a: Blissey|625/714|[from] Spikes","|move|p1a: Gengar|Fire Punch|p2a: Blissey","|-damage|p2a: Blissey|556/714","|","|-heal|p2a: Blissey|600/714|[from] item: Leftovers","|upkeep","|turn|4","||adding 10 for new turn","|","|t:|1753063969","|switch|p1a: Tyranitar|Tyranitar, M|404/404","|-damage|p1a: Tyranitar|354/404|[from] Spikes","|-weather|Sandstorm|[from] ability: Sand Stream|[of] p1a: Tyranitar","|move|p2a: Blissey|Thunder Wave|p1a: Tyranitar","|-status|p1a: Tyranitar|par","|","|-weather|Sandstorm|[upkeep]","|-damage|p2a: Blissey|556/714|[from] Sandstorm","|-heal|p2a: Blissey|600/714|[from] item: Leftovers","|-heal|p1a: Tyranitar|379/404 par|[from] item: Leftovers","|upkeep","|turn|5","||adding 10 for new turn","|","|t:|1753063977","|-singleturn|p1a: Tyranitar|move: Focus Punch","|move|p2a: Blissey|Seismic Toss|p1a: Tyranitar","|-damage|p1a: Tyranitar|279/404 par","|move|p1a: Tyranitar|Focus Punch||[still]","|cant|p1a: Tyranitar|Focus Punch|Focus Punch","|","|-weather|Sandstorm|[upkeep]","|-damage|p2a: Blissey|556/714|[from] Sandstorm","|-heal|p2a: Blissey|600/714|[from] item: Leftovers","|-heal|p1a: Tyranitar|304/404 par|[from] item: Leftovers","|upkeep","|turn|6","||adding 10 for new turn","|","|t:|1753063986","|-singleturn|p1a: Tyranitar|move: Focus Punch","|switch|p2a: Suicune|Suicune|401/401","|-damage|p2a: Suicune|351/401|[from] Spikes","|-ability|p2a: Suicune|Pressure|[silent]","|move|p1a: Tyranitar|Focus Punch|p2a: Suicune","|-damage|p2a: Suicune|224/401","|","|-weather|Sandstorm|[upkeep]","|-damage|p2a: Suicune|199/401|[from] Sandstorm","|-heal|p2a: Suicune|224/401|[from] item: Leftovers","|-heal|p1a: Tyranitar|329/404 par|[from] item: Leftovers","|upkeep","|turn|7","||adding 10 for new turn","|","|t:|1753063994","|switch|p1a: Skarmory|Skarmory, M|334/334","|move|p2a: Suicune|Surf|p1a: Skarmory","|-damage|p1a: Skarmory|235/334","|","|-weather|Sandstorm|[upkeep]","|-damage|p2a: Suicune|199/401|[from] Sandstorm","|-heal|p2a: Suicune|224/401|[from] item: Leftovers","|-heal|p1a: Skarmory|255/334|[from] item: Leftovers","|upkeep","|turn|8","||adding 10 for new turn","|","|t:|1753064002","|move|p2a: Suicune|Surf|p1a: Skarmory","|-damage|p1a: Skarmory|166/334","|move|p1a: Skarmory|Spikes|p2a: Suicune","|-sidestart|p2: foultestacceptor1|Spikes","|","|-weather|Sandstorm|[upkeep]","|-damage|p2a: Suicune|199/401|[from] Sandstorm","|-heal|p2a: Suicune|224/401|[from] item: Leftovers","|-heal|p1a: Skarmory|186/334|[from] item: Leftovers","|upkeep","|turn|9","||adding 10 for new turn","|","|t:|1753064010","|move|p2a: Suicune|Surf|p1a: Skarmory","|-damage|p1a: Skarmory|98/334","|move|p1a: Skarmory|Spikes|p2a: Suicune","|-sidestart|p2: foultestacceptor1|Spikes","|","|-weather|Sandstorm|[upkeep]","|-damage|p2a: Suicune|199/401|[from] Sandstorm","|-heal|p2a: Suicune|224/401|[from] item: Leftovers","|-heal|p1a: Skarmory|118/334|[from] item: Leftovers","|upkeep","|turn|10","||adding 10 for new turn","|","|t:|1753064018","|move|p2a: Suicune|Surf|p1a: Skarmory","|-damage|p1a: Skarmory|33/334","|move|p1a: Skarmory|Roar|p2a: Suicune","|drag|p2a: Blissey|Blissey, F|600/714","|-damage|p2a: Blissey|422/714|[from] Spikes","|","|-weather|Sandstorm|[upkeep]","|-damage|p2a: Blissey|378/714|[from] Sandstorm","|-heal|p1a: Skarmory|53/334|[from] item: Leftovers","|-heal|p2a: Blissey|422/714|[from] item: Leftovers","|upkeep","|turn|11","||adding 10 for new turn","|","|t:|1753064026","|switch|p1a: Tyranitar|Tyranitar, M|329/404 par","|-damage|p1a: Tyranitar|279/404 par|[from] Spikes","|move|p2a: Blissey|Seismic Toss|p1a: Tyranitar","|-damage|p1a: Tyranitar|179/404 par","|","|-weather|Sandstorm|[upkeep]","|-damage|p2a: Blissey|378/714|[from] Sandstorm","|-heal|p2a: Blissey|422/714|[from] item: Leftovers","|-heal|p1a: Tyranitar|204/404 par|[from] item: Leftovers","|upkeep","|turn|12","||adding 10 for new turn","|","|t:|1753064034","|-singleturn|p1a: Tyranitar|move: Focus Punch","|switch|p2a: Claydol|Claydol|324/324","|move|p1a: Tyranitar|Focus Punch|p2a: Claydol","|-resisted|p2a: Claydol","|-damage|p2a: Claydol|227/324","|","|-weather|Sandstorm|[upkeep]","|-heal|p2a: Claydol|247/324|[from] item: Leftovers","|-heal|p1a: Tyranitar|229/404 par|[from] item: Leftovers","|upkeep","|turn|13","||adding 10 for new turn","|","|t:|1753064042","|switch|p1a: Gengar|Gengar, M|271/271","|move|p2a: Claydol|Psychic|p1a: Gengar","|-supereffective|p1a: Gengar","|-damage|p1a: Gengar|79/271","|","|-weather|Sandstorm|[upkeep]","|-damage|p1a: Gengar|63/271|[from] Sandstorm","|-heal|p1a: Gengar|79/271|[from] item: Leftovers","|-heal|p2a: Claydol|267/324|[from] item: Leftovers","|upkeep","|turn|14","||adding 10 for new turn","|","|t:|1753064050","|switch|p2a: Blissey|Blissey, F|422/714","|-damage|p2a: Blissey|244/714|[from] Spikes","|move|p1a: Gengar|Ice Punch|p2a: Blissey","|-crit|p2a: Blissey","|-damage|p2a: Blissey|115/714","|-status|p2a: Blissey|frz","|","|-weather|Sandstorm|[upkeep]","|-damage|p1a: Gengar|63/271|[from] Sandstorm","|-damage|p2a: Blissey|71/714 frz|[from] Sandstorm","|-heal|p1a: Gengar|79/271|[from] item: Leftovers","|-heal|p2a: Blissey|115/714 frz|[from] item: Leftovers","|upkeep","|turn|15","||adding 10 for new turn","|","|t:|1753064058","|move|p1a: Gengar|Fire Punch|p2a: Blissey","|-damage|p2a: Blissey|52/714 frz","|-curestatus|p2a: Blissey|frz|[msg]","|move|p2a: Blissey|Soft-Boiled|p2a: Blissey","|-heal|p2a: Blissey|409/714","|","|-weather|Sandstorm|[upkeep]","|-damage|p1a: Gengar|63/271|[from] Sandstorm","|-damage|p2a: Blissey|365/714|[from] Sandstorm","|-heal|p1a: Gengar|79/271|[from] item: Leftovers","|-heal|p2a: Blissey|409/714|[from] item: Leftovers","|upkeep","|turn|16","||adding 10 for new turn","|","|t:|1753064066","|move|p1a: Gengar|Explosion|p2a: Blissey","|-crit|p2a: Blissey","|-damage|p2a: Blissey|0 fnt","|faint|p1a: Gengar","|faint|p2a: Blissey","||adding 5 to each for mid turn request","|","|t:|1753064070","|switch|p1a: Starmie|Starmie|262/262","|switch|p2a: Claydol|Claydol|267/324","|-damage|p1a: Starmie|230/262|[from] Spikes","|","|-weather|Sandstorm|[upkeep]","|-damage|p1a: Starmie|214/262|[from] Sandstorm","|-heal|p1a: Starmie|230/262|[from] item: Leftovers","|-heal|p2a: Claydol|287/324|[from] item: Leftovers","|upkeep","|turn|17","||adding 10 for new turn","|","|t:|1753064078","|move|p1a: Starmie|Hydro Pump|p2a: Claydol|[miss]","|-miss|p1a: Starmie|p2a: Claydol","|move|p2a: Claydol|Rapid Spin|p1a: Starmie","|-damage|p1a: Starmie|209/262","|-sideend|p2: foultestacceptor1|Spikes|[from] move: Rapid Spin|[of] p2a: Claydol","|","|-weather|Sandstorm|[upkeep]","|-damage|p1a: Starmie|193/262|[from] Sandstorm","|-heal|p1a: Starmie|209/262|[from] item: Leftovers","|-heal|p2a: Claydol|307/324|[from] item: Leftovers","|upkeep","|turn|18","||adding 10 for new turn","|","|t:|1753064086","|switch|p2a: Snorlax|Snorlax, M|497/497","|move|p1a: Starmie|Hydro Pump|p2a: Snorlax","|-damage|p2a: Snorlax|353/497","|","|-weather|Sandstorm|[upkeep]","|-damage|p1a: Starmie|193/262|[from] Sandstorm","|-damage|p2a: Snorlax|322/497|[from] Sandstorm","|-heal|p1a: Starmie|209/262|[from] item: Leftovers","|-heal|p2a: Snorlax|353/497|[from] item: Leftovers","|upkeep","|turn|19","||adding 10 for new turn","|","|t:|1753064094","|switch|p1a: Metagross|Metagross|318/318","|-damage|p1a: Metagross|279/318|[from] Spikes","|move|p2a: Snorlax|Return|p1a: Metagross","|-resisted|p1a: Metagross","|-damage|p1a: Metagross|227/318","|","|-weather|Sandstorm|[upkeep]","|-damage|p2a: Snorlax|322/497|[from] Sandstorm","|-heal|p2a: Snorlax|353/497|[from] item: Leftovers","|upkeep","|turn|20","||adding 10 for new turn","|","|t:|1753064103","|switch|p2a: Suicune|Suicune|224/401","|-ability|p2a: Suicune|Pressure|[silent]","|move|p1a: Metagross|Meteor Mash|p2a: Suicune","|-resisted|p2a: Suicune","|-crit|p2a: Suicune","|-damage|p2a: Suicune|13/401","|-boost|p1a: Metagross|atk|1","|","|-weather|Sandstorm|[upkeep]","|-damage|p2a: Suicune|0 fnt|[from] Sandstorm","|faint|p2a: Suicune","|upkeep","||adding 5 to each for mid turn request","|","|t:|1753064110","|switch|p2a: Dugtrio|Dugtrio, F|235/235","|turn|21","||adding 10 for new turn","|","|t:|1753064118","|move|p2a: Dugtrio|Earthquake|p1a: Metagross","|-supereffective|p1a: Metagross","|-damage|p1a: Metagross|0 fnt","|faint|p1a: Metagross","||adding 5 to each for mid turn request","|","|t:|1753064125","|switch|p1a: Skarmory|Skarmory, M|53/334","|","|-weather|Sandstorm|[upkeep]","|-heal|p1a: Skarmory|73/334|[from] item: Leftovers","|upkeep","|turn|22","||adding 10 for new turn","|","|t:|1753064133","|switch|p2a: Snorlax|Snorlax, M|353/497","|move|p1a: Skarmory|Spikes|p2a: Snorlax","|-sidestart|p2: foultestacceptor1|Spikes","|","|-weather|Sandstorm|[upkeep]","|-damage|p2a: Snorlax|322/497|[from] Sandstorm","|-heal|p1a: Skarmory|93/334|[from] item: Leftovers","|-heal|p2a: Snorlax|353/497|[from] item: Leftovers","|upkeep","|turn|23","||adding 10 for new turn","|","|t:|1753064141","|move|p1a: Skarmory|Spikes|p2a: Snorlax","|-sidestart|p2: foultestacceptor1|Spikes","|move|p2a: Snorlax|Return|p1a: Skarmory","|-resisted|p1a: Skarmory","|-damage|p1a: Skarmory|39/334","|","|-weather|Sandstorm|[upkeep]","|-damage|p2a: Snorlax|322/497|[from] Sandstorm","|-heal|p1a: Skarmory|59/334|[from] item: Leftovers","|-heal|p2a: Snorlax|353/497|[from] item: Leftovers","|upkeep","|turn|24","||adding 10 for new turn","|","|t:|1753064149","|move|p1a: Skarmory|Protect|p1a: Skarmory","|-singleturn|p1a: Skarmory|Protect","|move|p2a: Snorlax|Return|p1a: Skarmory","|-activate|p1a: Skarmory|Protect","|","|-weather|Sandstorm|[upkeep]","|-damage|p2a: Snorlax|322/497|[from] Sandstorm","|-heal|p1a: Skarmory|79/334|[from] item: Leftovers","|-heal|p2a: Snorlax|353/497|[from] item: Leftovers","|upkeep","|turn|25","||adding 10 for new turn","|","|t:|1753064156","|move|p1a: Skarmory|Protect||[still]","|-fail|p1a: Skarmory","|move|p2a: Snorlax|Return|p1a: Skarmory","|-resisted|p1a: Skarmory","|-damage|p1a: Skarmory|29/334","|","|-weather|Sandstorm|[upkeep]","|-damage|p2a: Snorlax|322/497|[from] Sandstorm","|-heal|p1a: Skarmory|49/334|[from] item: Leftovers","|-heal|p2a: Snorlax|353/497|[from] item: Leftovers","|upkeep","|turn|26","||adding 10 for new turn","|","|t:|1753064164","|move|p1a: Skarmory|Protect|p1a: Skarmory","|-singleturn|p1a: Skarmory|Protect","|move|p2a: Snorlax|Return|p1a: Skarmory","|-activate|p1a: Skarmory|Protect","|","|-weather|Sandstorm|[upkeep]","|-damage|p2a: Snorlax|322/497|[from] Sandstorm","|-heal|p1a: Skarmory|69/334|[from] item: Leftovers","|-heal|p2a: Snorlax|353/497|[from] item: Leftovers","|upkeep","|turn|27","||adding 10 for new turn","|","|t:|1753064172","|move|p1a: Skarmory|Protect|p1a: Skarmory","|-singleturn|p1a: Skarmory|Protect","|move|p2a: Snorlax|Return|p1a: Skarmory","|-activate|p1a: Skarmory|Protect","|","|-weather|Sandstorm|[upkeep]","|-damage|p2a: Snorlax|322/497|[from] Sandstorm","|-heal|p1a: Skarmory|89/334|[from] item: Leftovers","|-heal|p2a: Snorlax|353/497|[from] item: Leftovers","|upkeep","|turn|28","||adding 10 for new turn","|","|t:|1753064179","|move|p2a: Snorlax|Return|p1a: Skarmory","|-resisted|p1a: Skarmory","|-damage|p1a: Skarmory|39/334","|move|p1a: Skarmory|Roar|p2a: Snorlax","|drag|p2a: Forretress|Forretress, F|354/354","|-damage|p2a: Forretress|295/354|[from] Spikes","|","|-weather|Sandstorm|[upkeep]","|-heal|p1a: Skarmory|59/334|[from] item: Leftovers","|-heal|p2a: Forretress|317/354|[from] item: Leftovers","|upkeep","|turn|29","||adding 10 for new turn","|","|t:|1753064187","|move|p2a: Forretress|Zap Cannon|p1a: Skarmory|[miss]","|-miss|p2a: Forretress|p1a: Skarmory","|move|p1a: Skarmory|Roar|p2a: Forretress","|drag|p2a: Claydol|Claydol|307/324","|","|-weather|Sandstorm|[upkeep]","|-heal|p2a: Claydol|324/324|[from] item: Leftovers","|-heal|p1a: Skarmory|79/334|[from] item: Leftovers","|upkeep","|turn|30","||adding 10 for new turn","|","|t:|1753064195","|move|p2a: Claydol|Rapid Spin|p1a: Skarmory","|-resisted|p1a: Skarmory","|-damage|p1a: Skarmory|73/334","|-sideend|p2: foultestacceptor1|Spikes|[from] move: Rapid Spin|[of] p2a: Claydol","|move|p1a: Skarmory|Toxic|p2a: Claydol","|-status|p2a: Claydol|tox","|","|-weather|Sandstorm|[upkeep]","|-damage|p2a: Claydol|304/324 tox|[from] psn","|-heal|p1a: Skarmory|93/334|[from] item: Leftovers","|upkeep","|turn|31","||adding 10 for new turn","|","|t:|1753064202","|switch|p2a: Forretress|Forretress, F|317/354","|move|p1a: Skarmory|Spikes|p2a: Forretress","|-sidestart|p2: foultestacceptor1|Spikes","|","|-weather|Sandstorm|[upkeep]","|-heal|p1a: Skarmory|113/334|[from] item: Leftovers","|-heal|p2a: Forretress|339/354|[from] item: Leftovers","|upkeep","|turn|32","||adding 10 for new turn","|","|t:|1753064210","|move|p2a: Forretress|Zap Cannon|p1a: Skarmory|[miss]","|-miss|p2a: Forretress|p1a: Skarmory","|move|p1a: Skarmory|Roar|p2a: Forretress","|drag|p2a: Snorlax|Snorlax, M|353/497","|-damage|p2a: Snorlax|291/497|[from] Spikes","|","|-weather|Sandstorm|[upkeep]","|-damage|p2a: Snorlax|260/497|[from] Sandstorm","|-heal|p1a: Skarmory|133/334|[from] item: Leftovers","|-heal|p2a: Snorlax|291/497|[from] item: Leftovers","|upkeep","|turn|33","||adding 10 for new turn","|","|t:|1753064218","|move|p1a: Skarmory|Spikes|p2a: Snorlax","|-sidestart|p2: foultestacceptor1|Spikes","|move|p2a: Snorlax|Return|p1a: Skarmory","|-resisted|p1a: Skarmory","|-damage|p1a: Skarmory|84/334","|","|-weather|Sandstorm|[upkeep]","|-damage|p2a: Snorlax|260/497|[from] Sandstorm","|-heal|p1a: Skarmory|104/334|[from] item: Leftovers","|-heal|p2a: Snorlax|291/497|[from] item: Leftovers","|upkeep","|turn|34","||adding 10 for new turn","|","|t:|1753064225","|move|p1a: Skarmory|Spikes|p2a: Snorlax","|-sidestart|p2: foultestacceptor1|Spikes","|move|p2a: Snorlax|Return|p1a: Skarmory","|-resisted|p1a: Skarmory","|-damage|p1a: Skarmory|48/334","|","|-weather|Sandstorm|[upkeep]","|-damage|p2a: Snorlax|260/497|[from] Sandstorm","|-heal|p1a: Skarmory|68/334|[from] item: Leftovers","|-heal|p2a: Snorlax|291/497|[from] item: Leftovers","|upkeep","|turn|35","||adding 10 for new turn","|","|t:|1753064233","|move|p2a: Snorlax|Return|p1a: Skarmory","|-resisted|p1a: Skarmory","|-damage|p1a: Skarmory|18/334","|move|p1a: Skarmory|Roar|p2a: Snorlax","|drag|p2a: Forretress|Forretress, F|339/354","|-damage|p2a: Forretress|251/354|[from] Spikes","|","|-weather|Sandstorm|[upkeep]","|-heal|p1a: Skarmory|38/334|[from] item: Leftovers","|-heal|p2a: Forretress|273/354|[from] item: Leftovers","|upkeep","|turn|36","||adding 10 for new turn","|","|t:|1753064241","|move|p2a: Forretress|Zap Cannon|p1a: Skarmory","|-supereffective|p1a: Skarmory","|-damage|p1a: Skarmory|0 fnt","|faint|p1a: Skarmory","||adding 5 to each for mid turn request","|","|t:|1753064248","|switch|p1a: Starmie|Starmie|209/262","|-damage|p1a: Starmie|177/262|[from] Spikes","|","|-weather|Sandstorm|[upkeep]","|-damage|p1a: Starmie|161/262|[from] Sandstorm","|-heal|p1a: Starmie|177/262|[from] item: Leftovers","|-heal|p2a: Forretress|295/354|[from] item: Leftovers","|upkeep","|turn|37","||adding 10 for new turn","|","|t:|1753064256","|move|p1a: Starmie|Hydro Pump|p2a: Forretress","|-damage|p2a: Forretress|121/354","|move|p2a: Forretress|Hidden Power|p1a: Starmie","|-supereffective|p1a: Starmie","|-damage|p1a: Starmie|6/262","|","|-weather|Sandstorm|[upkeep]","|-damage|p1a: Starmie|0 fnt|[from] Sandstorm","|faint|p1a: Starmie","|-heal|p2a: Forretress|143/354|[from] item: Leftovers","|upkeep","||adding 5 to each for mid turn request","|","|t:|1753064260","|switch|p1a: Jolteon|Jolteon, F|272/272","|-damage|p1a: Jolteon|238/272|[from] Spikes","|turn|38","||adding 10 for new turn","|","|t:|1753064267","|move|p1a: Jolteon|Hidden Power|p2a: Forretress","|-resisted|p2a: Forretress","|-damage|p2a: Forretress|124/354","|move|p2a: Forretress|Explosion|p1a: Jolteon","|-damage|p1a: Jolteon|0 fnt","|faint|p2a: Forretress","|faint|p1a: Jolteon","||adding 5 to each for mid turn request","|","|t:|1753064274","|switch|p1a: Tyranitar|Tyranitar, M|229/404 par","|switch|p2a: Dugtrio|Dugtrio, F|235/235","|-damage|p2a: Dugtrio|177/235|[from] Spikes","|-damage|p1a: Tyranitar|179/404 par|[from] Spikes","|","|-weather|Sandstorm|[upkeep]","|-heal|p1a: Tyranitar|204/404 par|[from] item: Leftovers","|upkeep","|turn|39","||adding 10 for new turn","|","|t:|1753064280","|move|p2a: Dugtrio|Earthquake|p1a: Tyranitar","|-supereffective|p1a: Tyranitar","|-damage|p1a: Tyranitar|0 fnt","|faint|p1a: Tyranitar","|","|win|foultestacceptor1",""],"p1rating":null,"p2rating":null,"endType":"normal","ladderError":true,"timestamp":"Sun Jul 20 2025 19:18:00 GMT-0700 (アメリカ太平洋夏時間)","roomid":"battle-gen3ou-1096","format":"gen3ou"}