{"winner":"foultestchallenge1","seed":"sodium,3174bc8ac3a91a91b9b6dc7dad128273","turns":43,"p1":"foultestchallenge1","p2":"foultestacceptor1","p1team":[{"name":"Skarmory","species":"Skarmory","item":"Leftovers","ability":"Keen Eye","moves":["Spikes","Roar","Toxic","Protect"],"nature":"Careful","evs":{"hp":252,"atk":0,"def":0,"spa":0,"spd":252,"spe":4},"gender":"M","ivs":{"hp":31,"atk":0,"def":31,"spa":31,"spd":31,"spe":31},"level":100},{"name":"Jolteon","species":"Jolteon","item":"Leftovers","ability":"Volt Absorb","moves":["Thunderbolt","Thunder Wave","Hidden Power Grass","Baton Pass"],"nature":"Timid","evs":{"hp":4,"atk":0,"def":0,"spa":252,"spd":0,"spe":252},"gender":"M","ivs":{"hp":31,"atk":2,"def":31,"spa":30,"spd":31,"spe":31},"happiness":255,"hpType":"Grass","pokeball":"","gigantamax":false,"dynamaxLevel":10,"teraType":"","level":100},{"name":"Tyranitar","species":"Tyranitar","item":"Leftovers","ability":"Sand Stream","moves":["Focus Punch","Earthquake","Hidden Power Bug","Rock Slide"],"nature":"Adamant","evs":{"hp":252,"atk":252,"def":4,"spa":0,"spd":0,"spe":0},"gender":"F","ivs":{"hp":31,"atk":31,"def":31,"spa":31,"spd":30,"spe":30},"happiness":255,"hpType":"Bug","pokeball":"","gigantamax":false,"dynamaxLevel":10,"teraType":"","level":100},{"name":"Gengar","species":"Gengar","item":"Leftovers","ability":"Levitate","moves":["Ice Punch","Fire Punch","Hidden Power Grass","Explosion"],"nature":"Hasty","evs":{"hp":40,"atk":0,"def":0,"spa":252,"spd":0,"spe":216},"gender":"F","ivs":{"hp":31,"atk":30,"def":31,"spa":30,"spd":31,"spe":31},"happiness":255,"hpType":"Grass","pokeball":"","gigantamax":false,"dynamaxLevel":10,"teraType":"","level":100},{"name":"Metagross","species":"Metagross","item":"Choice Band","ability":"Clear Body","moves":["Meteor Mash","Earthquake","Rock Slide","Explosion"],"nature":"Adamant","evs":{"hp":68,"atk":252,"def":0,"spa":0,"spd":0,"spe":188},"gender":"N","level":100,"ivs":{"hp":31,"atk":31,"def":31,"spa":31,"spd":31,"spe":31}},{"name":"Starmie","species":"Starmie","item":"Leftovers","ability":"Natural Cure","moves":["Hydro Pump","Thunderbolt","Ice Beam","Psychic"],"nature":"Timid","evs":{"hp":4,"atk":0,"def":0,"spa":252,"spd":0,"spe":252},"gender":"N","ivs":{"hp":31,"atk":0,"def":31,"spa":31,"spd":31,"spe":31},"level":100}],"p2team":[{"name":"Skarmory","species":"Skarmory","item":"Leftovers","ability":"Keen Eye","moves":["Spikes","Roar","Toxic","Protect"],"nature":"Careful","evs":{"hp":252,"atk":0,"def":0,"spa":0,"spd":252,"spe":4},"gender":"F","ivs":{"hp":31,"atk":0,"def":31,"spa":31,"spd":31,"spe":31},"level":100},{"name":"Jolteon","species":"Jolteon","item":"Leftovers","ability":"Volt Absorb","moves":["Thunderbolt","Thunder Wave","Hidden Power Grass","Baton Pass"],"nature":"Timid","evs":{"hp":4,"atk":0,"def":0,"spa":252,"spd":0,"spe":252},"gender":"M","ivs":{"hp":31,"atk":2,"def":31,"spa":30,"spd":31,"spe":31},"happiness":255,"hpType":"Grass","pokeball":"","gigantamax":false,"dynamaxLevel":10,"teraType":"","level":100},{"name":"Tyranitar","species":"Tyranitar","item":"Leftovers","ability":"Sand Stream","moves":["Focus Punch","Earthquake","Hidden Power Bug","Rock Slide"],"nature":"Adamant","evs":{"hp":252,"atk":252,"def":4,"spa":0,"spd":0,"spe":0},"gender":"M","ivs":{"hp":31,"atk":31,"def":31,"spa":31,"spd":30,"spe":30},"happiness":255,"hpType":"Bug","pokeball":"","gigantamax":false,"dynamaxLevel":10,"teraType":"","level":100},{"name":"Gengar","species":"Gengar","item":"Leftovers","ability":"Levitate","moves":["Ice Punch","Fire Punch","Hidden Power Grass","Explosion"],"nature":"Hasty","evs":{"hp":40,"atk":0,"def":0,"spa":252,"spd":0,"spe":216},"gender":"M","ivs":{"hp":31,"atk":30,"def":31,"spa":30,"spd":31,"spe":31},"happiness":255,"hpType":"Grass","pokeball":"","gigantamax":false,"dynamaxLevel":10,"teraType":"","level":100},{"name":"Metagross","species":"Metagross","item":"Choice Band","ability":"Clear Body","moves":["Meteor Mash","Earthquake","Rock Slide","Explosion"],"nature":"Adamant","evs":{"hp":68,"atk":252,"def":0,"spa":0,"spd":0,"spe":188},"gender":"N","level":100,"ivs":{"hp":31,"atk":31,"def":31,"spa":31,"spd":31,"spe":31}},{"name":"Starmie","species":"Starmie","item":"Leftovers","ability":"Natural Cure","moves":["Hydro Pump","Thunderbolt","Ice Beam","Psychic"],"nature":"Timid","evs":{"hp":4,"atk":0,"def":0,"spa":252,"spd":0,"spe":252},"gender":"N","ivs":{"hp":31,"atk":0,"def":31,"spa":31,"spd":31,"spe":31},"level":100}],"score":[2,0],"inputLog":[">version 372d05e49c92a79eecdf6c8dddb208bd1765c00f",">start {\"formatid\":\"gen3ou\",\"seed\":\"sodium,3174bc8ac3a91a91b9b6dc7dad128273\"}",">player p1 {\"name\":\"foultestchallenge1\",\"avatar\":\"169\",\"team\":\"Skarmory||Leftovers|KeenEye|Spikes,Roar,Toxic,Protect|Careful|252,,,,252,4|M|,0,,,,|||]Jolteon||Leftovers|VoltAbsorb|Thunderbolt,ThunderWave,HiddenPowerGrass,BatonPass|Timid|4,,,252,,252|M|,2,,30,,|||,Grass,,,,]Tyranitar||Leftovers|SandStream|FocusPunch,Earthquake,HiddenPowerBug,RockSlide|Adamant|252,252,4,,,|F|,,,,30,30|||,Bug,,,,]Gengar||Leftovers|Levitate|IcePunch,FirePunch,HiddenPowerGrass,Explosion|Hasty|40,,,252,,216|F|,30,,30,,|||,Grass,,,,]Metagross||ChoiceBand|ClearBody|MeteorMash,Earthquake,RockSlide,Explosion|Adamant|68,252,,,,188|N||||]Starmie||Leftovers|NaturalCure|HydroPump,Thunderbolt,IceBeam,Psychic|Timid|4,,,252,,252|N|,0,,,,|||\",\"rating\":0}",">player p2 {\"name\":\"foultestacceptor1\",\"avatar\":\"265\",\"team\":\"Skarmory||Leftovers|KeenEye|Spikes,Roar,Toxic,Protect|Careful|252,,,,252,4|F|,0,,,,|||]Jolteon||Leftovers|VoltAbsorb|Thunderbolt,ThunderWave,HiddenPowerGrass,BatonPass|Timid|4,,,252,,252|M|,2,,30,,|||,Grass,,,,]Tyranitar||Leftovers|SandStream|FocusPunch,Earthquake,HiddenPowerBug,RockSlide|Adamant|252,252,4,,,|M|,,,,30,30|||,Bug,,,,]Gengar||Leftovers|Levitate|IcePunch,FirePunch,HiddenPowerGrass,Explosion|Hasty|40,,,252,,216|M|,30,,30,,|||,Grass,,,,]Metagross||ChoiceBand|ClearBody|MeteorMash,Earthquake,RockSlide,Explosion|Adamant|68,252,,,,188|N||||]Starmie||Leftovers|NaturalCure|HydroPump,Thunderbolt,IceBeam,Psychic|Timid|4,,,252,,252|N|,0,,,,|||\",\"rating\":0}",">p1 move spikes",">p2 move spikes",">p1 move spikes",">p2 move spikes",">p1 move spikes",">p2 move spikes",">p1 move roar",">p2 move roar",">p1 switch 4",">p2 move thunderbolt",">p1 move hiddenpower",">p2 move psychic",">p1 switch 2",">p1 move thunderbolt",">p2 switch 2",">p1 move thunderwave",">p2 move thunderwave",">p1 move hiddenpower",">p2 move thunderwave",">p1 move hiddenpower",">p2 move thunderwave",">p1 move hiddenpower",">p2 move hiddenpower",">p1 move hiddenpower",">p2 move hiddenpower",">p1 move hiddenpower",">p2 move hiddenpower",">p1 move hiddenpower",">p2 move hiddenpower",">p1 move hiddenpower",">p2 move hiddenpower",">p2 switch 3",">p1 move thunderbolt",">p2 move rockslide",">p1 switch 5",">p1 move meteormash",">p2 switch 6",">p1 move meteormash",">p2 move roar",">p1 move rockslide",">p2 move toxic",">p1 move rockslide",">p2 move protect",">p1 move rockslide",">p2 switch 5",">p1 switch 4",">p2 move meteormash",">p1 move protect",">p2 move meteormash",">p1 move protect",">p2 move meteormash",">p1 move protect",">p2 move meteormash",">p1 move protect",">p2 move meteormash",">p1 switch 4",">p2 move meteormash",">p1 move earthquake",">p2 move meteormash",">p1 switch 6",">p1 move hydropump",">p2 move meteormash",">p2 switch 4",">p1 move psychic",">p2 move hiddenpower",">p2 switch 2",">p1 move thunderbolt",">p2 move thunderbolt",">p2 switch 5",">p1 move thunderbolt",">p2 move protect",">p1 move hydropump",">p2 move protect",">p1 move hydropump",">p2 move protect",">p1 move thunderbolt",">p2 switch 6",">p1 move hydropump",">p2 move hiddenpower",">p2 switch 6",">p1 move thunderbolt",">p2 move protect",">p1 move thunderbolt",">p2 move roar",">p1 move explosion",">p2 move protect",">p1 switch 3",">p1 move thunderbolt",">p2 move protect",">p1 move thunderbolt",">p2 move protect",">p1 move thunderbolt",">p2 move protect",">p1 move thunderbolt",">p2 move protect"],"log":["|j|☆foultestchallenge1","|j|☆foultestacceptor1","|t:|1753051929","|gametype|singles","|player|p1|foultestchallenge1|169|","|player|p2|foultestacceptor1|265|","|teamsize|p1|6","|teamsize|p2|6","|gen|3","|tier|[Gen 3] OU","|rule|Sleep Clause Mod: Limit one foe put to sleep","|rule|Switch Priority Clause Mod: Faster Pokémon switch first","|rule|Species Clause: Limit one of each Pokémon","|rule|OHKO Clause: OHKO moves are banned","|rule|Evasion Items Clause: Evasion items are banned","|rule|Evasion Moves Clause: Evasion moves are banned","|rule|Endless Battle Clause: Forcing endless battles is banned","|rule|HP Percentage Mod: HP is shown in percentages","|rule|One Boost Passer Clause: Limit one Baton Passer that has a way to boost its stats","|rule|Freeze Clause Mod: Limit one foe frozen","|","|t:|1753051929","|start","|switch|p1a: Skarmory|Skarmory, M|334/334","|switch|p2a: Skarmory|Skarmory, F|334/334","|turn|1","|inactive|Battle timer is ON: inactive players will automatically lose when time's up. (requested by foultestacceptor1)","|inactive|foultestchallenge1 also wants the timer to be on.","|","|t:|1753051931","|move|p2a: Skarmory|Spikes|p1a: Skarmory","|-sidestart|p1: foultestchallenge1|Spikes","|move|p1a: Skarmory|Spikes|p2a: Skarmory","|-sidestart|p2: foultestacceptor1|Spikes","|","|upkeep","|turn|2","||adding 10 for new turn","|","|t:|1753051933","|move|p1a: Skarmory|Spikes|p2a: Skarmory","|-sidestart|p2: foultestacceptor1|Spikes","|move|p2a: Skarmory|Spikes|p1a: Skarmory","|-sidestart|p1: foultestchallenge1|Spikes","|","|upkeep","|turn|3","||adding 10 for new turn","|","|t:|1753051934","|move|p1a: Skarmory|Spikes|p2a: Skarmory","|-sidestart|p2: foultestacceptor1|Spikes","|move|p2a: Skarmory|Spikes|p1a: Skarmory","|-sidestart|p1: foultestchallenge1|Spikes","|","|upkeep","|turn|4","||adding 10 for new turn","|","|t:|1753051936","|move|p1a: Skarmory|Roar|p2a: Skarmory","|drag|p2a: Starmie|Starmie|262/262","|-damage|p2a: Starmie|197/262|[from] Spikes","|","|-heal|p2a: Starmie|213/262|[from] item: Leftovers","|upkeep","|turn|5","||adding 10 for new turn","|","|t:|1753051937","|switch|p1a: Gengar|Gengar, F|271/271","|move|p2a: Starmie|Thunderbolt|p1a: Gengar","|-damage|p1a: Gengar|147/271","|","|-heal|p2a: Starmie|229/262|[from] item: Leftovers","|-heal|p1a: Gengar|163/271|[from] item: Leftovers","|upkeep","|turn|6","||adding 10 for new turn","|","|t:|1753051939","|move|p2a: Starmie|Psychic|p1a: Gengar","|-supereffective|p1a: Gengar","|-damage|p1a: Gengar|0 fnt","|faint|p1a: Gengar","||adding 5 to each for mid turn request","|","|t:|1753051940","|switch|p1a: Jolteon|Jolteon, M|272/272","|-damage|p1a: Jolteon|204/272|[from] Spikes","|","|-heal|p1a: Jolteon|221/272|[from] item: Leftovers","|-heal|p2a: Starmie|245/262|[from] item: Leftovers","|upkeep","|turn|7","||adding 10 for new turn","|","|t:|1753051942","|switch|p2a: Jolteon|Jolteon, M|272/272","|-damage|p2a: Jolteon|204/272|[from] Spikes","|move|p1a: Jolteon|Thunderbolt|p2a: Jolteon","|-heal|p2a: Jolteon|272/272|[from] ability: Volt Absorb|[of] p1a: Jolteon","|","|-heal|p1a: Jolteon|238/272|[from] item: Leftovers","|upkeep","|turn|8","||adding 10 for new turn","|","|t:|1753051943","|move|p1a: Jolteon|Thunder Wave|p2a: Jolteon","|-status|p2a: Jolteon|par","|cant|p2a: Jolteon|par","|","|-heal|p1a: Jolteon|255/272|[from] item: Leftovers","|upkeep","|turn|9","||adding 10 for new turn","|","|t:|1753051945","|move|p1a: Jolteon|Hidden Power|p2a: Jolteon","|-damage|p2a: Jolteon|189/272 par","|cant|p2a: Jolteon|par","|","|-heal|p1a: Jolteon|272/272|[from] item: Leftovers","|-heal|p2a: Jolteon|206/272 par|[from] item: Leftovers","|upkeep","|turn|10","||adding 10 for new turn","|","|t:|1753051946","|move|p1a: Jolteon|Hidden Power|p2a: Jolteon","|-damage|p2a: Jolteon|135/272 par","|move|p2a: Jolteon|Thunder Wave|p1a: Jolteon","|-status|p1a: Jolteon|par","|","|-heal|p2a: Jolteon|152/272 par|[from] item: Leftovers","|upkeep","|turn|11","||adding 10 for new turn","|","|t:|1753051947","|cant|p2a: Jolteon|par","|move|p1a: Jolteon|Hidden Power|p2a: Jolteon","|-damage|p2a: Jolteon|77/272 par","|","|-heal|p2a: Jolteon|94/272 par|[from] item: Leftovers","|upkeep","|turn|12","||adding 10 for new turn","|","|t:|1753051949","|move|p2a: Jolteon|Hidden Power|p1a: Jolteon","|-damage|p1a: Jolteon|201/272 par","|cant|p1a: Jolteon|par","|","|-heal|p2a: Jolteon|111/272 par|[from] item: Leftovers","|-heal|p1a: Jolteon|218/272 par|[from] item: Leftovers","|upkeep","|turn|13","||adding 10 for new turn","|","|t:|1753051950","|cant|p1a: Jolteon|par","|move|p2a: Jolteon|Hidden Power|p1a: Jolteon","|-damage|p1a: Jolteon|136/272 par","|","|-heal|p1a: Jolteon|153/272 par|[from] item: Leftovers","|-heal|p2a: Jolteon|128/272 par|[from] item: Leftovers","|upkeep","|turn|14","||adding 10 for new turn","|","|t:|1753051951","|move|p1a: Jolteon|Hidden Power|p2a: Jolteon","|-damage|p2a: Jolteon|52/272 par","|cant|p2a: Jolteon|par","|","|-heal|p1a: Jolteon|170/272 par|[from] item: Leftovers","|-heal|p2a: Jolteon|69/272 par|[from] item: Leftovers","|upkeep","|turn|15","||adding 10 for new turn","|","|t:|1753051953","|move|p2a: Jolteon|Hidden Power|p1a: Jolteon","|-damage|p1a: Jolteon|92/272 par","|move|p1a: Jolteon|Hidden Power|p2a: Jolteon","|-damage|p2a: Jolteon|0 fnt","|faint|p2a: Jolteon","||adding 5 to each for mid turn request","|","|t:|1753051954","|switch|p2a: Tyranitar|Tyranitar, M|404/404","|-damage|p2a: Tyranitar|303/404|[from] Spikes","|-weather|Sandstorm|[from] ability: Sand Stream|[of] p2a: Tyranitar","|","|-weather|Sandstorm|[upkeep]","|-damage|p1a: Jolteon|75/272 par|[from] Sandstorm","|-heal|p2a: Tyranitar|328/404|[from] item: Leftovers","|-heal|p1a: Jolteon|92/272 par|[from] item: Leftovers","|upkeep","|turn|16","||adding 10 for new turn","|","|t:|1753051955","|move|p2a: Tyranitar|Rock Slide|p1a: Jolteon","|-damage|p1a: Jolteon|0 fnt","|faint|p1a: Jolteon","||adding 5 to each for mid turn request","|","|t:|1753051957","|switch|p1a: Metagross|Metagross|318/318","|-damage|p1a: Metagross|239/318|[from] Spikes","|","|-weather|Sandstorm|[upkeep]","|-heal|p2a: Tyranitar|353/404|[from] item: Leftovers","|upkeep","|turn|17","||adding 10 for new turn","|","|t:|1753051958","|switch|p2a: Skarmory|Skarmory, F|334/334","|move|p1a: Metagross|Meteor Mash|p2a: Skarmory","|-resisted|p2a: Skarmory","|-damage|p2a: Skarmory|226/334","|","|-weather|Sandstorm|[upkeep]","|-heal|p2a: Skarmory|246/334|[from] item: Leftovers","|upkeep","|turn|18","||adding 10 for new turn","|","|t:|1753051960","|move|p1a: Metagross|Meteor Mash|p2a: Skarmory","|-resisted|p2a: Skarmory","|-damage|p2a: Skarmory|139/334","|-boost|p1a: Metagross|atk|1","|move|p2a: Skarmory|Roar|p1a: Metagross","|drag|p1a: Tyranitar|Tyranitar, F|404/404","|-damage|p1a: Tyranitar|303/404|[from] Spikes","|","|-weather|Sandstorm|[upkeep]","|-heal|p2a: Skarmory|159/334|[from] item: Leftovers","|-heal|p1a: Tyranitar|328/404|[from] item: Leftovers","|upkeep","|turn|19","||adding 10 for new turn","|","|t:|1753051962","|move|p2a: Skarmory|Toxic|p1a: Tyranitar","|-status|p1a: Tyranitar|tox","|move|p1a: Tyranitar|Rock Slide|p2a: Skarmory","|-damage|p2a: Skarmory|36/334","|","|-weather|Sandstorm|[upkeep]","|-heal|p2a: Skarmory|56/334|[from] item: Leftovers","|-heal|p1a: Tyranitar|353/404 tox|[from] item: Leftovers","|-damage|p1a: Tyranitar|328/404 tox|[from] psn","|upkeep","|turn|20","||adding 10 for new turn","|","|t:|1753051964","|move|p2a: Skarmory|Protect|p2a: Skarmory","|-singleturn|p2a: Skarmory|Protect","|move|p1a: Tyranitar|Rock Slide|p2a: Skarmory","|-activate|p2a: Skarmory|Protect","|","|-weather|Sandstorm|[upkeep]","|-heal|p2a: Skarmory|76/334|[from] item: Leftovers","|-heal|p1a: Tyranitar|353/404 tox|[from] item: Leftovers","|-damage|p1a: Tyranitar|303/404 tox|[from] psn","|upkeep","|turn|21","||adding 10 for new turn","|","|t:|1753051965","|switch|p2a: Metagross|Metagross|318/318","|-damage|p2a: Metagross|239/318|[from] Spikes","|move|p1a: Tyranitar|Rock Slide|p2a: Metagross","|-resisted|p2a: Metagross","|-damage|p2a: Metagross|182/318","|","|-weather|Sandstorm|[upkeep]","|-heal|p1a: Tyranitar|328/404 tox|[from] item: Leftovers","|-damage|p1a: Tyranitar|253/404 tox|[from] psn","|upkeep","|turn|22","||adding 10 for new turn","|","|t:|1753051967","|switch|p1a: Skarmory|Skarmory, M|334/334","|move|p2a: Metagross|Meteor Mash|p1a: Skarmory","|-resisted|p1a: Skarmory","|-damage|p1a: Skarmory|227/334","|","|-weather|Sandstorm|[upkeep]","|-heal|p1a: Skarmory|247/334|[from] item: Leftovers","|upkeep","|turn|23","||adding 10 for new turn","|","|t:|1753051969","|move|p1a: Skarmory|Protect|p1a: Skarmory","|-singleturn|p1a: Skarmory|Protect","|move|p2a: Metagross|Meteor Mash|p1a: Skarmory","|-activate|p1a: Skarmory|Protect","|","|-weather|Sandstorm|[upkeep]","|-heal|p1a: Skarmory|267/334|[from] item: Leftovers","|upkeep","|turn|24","||adding 10 for new turn","|","|t:|1753051971","|move|p1a: Skarmory|Protect||[still]","|-fail|p1a: Skarmory","|move|p2a: Metagross|Meteor Mash|p1a: Skarmory","|-resisted|p1a: Skarmory","|-damage|p1a: Skarmory|150/334","|","|-weather|Sandstorm|[upkeep]","|-heal|p1a: Skarmory|170/334|[from] item: Leftovers","|upkeep","|turn|25","||adding 10 for new turn","|","|t:|1753051972","|move|p1a: Skarmory|Protect|p1a: Skarmory","|-singleturn|p1a: Skarmory|Protect","|move|p2a: Metagross|Meteor Mash|p1a: Skarmory","|-activate|p1a: Skarmory|Protect","|","|-weather|Sandstorm|[upkeep]","|-heal|p1a: Skarmory|190/334|[from] item: Leftovers","|upkeep","|turn|26","||adding 10 for new turn","|","|t:|1753051974","|move|p1a: Skarmory|Protect||[still]","|-fail|p1a: Skarmory","|move|p2a: Metagross|Meteor Mash|p1a: Skarmory","|-resisted|p1a: Skarmory","|-damage|p1a: Skarmory|71/334","|","|-weather|Sandstorm|[upkeep]","|-heal|p1a: Skarmory|91/334|[from] item: Leftovers","|upkeep","|turn|27","||adding 10 for new turn","|","|t:|1753051975","|switch|p1a: Tyranitar|Tyranitar, F|253/404 tox","|-damage|p1a: Tyranitar|152/404 tox|[from] Spikes","|move|p2a: Metagross|Meteor Mash|p1a: Tyranitar|[miss]","|-miss|p2a: Metagross|p1a: Tyranitar","|","|-weather|Sandstorm|[upkeep]","|-heal|p1a: Tyranitar|177/404 tox|[from] item: Leftovers","|-damage|p1a: Tyranitar|152/404 tox|[from] psn","|upkeep","|turn|28","||adding 10 for new turn","|","|t:|1753051976","|move|p2a: Metagross|Meteor Mash|p1a: Tyranitar","|-supereffective|p1a: Tyranitar","|-damage|p1a: Tyranitar|0 fnt","|faint|p1a: Tyranitar","||adding 5 to each for mid turn request","|","|t:|1753051978","|switch|p1a: Starmie|Starmie|262/262","|-damage|p1a: Starmie|197/262|[from] Spikes","|","|-weather|Sandstorm|[upkeep]","|-damage|p1a: Starmie|181/262|[from] Sandstorm","|-heal|p1a: Starmie|197/262|[from] item: Leftovers","|upkeep","|turn|29","||adding 10 for new turn","|","|t:|1753051979","|move|p1a: Starmie|Hydro Pump|p2a: Metagross","|-damage|p2a: Metagross|0 fnt","|faint|p2a: Metagross","||adding 5 to each for mid turn request","|","|t:|1753051981","|switch|p2a: Gengar|Gengar, M|271/271","|","|-weather|Sandstorm|[upkeep]","|-damage|p1a: Starmie|181/262|[from] Sandstorm","|-damage|p2a: Gengar|255/271|[from] Sandstorm","|-heal|p1a: Starmie|197/262|[from] item: Leftovers","|-heal|p2a: Gengar|271/271|[from] item: Leftovers","|upkeep","|turn|30","||adding 10 for new turn","|","|t:|1753051982","|move|p1a: Starmie|Psychic|p2a: Gengar","|-supereffective|p2a: Gengar","|-damage|p2a: Gengar|0 fnt","|faint|p2a: Gengar","||adding 5 to each for mid turn request","|","|t:|1753051984","|switch|p2a: Starmie|Starmie|245/262","|-damage|p2a: Starmie|180/262|[from] Spikes","|","|-weather|Sandstorm|[upkeep]","|-damage|p1a: Starmie|181/262|[from] Sandstorm","|-damage|p2a: Starmie|164/262|[from] Sandstorm","|-heal|p2a: Starmie|180/262|[from] item: Leftovers","|-heal|p1a: Starmie|197/262|[from] item: Leftovers","|upkeep","|turn|31","||adding 10 for new turn","|","|t:|1753051985","|move|p1a: Starmie|Thunderbolt|p2a: Starmie","|-supereffective|p2a: Starmie","|-damage|p2a: Starmie|0 fnt","|faint|p2a: Starmie","||adding 5 to each for mid turn request","|","|t:|1753051986","|switch|p2a: Skarmory|Skarmory, F|76/334","|","|-weather|Sandstorm|[upkeep]","|-damage|p1a: Starmie|181/262|[from] Sandstorm","|-heal|p1a: Starmie|197/262|[from] item: Leftovers","|-heal|p2a: Skarmory|96/334|[from] item: Leftovers","|upkeep","|turn|32","||adding 10 for new turn","|","|t:|1753051987","|move|p2a: Skarmory|Protect|p2a: Skarmory","|-singleturn|p2a: Skarmory|Protect","|move|p1a: Starmie|Thunderbolt|p2a: Skarmory","|-activate|p2a: Skarmory|Protect","|","|-weather|Sandstorm|[upkeep]","|-damage|p1a: Starmie|181/262|[from] Sandstorm","|-heal|p1a: Starmie|197/262|[from] item: Leftovers","|-heal|p2a: Skarmory|116/334|[from] item: Leftovers","|upkeep","|turn|33","||adding 10 for new turn","|","|t:|1753051988","|move|p2a: Skarmory|Protect|p2a: Skarmory","|-singleturn|p2a: Skarmory|Protect","|move|p1a: Starmie|Hydro Pump|p2a: Skarmory","|-activate|p2a: Skarmory|Protect","|","|-weather|Sandstorm|[upkeep]","|-damage|p1a: Starmie|181/262|[from] Sandstorm","|-heal|p1a: Starmie|197/262|[from] item: Leftovers","|-heal|p2a: Skarmory|136/334|[from] item: Leftovers","|upkeep","|turn|34","||adding 10 for new turn","|","|t:|1753051989","|move|p2a: Skarmory|Protect||[still]","|-fail|p2a: Skarmory","|move|p1a: Starmie|Hydro Pump|p2a: Skarmory|[miss]","|-miss|p1a: Starmie|p2a: Skarmory","|","|-weather|Sandstorm|[upkeep]","|-damage|p1a: Starmie|181/262|[from] Sandstorm","|-heal|p1a: Starmie|197/262|[from] item: Leftovers","|-heal|p2a: Skarmory|156/334|[from] item: Leftovers","|upkeep","|turn|35","||adding 10 for new turn","|","|t:|1753051990","|switch|p2a: Tyranitar|Tyranitar, M|353/404","|-damage|p2a: Tyranitar|252/404|[from] Spikes","|move|p1a: Starmie|Thunderbolt|p2a: Tyranitar","|-damage|p2a: Tyranitar|160/404","|","|-weather|Sandstorm|[upkeep]","|-damage|p1a: Starmie|181/262|[from] Sandstorm","|-heal|p1a: Starmie|197/262|[from] item: Leftovers","|-heal|p2a: Tyranitar|185/404|[from] item: Leftovers","|upkeep","|turn|36","||adding 10 for new turn","|","|t:|1753051992","|move|p1a: Starmie|Hydro Pump|p2a: Tyranitar","|-supereffective|p2a: Tyranitar","|-damage|p2a: Tyranitar|0 fnt","|faint|p2a: Tyranitar","||adding 5 to each for mid turn request","|","|t:|1753051993","|switch|p2a: Skarmory|Skarmory, F|156/334","|","|-weather|Sandstorm|[upkeep]","|-damage|p1a: Starmie|181/262|[from] Sandstorm","|-heal|p1a: Starmie|197/262|[from] item: Leftovers","|-heal|p2a: Skarmory|176/334|[from] item: Leftovers","|upkeep","|turn|37","||adding 10 for new turn","|","|t:|1753051994","|move|p2a: Skarmory|Protect|p2a: Skarmory","|-singleturn|p2a: Skarmory|Protect","|move|p1a: Starmie|Thunderbolt|p2a: Skarmory","|-activate|p2a: Skarmory|Protect","|","|-weather|Sandstorm|[upkeep]","|-damage|p1a: Starmie|181/262|[from] Sandstorm","|-heal|p1a: Starmie|197/262|[from] item: Leftovers","|-heal|p2a: Skarmory|196/334|[from] item: Leftovers","|upkeep","|turn|38","||adding 10 for new turn","|","|t:|1753051995","|move|p1a: Starmie|Thunderbolt|p2a: Skarmory","|-supereffective|p2a: Skarmory","|-damage|p2a: Skarmory|24/334","|move|p2a: Skarmory|Roar|p1a: Starmie","|drag|p1a: Metagross|Metagross|239/318","|-damage|p1a: Metagross|160/318|[from] Spikes","|","|-weather|Sandstorm|[upkeep]","|-heal|p2a: Skarmory|44/334|[from] item: Leftovers","|upkeep","|turn|39","||adding 10 for new turn","|","|t:|1753051996","|move|p2a: Skarmory|Protect|p2a: Skarmory","|-singleturn|p2a: Skarmory|Protect","|move|p1a: Metagross|Explosion|p2a: Skarmory","|-activate|p2a: Skarmory|Protect","|faint|p1a: Metagross","||adding 5 to each for mid turn request","|","|t:|1753051997","|switch|p1a: Starmie|Starmie|197/262","|-damage|p1a: Starmie|132/262|[from] Spikes","|","|-weather|Sandstorm|[upkeep]","|-damage|p1a: Starmie|116/262|[from] Sandstorm","|-heal|p1a: Starmie|132/262|[from] item: Leftovers","|-heal|p2a: Skarmory|64/334|[from] item: Leftovers","|upkeep","|turn|40","||adding 10 for new turn","|","|t:|1753051998","|move|p2a: Skarmory|Protect|p2a: Skarmory","|-singleturn|p2a: Skarmory|Protect","|move|p1a: Starmie|Thunderbolt|p2a: Skarmory","|-activate|p2a: Skarmory|Protect","|","|-weather|Sandstorm|[upkeep]","|-damage|p1a: Starmie|116/262|[from] Sandstorm","|-heal|p1a: Starmie|132/262|[from] item: Leftovers","|-heal|p2a: Skarmory|84/334|[from] item: Leftovers","|upkeep","|turn|41","||adding 10 for new turn","|","|t:|1753051999","|move|p2a: Skarmory|Protect|p2a: Skarmory","|-singleturn|p2a: Skarmory|Protect","|move|p1a: Starmie|Thunderbolt|p2a: Skarmory","|-activate|p2a: Skarmory|Protect","|","|-weather|Sandstorm|[upkeep]","|-damage|p1a: Starmie|116/262|[from] Sandstorm","|-heal|p1a: Starmie|132/262|[from] item: Leftovers","|-heal|p2a: Skarmory|104/334|[from] item: Leftovers","|upkeep","|turn|42","||adding 10 for new turn","|","|t:|1753052000","|move|p2a: Skarmory|Protect|p2a: Skarmory","|-singleturn|p2a: Skarmory|Protect","|move|p1a: Starmie|Thunderbolt|p2a: Skarmory","|-activate|p2a: Skarmory|Protect","|","|-weather|Sandstorm|[upkeep]","|-damage|p1a: Starmie|116/262|[from] Sandstorm","|-heal|p1a: Starmie|132/262|[from] item: Leftovers","|-heal|p2a: Skarmory|124/334|[from] item: Leftovers","|upkeep","|turn|43","||adding 10 for new turn","|","|t:|1753052001","|move|p2a: Skarmory|Protect||[still]","|-fail|p2a: Skarmory","|move|p1a: Starmie|Thunderbolt|p2a: Skarmory","|-supereffective|p2a: Skarmory","|-damage|p2a: Skarmory|0 fnt","|faint|p2a: Skarmory","|","|win|foultestchallenge1",""],"p1rating":null,"p2rating":null,"endType":"normal","ladderError":true,"timestamp":"Sun Jul 20 2025 15:53:21 GMT-0700 (アメリカ太平洋夏時間)","roomid":"battle-gen3ou-1051","format":"gen3ou"}