{"winner":"foultestacceptor1","seed":"sodium,0e98de617b8147d0c09d255f9bab9472","turns":103,"p1":"foultestchallenge1","p2":"foultestacceptor1","p1team":[{"name":"Dugtrio","species":"Dugtrio","item":"Choice Band","ability":"Arena Trap","moves":["Earthquake","Hidden Power Bug","Aerial Ace","Sunny Day"],"nature":"Adamant","evs":{"hp":96,"atk":168,"def":20,"spa":0,"spd":0,"spe":224},"gender":"M","ivs":{"hp":31,"atk":30,"def":30,"spa":31,"spd":30,"spe":31},"happiness":255,"hpType":"Bug","pokeball":"","gigantamax":false,"dynamaxLevel":10,"teraType":"","level":100},{"name":"Forretress","species":"Forretress","item":"Leftovers","ability":"Sturdy","moves":["Spikes","Zap Cannon","Explosion","Hidden Power Bug"],"nature":"Careful","evs":{"hp":252,"atk":0,"def":4,"spa":0,"spd":252,"spe":0},"gender":"F","ivs":{"hp":31,"atk":30,"def":30,"spa":31,"spd":30,"spe":31},"happiness":255,"hpType":"Bug","pokeball":"","gigantamax":false,"dynamaxLevel":10,"teraType":"","level":100},{"name":"Snorlax","species":"Snorlax","item":"Leftovers","ability":"Immunity","moves":["Return","Curse","Rest","Shadow Ball"],"nature":"Careful","evs":{"hp":144,"atk":96,"def":132,"spa":0,"spd":136,"spe":0},"gender":"M","level":100,"ivs":{"hp":31,"atk":31,"def":31,"spa":31,"spd":31,"spe":31}},{"name":"Suicune","species":"Suicune","item":"Leftovers","ability":"Pressure","moves":["Calm Mind","Rest","Ice Beam","Surf"],"nature":"Bold","evs":{"hp":240,"atk":0,"def":252,"spa":0,"spd":0,"spe":16},"gender":"N","ivs":{"hp":31,"atk":0,"def":31,"spa":31,"spd":31,"spe":31},"level":100},{"name":"Claydol","species":"Claydol","item":"Leftovers","ability":"Levitate","moves":["Earthquake","Psychic","Rapid Spin","Rest"],"nature":"Lonely","evs":{"hp":252,"atk":224,"def":0,"spa":24,"spd":0,"spe":8},"gender":"N","level":100,"ivs":{"hp":31,"atk":31,"def":31,"spa":31,"spd":31,"spe":31}},{"name":"Blissey","species":"Blissey","item":"Leftovers","ability":"Natural Cure","moves":["Soft-Boiled","Seismic Toss","Thunder Wave","Aromatherapy"],"nature":"Bold","evs":{"hp":252,"atk":0,"def":252,"spa":0,"spd":0,"spe":4},"gender":"F","ivs":{"hp":31,"atk":0,"def":31,"spa":31,"spd":31,"spe":31},"level":100}],"p2team":[{"name":"Medicham","species":"Medicham","item":"Salac Berry","ability":"Pure Power","moves":["Brick Break","Focus Punch","Rock Slide","Shadow Ball"],"nature":"Jolly","evs":{"hp":4,"atk":252,"def":0,"spa":0,"spd":0,"spe":252},"gender":"M","level":100,"ivs":{"hp":31,"atk":31,"def":31,"spa":31,"spd":31,"spe":31}},{"name":"Magneton","species":"Magneton","item":"Magnet","ability":"Magnet Pull","moves":["Thunderbolt","Hidden Power Fire","Toxic","Rain Dance"],"nature":"Modest","evs":{"hp":4,"atk":0,"def":0,"spa":252,"spd":0,"spe":252},"gender":"N","ivs":{"hp":31,"atk":2,"def":31,"spa":30,"spd":31,"spe":30},"happiness":255,"hpType":"Fire","pokeball":"","gigantamax":false,"dynamaxLevel":10,"teraType":"","level":100},{"name":"Snorlax","species":"Snorlax","item":"Leftovers","ability":"Immunity","moves":["Self-Destruct","Body Slam","Shadow Ball","Earthquake"],"nature":"Adamant","evs":{"hp":92,"atk":116,"def":144,"spa":0,"spd":144,"spe":12},"gender":"F","level":100,"ivs":{"hp":31,"atk":31,"def":31,"spa":31,"spd":31,"spe":31}},{"name":"Suicune","species":"Suicune","item":"Leftovers","ability":"Pressure","moves":["Calm Mind","Surf","Rest","Ice Beam"],"nature":"Calm","evs":{"hp":252,"atk":0,"def":0,"spa":180,"spd":68,"spe":8},"gender":"N","ivs":{"hp":31,"atk":0,"def":31,"spa":31,"spd":31,"spe":31},"level":100},{"name":"Salamence","species":"Salamence","item":"Leftovers","ability":"Intimidate","moves":["Dragon Dance","Hidden Power Flying","Rock Slide","Earthquake"],"nature":"Adamant","evs":{"hp":0,"atk":156,"def":0,"spa":0,"spd":140,"spe":212},"gender":"M","ivs":{"hp":31,"atk":31,"def":31,"spa":30,"spd":30,"spe":30},"happiness":255,"hpType":"Flying","pokeball":"","gigantamax":false,"dynamaxLevel":10,"teraType":"","level":100},{"name":"Metagross","species":"Metagross","item":"Leftovers","ability":"Clear Body","moves":["Agility","Meteor Mash","Earthquake","Explosion"],"nature":"Adamant","evs":{"hp":252,"atk":144,"def":24,"spa":0,"spd":0,"spe":88},"gender":"N","level":100,"ivs":{"hp":31,"atk":31,"def":31,"spa":31,"spd":31,"spe":31}}],"score":[0,2],"inputLog":[">version 372d05e49c92a79eecdf6c8dddb208bd1765c00f",">start {\"formatid\":\"gen3ou\",\"seed\":\"sodium,0e98de617b8147d0c09d255f9bab9472\"}",">player p1 {\"name\":\"foultestchallenge1\",\"avatar\":\"169\",\"team\":\"Dugtrio||ChoiceBand|ArenaTrap|Earthquake,HiddenPowerBug,AerialAce,SunnyDay|Adamant|96,168,20,,,224|M|,30,30,,30,|||,Bug,,,,]Forretress||Leftovers|Sturdy|Spikes,ZapCannon,Explosion,HiddenPowerBug|Careful|252,,4,,252,|F|,30,30,,30,|||,Bug,,,,]Snorlax||Leftovers|Immunity|Return,Curse,Rest,ShadowBall|Careful|144,96,132,,136,|M||||]Suicune||Leftovers|Pressure|CalmMind,Rest,IceBeam,Surf|Bold|240,,252,,,16|N|,0,,,,|||]Claydol||Leftovers|Levitate|Earthquake,Psychic,RapidSpin,Rest|Lonely|252,224,,24,,8|N||||]Blissey||Leftovers|NaturalCure|SoftBoiled,SeismicToss,ThunderWave,Aromatherapy|Bold|252,,252,,,4|F|,0,,,,|||\",\"rating\":0}",">player p2 {\"name\":\"foultestacceptor1\",\"avatar\":\"102\",\"team\":\"Medicham||SalacBerry|PurePower|BrickBreak,FocusPunch,RockSlide,ShadowBall|Jolly|4,252,,,,252|M||||]Magneton||Magnet|MagnetPull|Thunderbolt,HiddenPowerFire,Toxic,RainDance|Modest|4,,,252,,252|N|,2,,30,,30|||,Fire,,,,]Snorlax||Leftovers|Immunity|SelfDestruct,BodySlam,ShadowBall,Earthquake|Adamant|92,116,144,,144,12|F||||]Suicune||Leftovers|Pressure|CalmMind,Surf,Rest,IceBeam|Calm|252,,,180,68,8|N|,0,,,,|||]Salamence||Leftovers|Intimidate|DragonDance,HiddenPowerFlying,RockSlide,Earthquake|Adamant|,156,,,140,212|M|,,,30,30,30|||,Flying,,,,]Metagross||Leftovers|ClearBody|Agility,MeteorMash,Earthquake,Explosion|Adamant|252,144,24,,,88|N||||\",\"rating\":0}",">p1 move earthquake",">p2 move brickbreak",">p1 switch 4",">p1 move surf",">p2 move brickbreak",">p2 switch 2",">p1 switch 5",">p2 move thunderbolt",">p1 move earthquake",">p2 switch 5",">p1 switch 5",">p2 switch 5",">p1 switch 6",">p2 move thunderbolt",">p1 move thunderwave",">p2 switch 6",">p1 switch 6",">p2 move meteormash",">p1 move calmmind",">p2 switch 5",">p1 move icebeam",">p2 switch 3",">p1 move calmmind",">p2 switch 4",">p1 move icebeam",">p2 move calmmind",">p1 move icebeam",">p2 move calmmind",">p1 move calmmind",">p2 move calmmind",">p1 move icebeam",">p2 move calmmind",">p1 move calmmind",">p2 move calmmind",">p1 move calmmind",">p2 move surf",">p1 move calmmind",">p2 move surf",">p1 move surf",">p2 move surf",">p1 move surf",">p2 move surf",">p1 move surf",">p2 move surf",">p1 move surf",">p2 move surf",">p1 move surf",">p2 move surf",">p1 move surf",">p2 move icebeam",">p1 move surf",">p2 move surf",">p1 move rest",">p2 move icebeam",">p1 move calmmind",">p2 move icebeam",">p1 move rest",">p2 move icebeam",">p1 move rest",">p2 move surf",">p1 move rest",">p2 move calmmind",">p1 move calmmind",">p2 move surf",">p1 move rest",">p2 move surf",">p1 move rest",">p2 move rest",">p1 move rest",">p2 move rest",">p1 move rest",">p2 move rest",">p1 move rest",">p2 move rest",">p1 move rest",">p2 move rest",">p1 move rest",">p2 move rest",">p1 move calmmind",">p2 move rest",">p1 move calmmind",">p2 move calmmind",">p1 move rest",">p2 move calmmind",">p1 move rest",">p2 move icebeam",">p1 move rest",">p2 move calmmind",">p1 move calmmind",">p2 move rest",">p1 move calmmind",">p2 move calmmind",">p1 move calmmind",">p2 move calmmind",">p1 move rest",">p2 move calmmind",">p1 move calmmind",">p2 move calmmind",">p1 move calmmind",">p2 move calmmind",">p1 move calmmind",">p2 move calmmind",">p1 move calmmind",">p2 move calmmind",">p1 move calmmind",">p2 move calmmind",">p1 move calmmind",">p2 move calmmind",">p1 move calmmind",">p2 move calmmind",">p1 move calmmind",">p2 move calmmind",">p1 move calmmind",">p2 move calmmind",">p1 move calmmind",">p2 move calmmind",">p1 move calmmind",">p2 move calmmind",">p1 move calmmind",">p2 move rest",">p1 move calmmind",">p2 move calmmind",">p1 move calmmind",">p2 move rest",">p1 move calmmind",">p2 move rest",">p1 move calmmind",">p2 move rest",">p1 move calmmind",">p2 move rest",">p1 move calmmind",">p2 move rest",">p1 move calmmind",">p2 move rest",">p1 move calmmind",">p2 move calmmind",">p1 move calmmind",">p2 move calmmind",">p1 move surf",">p2 move calmmind",">p1 move calmmind",">p2 move calmmind",">p1 move surf",">p2 move calmmind",">p1 move surf",">p2 move calmmind",">p1 move icebeam",">p2 move icebeam",">p1 move icebeam",">p2 move calmmind",">p1 move icebeam",">p2 move icebeam",">p1 move calmmind",">p2 move rest",">p1 move icebeam",">p2 move calmmind",">p1 move rest",">p2 move calmmind",">p1 move rest",">p2 move calmmind",">p1 move rest",">p2 move surf",">p1 move icebeam",">p2 move icebeam",">p1 move surf",">p2 move struggle",">p1 move surf",">p2 move struggle",">p1 switch 6",">p2 switch 3",">p1 switch 6",">p2 switch 5",">p1 switch 2",">p2 switch 5",">p1 move spikes",">p2 move dragondance",">p1 switch 2",">p2 move hiddenpower",">p1 switch 2",">p2 move hiddenpower",">p1 switch 2",">p2 move dragondance",">p1 move rest",">p2 move hiddenpower",">p1 switch 6",">p2 move hiddenpower",">p1 move thunderwave",">p2 move hiddenpower",">p1 switch 2",">p1 move explosion",">p2 move rockslide",">p1 switch 5",">p2 switch 3",">p1 move earthquake",">p2 switch 4",">p1 move earthquake",">p2 move selfdestruct",">p1 switch 3",">p2 switch 4",">p1 move curse",">p2 switch 5",">p1 move curse",">p2 move agility",">p1 move shadowball",">p2 move meteormash",">p1 move shadowball",">p2 move meteormash",">p1 move shadowball",">p2 move explosion",">p1 switch 6",">p2 switch 6",">p1 move rest",">p2 move thunderbolt",">p1 move rest",">p2 move thunderbolt"],"log":["|j|☆foultestchallenge1","|j|☆foultestacceptor1","|t:|1753066420","|gametype|singles","|player|p1|foultestchallenge1|169|","|player|p2|foultestacceptor1|102|","|teamsize|p1|6","|teamsize|p2|6","|gen|3","|tier|[Gen 3] OU","|rule|Sleep Clause Mod: Limit one foe put to sleep","|rule|Switch Priority Clause Mod: Faster Pokémon switch first","|rule|Species Clause: Limit one of each Pokémon","|rule|OHKO Clause: OHKO moves are banned","|rule|Evasion Items Clause: Evasion items are banned","|rule|Evasion Moves Clause: Evasion moves are banned","|rule|Endless Battle Clause: Forcing endless battles is banned","|rule|HP Percentage Mod: HP is shown in percentages","|rule|One Boost Passer Clause: Limit one Baton Passer that has a way to boost its stats","|rule|Freeze Clause Mod: Limit one foe frozen","|","|t:|1753066420","|start","|switch|p1a: Dugtrio|Dugtrio, M|235/235","|switch|p2a: Medicham|Medicham, M|262/262","|turn|1","|inactive|Battle timer is ON: inactive players will automatically lose when time's up. (requested by foultestchallenge1)","|inactive|foultestacceptor1 also wants the timer to be on.","|","|t:|1753066428","|move|p1a: Dugtrio|Earthquake|p2a: Medicham","|-damage|p2a: Medicham|1/262","|move|p2a: Medicham|Brick Break|p1a: Dugtrio","|-damage|p1a: Dugtrio|0 fnt","|faint|p1a: Dugtrio","||adding 5 to each for mid turn request","|","|t:|1753066435","|switch|p1a: Suicune|Suicune|401/401","|-ability|p1a: Suicune|Pressure|[silent]","|","|-enditem|p2a: Medicham|Salac Berry|[eat]","|-boost|p2a: Medicham|spe|1|[from] item: Salac Berry","|upkeep","|turn|2","||adding 10 for new turn","|","|t:|1753066443","|move|p2a: Medicham|Brick Break|p1a: Suicune","|-damage|p1a: Suicune|290/401","|move|p1a: Suicune|Surf|p2a: Medicham","|-damage|p2a: Medicham|0 fnt","|faint|p2a: Medicham","||adding 5 to each for mid turn request","|","|t:|1753066451","|switch|p2a: Magneton|Magneton|242/242","|","|-heal|p1a: Suicune|315/401|[from] item: Leftovers","|upkeep","|turn|3","||adding 10 for new turn","|","|t:|1753066459","|switch|p1a: Claydol|Claydol|324/324","|move|p2a: Magneton|Thunderbolt|p1a: Claydol","|-immune|p1a: Claydol","|","|upkeep","|turn|4","||adding 10 for new turn","|","|t:|1753066467","|switch|p2a: Salamence|Salamence, M|331/331","|-ability|p2a: Salamence|Intimidate|boost","|-unboost|p1a: Claydol|atk|1","|move|p1a: Claydol|Earthquake|p2a: Salamence","|-immune|p2a: Salamence","|","|upkeep","|turn|5","||adding 10 for new turn","|","|t:|1753066475","|switch|p2a: Magneton|Magneton|242/242","|switch|p1a: Suicune|Suicune|315/401","|-ability|p1a: Suicune|Pressure|[silent]","|","|-heal|p1a: Suicune|340/401|[from] item: Leftovers","|upkeep","|turn|6","||adding 10 for new turn","|","|t:|1753066483","|switch|p1a: Blissey|Blissey, F|714/714","|move|p2a: Magneton|Thunderbolt|p1a: Blissey","|-damage|p1a: Blissey|575/714","|","|-heal|p1a: Blissey|619/714|[from] item: Leftovers","|upkeep","|turn|7","||adding 10 for new turn","|","|t:|1753066491","|switch|p2a: Metagross|Metagross|364/364","|move|p1a: Blissey|Thunder Wave|p2a: Metagross","|-status|p2a: Metagross|par","|","|-heal|p1a: Blissey|663/714|[from] item: Leftovers","|upkeep","|turn|8","||adding 10 for new turn","|","|t:|1753066499","|switch|p1a: Suicune|Suicune|340/401","|-ability|p1a: Suicune|Pressure|[silent]","|move|p2a: Metagross|Meteor Mash|p1a: Suicune","|-resisted|p1a: Suicune","|-damage|p1a: Suicune|283/401","|","|-heal|p1a: Suicune|308/401|[from] item: Leftovers","|upkeep","|turn|9","||adding 10 for new turn","|","|t:|1753066507","|switch|p2a: Salamence|Salamence, M|331/331","|-ability|p2a: Salamence|Intimidate|boost","|-unboost|p1a: Suicune|atk|1","|move|p1a: Suicune|Calm Mind|p1a: Suicune","|-boost|p1a: Suicune|spa|1","|-boost|p1a: Suicune|spd|1","|","|-heal|p1a: Suicune|333/401|[from] item: Leftovers","|upkeep","|turn|10","||adding 10 for new turn","|","|t:|1753066515","|switch|p2a: Snorlax|Snorlax, F|484/484","|move|p1a: Suicune|Ice Beam|p2a: Snorlax","|-crit|p2a: Snorlax","|-damage|p2a: Snorlax|324/484","|-status|p2a: Snorlax|frz","|","|-heal|p1a: Suicune|358/401|[from] item: Leftovers","|-heal|p2a: Snorlax|354/484 frz|[from] item: Leftovers","|upkeep","|turn|11","||adding 10 for new turn","|","|t:|1753066523","|switch|p2a: Suicune|Suicune|404/404","|-ability|p2a: Suicune|Pressure|[silent]","|move|p1a: Suicune|Calm Mind|p1a: Suicune","|-boost|p1a: Suicune|spa|1","|-boost|p1a: Suicune|spd|1","|","|-heal|p1a: Suicune|383/401|[from] item: Leftovers","|upkeep","|turn|12","||adding 10 for new turn","|","|t:|1753066531","|move|p1a: Suicune|Ice Beam|p2a: Suicune","|-resisted|p2a: Suicune","|-damage|p2a: Suicune|353/404","|move|p2a: Suicune|Calm Mind|p2a: Suicune","|-boost|p2a: Suicune|spa|1","|-boost|p2a: Suicune|spd|1","|","|-heal|p1a: Suicune|401/401|[from] item: Leftovers","|-heal|p2a: Suicune|378/404|[from] item: Leftovers","|upkeep","|turn|13","||adding 10 for new turn","|","|t:|1753066539","|move|p1a: Suicune|Ice Beam|p2a: Suicune","|-resisted|p2a: Suicune","|-damage|p2a: Suicune|346/404","|move|p2a: Suicune|Calm Mind|p2a: Suicune","|-boost|p2a: Suicune|spa|1","|-boost|p2a: Suicune|spd|1","|","|-heal|p2a: Suicune|371/404|[from] item: Leftovers","|upkeep","|turn|14","||adding 10 for new turn","|","|t:|1753066547","|move|p1a: Suicune|Calm Mind|p1a: Suicune","|-boost|p1a: Suicune|spa|1","|-boost|p1a: Suicune|spd|1","|move|p2a: Suicune|Calm Mind|p2a: Suicune","|-boost|p2a: Suicune|spa|1","|-boost|p2a: Suicune|spd|1","|","|-heal|p2a: Suicune|396/404|[from] item: Leftovers","|upkeep","|turn|15","||adding 10 for new turn","|","|t:|1753066554","|move|p1a: Suicune|Ice Beam|p2a: Suicune","|-resisted|p2a: Suicune","|-damage|p2a: Suicune|368/404","|move|p2a: Suicune|Calm Mind|p2a: Suicune","|-boost|p2a: Suicune|spa|1","|-boost|p2a: Suicune|spd|1","|","|-heal|p2a: Suicune|393/404|[from] item: Leftovers","|upkeep","|turn|16","||adding 10 for new turn","|","|t:|1753066562","|move|p1a: Suicune|Calm Mind|p1a: Suicune","|-boost|p1a: Suicune|spa|1","|-boost|p1a: Suicune|spd|1","|move|p2a: Suicune|Calm Mind|p2a: Suicune","|-boost|p2a: Suicune|spa|1","|-boost|p2a: Suicune|spd|1","|","|-heal|p2a: Suicune|404/404|[from] item: Leftovers","|upkeep","|turn|17","||adding 10 for new turn","|","|t:|1753066570","|move|p1a: Suicune|Calm Mind|p1a: Suicune","|-boost|p1a: Suicune|spa|1","|-boost|p1a: Suicune|spd|1","|move|p2a: Suicune|Surf|p1a: Suicune","|-resisted|p1a: Suicune","|-damage|p1a: Suicune|342/401","|","|-heal|p1a: Suicune|367/401|[from] item: Leftovers","|upkeep","|turn|18","||adding 10 for new turn","|","|t:|1753066577","|move|p1a: Suicune|Calm Mind|p1a: Suicune","|-boost|p1a: Suicune|spa|1","|-boost|p1a: Suicune|spd|1","|move|p2a: Suicune|Surf|p1a: Suicune","|-resisted|p1a: Suicune","|-damage|p1a: Suicune|323/401","|","|-heal|p1a: Suicune|348/401|[from] item: Leftovers","|upkeep","|turn|19","||adding 10 for new turn","|","|t:|1753066585","|move|p1a: Suicune|Surf|p2a: Suicune","|-resisted|p2a: Suicune","|-damage|p2a: Suicune|357/404","|move|p2a: Suicune|Surf|p1a: Suicune","|-resisted|p1a: Suicune","|-damage|p1a: Suicune|301/401","|","|-heal|p1a: Suicune|326/401|[from] item: Leftovers","|-heal|p2a: Suicune|382/404|[from] item: Leftovers","|upkeep","|turn|20","||adding 10 for new turn","|","|t:|1753066593","|move|p1a: Suicune|Surf|p2a: Suicune","|-resisted|p2a: Suicune","|-damage|p2a: Suicune|338/404","|move|p2a: Suicune|Surf|p1a: Suicune","|-resisted|p1a: Suicune","|-damage|p1a: Suicune|281/401","|","|-heal|p1a: Suicune|306/401|[from] item: Leftovers","|-heal|p2a: Suicune|363/404|[from] item: Leftovers","|upkeep","|turn|21","||adding 10 for new turn","|","|t:|1753066600","|move|p1a: Suicune|Surf|p2a: Suicune","|-resisted|p2a: Suicune","|-damage|p2a: Suicune|319/404","|move|p2a: Suicune|Surf|p1a: Suicune","|-resisted|p1a: Suicune","|-damage|p1a: Suicune|260/401","|","|-heal|p1a: Suicune|285/401|[from] item: Leftovers","|-heal|p2a: Suicune|344/404|[from] item: Leftovers","|upkeep","|turn|22","||adding 10 for new turn","|","|t:|1753066608","|move|p1a: Suicune|Surf|p2a: Suicune","|-resisted|p2a: Suicune","|-damage|p2a: Suicune|296/404","|move|p2a: Suicune|Surf|p1a: Suicune","|-resisted|p1a: Suicune","|-damage|p1a: Suicune|236/401","|","|-heal|p1a: Suicune|261/401|[from] item: Leftovers","|-heal|p2a: Suicune|321/404|[from] item: Leftovers","|upkeep","|turn|23","||adding 10 for new turn","|","|t:|1753066616","|move|p1a: Suicune|Surf|p2a: Suicune","|-resisted|p2a: Suicune","|-damage|p2a: Suicune|275/404","|move|p2a: Suicune|Surf|p1a: Suicune","|-resisted|p1a: Suicune","|-damage|p1a: Suicune|211/401","|","|-heal|p1a: Suicune|236/401|[from] item: Leftovers","|-heal|p2a: Suicune|300/404|[from] item: Leftovers","|upkeep","|turn|24","||adding 10 for new turn","|","|t:|1753066623","|move|p1a: Suicune|Surf|p2a: Suicune","|-resisted|p2a: Suicune","|-damage|p2a: Suicune|258/404","|move|p2a: Suicune|Ice Beam|p1a: Suicune","|-resisted|p1a: Suicune","|-damage|p1a: Suicune|203/401","|","|-heal|p1a: Suicune|228/401|[from] item: Leftovers","|-heal|p2a: Suicune|283/404|[from] item: Leftovers","|upkeep","|turn|25","||adding 10 for new turn","|","|t:|1753066627","|move|p1a: Suicune|Surf|p2a: Suicune","|-resisted|p2a: Suicune","|-damage|p2a: Suicune|241/404","|move|p2a: Suicune|Surf|p1a: Suicune","|-resisted|p1a: Suicune","|-damage|p1a: Suicune|182/401","|","|-heal|p1a: Suicune|207/401|[from] item: Leftovers","|-heal|p2a: Suicune|266/404|[from] item: Leftovers","|upkeep","|turn|26","||adding 10 for new turn","|","|t:|1753066632","|move|p1a: Suicune|Rest|p1a: Suicune","|-status|p1a: Suicune|slp|[from] move: Rest","|-heal|p1a: Suicune|401/401 slp|[silent]","|move|p2a: Suicune|Ice Beam|p1a: Suicune","|-resisted|p1a: Suicune","|-crit|p1a: Suicune","|-damage|p1a: Suicune|165/401 slp","|","|-heal|p1a: Suicune|190/401 slp|[from] item: Leftovers","|-heal|p2a: Suicune|291/404|[from] item: Leftovers","|upkeep","|turn|27","||adding 10 for new turn","|","|t:|1753066636","|cant|p1a: Suicune|slp","|move|p2a: Suicune|Ice Beam|p1a: Suicune","|-resisted|p1a: Suicune","|-damage|p1a: Suicune|156/401 slp","|","|-heal|p1a: Suicune|181/401 slp|[from] item: Leftovers","|-heal|p2a: Suicune|316/404|[from] item: Leftovers","|upkeep","|turn|28","||adding 10 for new turn","|","|t:|1753066640","|cant|p1a: Suicune|slp","|move|p2a: Suicune|Ice Beam|p1a: Suicune","|-resisted|p1a: Suicune","|-damage|p1a: Suicune|149/401 slp","|","|-heal|p1a: Suicune|174/401 slp|[from] item: Leftovers","|-heal|p2a: Suicune|341/404|[from] item: Leftovers","|upkeep","|turn|29","||adding 10 for new turn","|","|t:|1753066644","|-curestatus|p1a: Suicune|slp|[msg]","|move|p1a: Suicune|Rest|p1a: Suicune","|-status|p1a: Suicune|slp|[from] move: Rest","|-heal|p1a: Suicune|401/401 slp|[silent]","|move|p2a: Suicune|Surf|p1a: Suicune","|-resisted|p1a: Suicune","|-damage|p1a: Suicune|357/401 slp","|","|-heal|p1a: Suicune|382/401 slp|[from] item: Leftovers","|-heal|p2a: Suicune|366/404|[from] item: Leftovers","|upkeep","|turn|30","||adding 10 for new turn","|","|t:|1753066649","|cant|p1a: Suicune|slp","|move|p2a: Suicune|Calm Mind|p2a: Suicune","|-boost|p2a: Suicune|spa|1","|-boost|p2a: Suicune|spd|1","|","|-heal|p1a: Suicune|401/401 slp|[from] item: Leftovers","|-heal|p2a: Suicune|391/404|[from] item: Leftovers","|upkeep","|turn|31","||adding 10 for new turn","|","|t:|1753066653","|cant|p1a: Suicune|slp","|move|p2a: Suicune|Surf|p1a: Suicune","|-resisted|p1a: Suicune","|-damage|p1a: Suicune|344/401 slp","|","|-heal|p1a: Suicune|369/401 slp|[from] item: Leftovers","|-heal|p2a: Suicune|404/404|[from] item: Leftovers","|upkeep","|turn|32","||adding 10 for new turn","|","|t:|1753066657","|-curestatus|p1a: Suicune|slp|[msg]","|move|p1a: Suicune|Rest|p1a: Suicune","|-status|p1a: Suicune|slp|[from] move: Rest","|-heal|p1a: Suicune|401/401 slp|[silent]","|move|p2a: Suicune|Surf|p1a: Suicune","|-resisted|p1a: Suicune","|-damage|p1a: Suicune|341/401 slp","|","|-heal|p1a: Suicune|366/401 slp|[from] item: Leftovers","|upkeep","|turn|33","||adding 10 for new turn","|","|t:|1753066661","|cant|p1a: Suicune|slp","|move|p2a: Suicune|Rest|p2a: Suicune","|-fail|p2a: Suicune|heal","|","|-heal|p1a: Suicune|391/401 slp|[from] item: Leftovers","|upkeep","|turn|34","||adding 10 for new turn","|","|t:|1753066665","|cant|p1a: Suicune|slp","|move|p2a: Suicune|Rest|p2a: Suicune","|-fail|p2a: Suicune|heal","|","|-heal|p1a: Suicune|401/401 slp|[from] item: Leftovers","|upkeep","|turn|35","||adding 10 for new turn","|","|t:|1753066669","|-curestatus|p1a: Suicune|slp|[msg]","|move|p1a: Suicune|Rest|p1a: Suicune","|-fail|p1a: Suicune|heal","|move|p2a: Suicune|Rest|p2a: Suicune","|-fail|p2a: Suicune|heal","|","|upkeep","|turn|36","||adding 10 for new turn","|","|t:|1753066674","|move|p1a: Suicune|Rest|p1a: Suicune","|-fail|p1a: Suicune|heal","|move|p2a: Suicune|Rest|p2a: Suicune","|-fail|p2a: Suicune|heal","|","|upkeep","|turn|37","||adding 10 for new turn","|","|t:|1753066678","|move|p1a: Suicune|Rest|p1a: Suicune","|-fail|p1a: Suicune|heal","|move|p2a: Suicune|Rest|p2a: Suicune","|-fail|p2a: Suicune|heal","|","|upkeep","|turn|38","||adding 10 for new turn","|","|t:|1753066682","|move|p1a: Suicune|Rest|p1a: Suicune","|-fail|p1a: Suicune|heal","|move|p2a: Suicune|Rest|p2a: Suicune","|-fail|p2a: Suicune|heal","|","|upkeep","|turn|39","||adding 10 for new turn","|","|t:|1753066686","|move|p1a: Suicune|Calm Mind|p1a: Suicune","|-boost|p1a: Suicune|spa|0","|-boost|p1a: Suicune|spd|0","|move|p2a: Suicune|Rest|p2a: Suicune","|-fail|p2a: Suicune|heal","|","|upkeep","|turn|40","||adding 10 for new turn","|","|t:|1753066690","|move|p1a: Suicune|Calm Mind|p1a: Suicune","|-boost|p1a: Suicune|spa|0","|-boost|p1a: Suicune|spd|0","|move|p2a: Suicune|Calm Mind|p2a: Suicune","|-boost|p2a: Suicune|spa|0","|-boost|p2a: Suicune|spd|0","|","|upkeep","|turn|41","||adding 10 for new turn","|","|t:|1753066694","|move|p1a: Suicune|Rest|p1a: Suicune","|-fail|p1a: Suicune|heal","|move|p2a: Suicune|Calm Mind|p2a: Suicune","|-boost|p2a: Suicune|spa|0","|-boost|p2a: Suicune|spd|0","|","|upkeep","|turn|42","||adding 10 for new turn","|","|t:|1753066699","|move|p1a: Suicune|Rest|p1a: Suicune","|-fail|p1a: Suicune|heal","|move|p2a: Suicune|Ice Beam|p1a: Suicune","|-resisted|p1a: Suicune","|-damage|p1a: Suicune|365/401","|","|-heal|p1a: Suicune|390/401|[from] item: Leftovers","|upkeep","|turn|43","||adding 10 for new turn","|","|t:|1753066703","|move|p1a: Suicune|Rest|p1a: Suicune","|-status|p1a: Suicune|slp|[from] move: Rest","|-heal|p1a: Suicune|401/401 slp|[silent]","|move|p2a: Suicune|Calm Mind|p2a: Suicune","|-boost|p2a: Suicune|spa|0","|-boost|p2a: Suicune|spd|0","|","|upkeep","|turn|44","||adding 10 for new turn","|","|t:|1753066707","|cant|p1a: Suicune|slp","|move|p2a: Suicune|Rest|p2a: Suicune","|-fail|p2a: Suicune|heal","|","|upkeep","|turn|45","||adding 10 for new turn","|","|t:|1753066711","|cant|p1a: Suicune|slp","|move|p2a: Suicune|Calm Mind|p2a: Suicune","|-boost|p2a: Suicune|spa|0","|-boost|p2a: Suicune|spd|0","|","|upkeep","|turn|46","||adding 10 for new turn","|","|t:|1753066715","|-curestatus|p1a: Suicune|slp|[msg]","|move|p1a: Suicune|Calm Mind|p1a: Suicune","|-boost|p1a: Suicune|spa|0","|-boost|p1a: Suicune|spd|0","|move|p2a: Suicune|Calm Mind|p2a: Suicune","|-boost|p2a: Suicune|spa|0","|-boost|p2a: Suicune|spd|0","|","|upkeep","|turn|47","||adding 10 for new turn","|","|t:|1753066719","|move|p1a: Suicune|Rest|p1a: Suicune","|-fail|p1a: Suicune|heal","|move|p2a: Suicune|Calm Mind|p2a: Suicune","|-boost|p2a: Suicune|spa|0","|-boost|p2a: Suicune|spd|0","|","|upkeep","|turn|48","||adding 10 for new turn","|","|t:|1753066724","|move|p1a: Suicune|Calm Mind|p1a: Suicune","|-boost|p1a: Suicune|spa|0","|-boost|p1a: Suicune|spd|0","|move|p2a: Suicune|Calm Mind|p2a: Suicune","|-boost|p2a: Suicune|spa|0","|-boost|p2a: Suicune|spd|0","|","|upkeep","|turn|49","||adding 10 for new turn","|","|t:|1753066728","|move|p1a: Suicune|Calm Mind|p1a: Suicune","|-boost|p1a: Suicune|spa|0","|-boost|p1a: Suicune|spd|0","|move|p2a: Suicune|Calm Mind|p2a: Suicune","|-boost|p2a: Suicune|spa|0","|-boost|p2a: Suicune|spd|0","|","|upkeep","|turn|50","||adding 10 for new turn","|","|t:|1753066732","|move|p1a: Suicune|Calm Mind|p1a: Suicune","|-boost|p1a: Suicune|spa|0","|-boost|p1a: Suicune|spd|0","|move|p2a: Suicune|Calm Mind|p2a: Suicune","|-boost|p2a: Suicune|spa|0","|-boost|p2a: Suicune|spd|0","|","|upkeep","|turn|51","||adding 10 for new turn","|","|t:|1753066736","|move|p1a: Suicune|Calm Mind|p1a: Suicune","|-boost|p1a: Suicune|spa|0","|-boost|p1a: Suicune|spd|0","|move|p2a: Suicune|Calm Mind|p2a: Suicune","|-boost|p2a: Suicune|spa|0","|-boost|p2a: Suicune|spd|0","|","|upkeep","|turn|52","||adding 10 for new turn","|","|t:|1753066740","|move|p1a: Suicune|Calm Mind|p1a: Suicune","|-boost|p1a: Suicune|spa|0","|-boost|p1a: Suicune|spd|0","|move|p2a: Suicune|Calm Mind|p2a: Suicune","|-boost|p2a: Suicune|spa|0","|-boost|p2a: Suicune|spd|0","|","|upkeep","|turn|53","||adding 10 for new turn","|","|t:|1753066744","|move|p1a: Suicune|Calm Mind|p1a: Suicune","|-boost|p1a: Suicune|spa|0","|-boost|p1a: Suicune|spd|0","|move|p2a: Suicune|Calm Mind|p2a: Suicune","|-boost|p2a: Suicune|spa|0","|-boost|p2a: Suicune|spd|0","|","|upkeep","|turn|54","||adding 10 for new turn","|","|t:|1753066748","|move|p1a: Suicune|Calm Mind|p1a: Suicune","|-boost|p1a: Suicune|spa|0","|-boost|p1a: Suicune|spd|0","|move|p2a: Suicune|Calm Mind|p2a: Suicune","|-boost|p2a: Suicune|spa|0","|-boost|p2a: Suicune|spd|0","|","|upkeep","|turn|55","||adding 10 for new turn","|","|t:|1753066753","|move|p1a: Suicune|Calm Mind|p1a: Suicune","|-boost|p1a: Suicune|spa|0","|-boost|p1a: Suicune|spd|0","|move|p2a: Suicune|Calm Mind|p2a: Suicune","|-boost|p2a: Suicune|spa|0","|-boost|p2a: Suicune|spd|0","|","|upkeep","|turn|56","||adding 10 for new turn","|","|t:|1753066757","|move|p1a: Suicune|Calm Mind|p1a: Suicune","|-boost|p1a: Suicune|spa|0","|-boost|p1a: Suicune|spd|0","|move|p2a: Suicune|Calm Mind|p2a: Suicune","|-boost|p2a: Suicune|spa|0","|-boost|p2a: Suicune|spd|0","|","|upkeep","|turn|57","||adding 10 for new turn","|","|t:|1753066761","|move|p1a: Suicune|Calm Mind|p1a: Suicune","|-boost|p1a: Suicune|spa|0","|-boost|p1a: Suicune|spd|0","|move|p2a: Suicune|Calm Mind|p2a: Suicune","|-boost|p2a: Suicune|spa|0","|-boost|p2a: Suicune|spd|0","|","|upkeep","|turn|58","||adding 10 for new turn","|","|t:|1753066765","|move|p1a: Suicune|Calm Mind|p1a: Suicune","|-boost|p1a: Suicune|spa|0","|-boost|p1a: Suicune|spd|0","|move|p2a: Suicune|Calm Mind|p2a: Suicune","|-boost|p2a: Suicune|spa|0","|-boost|p2a: Suicune|spd|0","|","|upkeep","|turn|59","||adding 10 for new turn","|","|t:|1753066769","|move|p1a: Suicune|Calm Mind|p1a: Suicune","|-boost|p1a: Suicune|spa|0","|-boost|p1a: Suicune|spd|0","|move|p2a: Suicune|Rest|p2a: Suicune","|-fail|p2a: Suicune|heal","|","|upkeep","|turn|60","||adding 10 for new turn","|","|t:|1753066774","|move|p1a: Suicune|Calm Mind|p1a: Suicune","|-boost|p1a: Suicune|spa|0","|-boost|p1a: Suicune|spd|0","|move|p2a: Suicune|Calm Mind|p2a: Suicune","|-boost|p2a: Suicune|spa|0","|-boost|p2a: Suicune|spd|0","|","|upkeep","|turn|61","||adding 10 for new turn","|","|t:|1753066778","|move|p1a: Suicune|Calm Mind|p1a: Suicune","|-boost|p1a: Suicune|spa|0","|-boost|p1a: Suicune|spd|0","|move|p2a: Suicune|Rest|p2a: Suicune","|-fail|p2a: Suicune|heal","|","|upkeep","|turn|62","||adding 10 for new turn","|","|t:|1753066782","|move|p1a: Suicune|Calm Mind|p1a: Suicune","|-boost|p1a: Suicune|spa|0","|-boost|p1a: Suicune|spd|0","|move|p2a: Suicune|Rest|p2a: Suicune","|-fail|p2a: Suicune|heal","|","|upkeep","|turn|63","||adding 10 for new turn","|","|t:|1753066786","|move|p1a: Suicune|Calm Mind|p1a: Suicune","|-boost|p1a: Suicune|spa|0","|-boost|p1a: Suicune|spd|0","|move|p2a: Suicune|Rest|p2a: Suicune","|-fail|p2a: Suicune|heal","|","|upkeep","|turn|64","||adding 10 for new turn","|","|t:|1753066790","|move|p1a: Suicune|Calm Mind|p1a: Suicune","|-boost|p1a: Suicune|spa|0","|-boost|p1a: Suicune|spd|0","|move|p2a: Suicune|Rest|p2a: Suicune","|-fail|p2a: Suicune|heal","|","|upkeep","|turn|65","||adding 10 for new turn","|","|t:|1753066794","|move|p1a: Suicune|Calm Mind|p1a: Suicune","|-boost|p1a: Suicune|spa|0","|-boost|p1a: Suicune|spd|0","|move|p2a: Suicune|Rest|p2a: Suicune","|-fail|p2a: Suicune|heal","|","|upkeep","|turn|66","||adding 10 for new turn","|","|t:|1753066799","|move|p1a: Suicune|Calm Mind|p1a: Suicune","|-boost|p1a: Suicune|spa|0","|-boost|p1a: Suicune|spd|0","|move|p2a: Suicune|Rest|p2a: Suicune","|-fail|p2a: Suicune|heal","|","|upkeep","|turn|67","||adding 10 for new turn","|","|t:|1753066803","|move|p1a: Suicune|Calm Mind|p1a: Suicune","|-boost|p1a: Suicune|spa|0","|-boost|p1a: Suicune|spd|0","|move|p2a: Suicune|Calm Mind|p2a: Suicune","|-boost|p2a: Suicune|spa|0","|-boost|p2a: Suicune|spd|0","|","|upkeep","|turn|68","||adding 10 for new turn","|","|t:|1753066807","|move|p1a: Suicune|Calm Mind|p1a: Suicune","|-boost|p1a: Suicune|spa|0","|-boost|p1a: Suicune|spd|0","|move|p2a: Suicune|Calm Mind|p2a: Suicune","|-boost|p2a: Suicune|spa|0","|-boost|p2a: Suicune|spd|0","|","|upkeep","|turn|69","||adding 10 for new turn","|","|t:|1753066811","|move|p1a: Suicune|Surf|p2a: Suicune","|-resisted|p2a: Suicune","|-damage|p2a: Suicune|368/404","|move|p2a: Suicune|Calm Mind|p2a: Suicune","|-boost|p2a: Suicune|spa|0","|-boost|p2a: Suicune|spd|0","|","|-heal|p2a: Suicune|393/404|[from] item: Leftovers","|upkeep","|turn|70","||adding 10 for new turn","|","|t:|1753066815","|move|p1a: Suicune|Calm Mind|p1a: Suicune","|-boost|p1a: Suicune|spa|0","|-boost|p1a: Suicune|spd|0","|move|p2a: Suicune|Calm Mind|p2a: Suicune","|-boost|p2a: Suicune|spa|0","|-boost|p2a: Suicune|spd|0","|","|-heal|p2a: Suicune|404/404|[from] item: Leftovers","|upkeep","|turn|71","||adding 10 for new turn","|","|t:|1753066819","|move|p1a: Suicune|Surf|p2a: Suicune","|-resisted|p2a: Suicune","|-damage|p2a: Suicune|363/404","|move|p2a: Suicune|Calm Mind|p2a: Suicune","|-boost|p2a: Suicune|spa|0","|-boost|p2a: Suicune|spd|0","|","|-heal|p2a: Suicune|388/404|[from] item: Leftovers","|upkeep","|turn|72","||adding 10 for new turn","|","|t:|1753066824","|move|p1a: Suicune|Surf|p2a: Suicune","|-resisted|p2a: Suicune","|-damage|p2a: Suicune|349/404","|move|p2a: Suicune|Calm Mind|p2a: Suicune","|-boost|p2a: Suicune|spa|0","|-boost|p2a: Suicune|spd|0","|","|-heal|p2a: Suicune|374/404|[from] item: Leftovers","|upkeep","|turn|73","||adding 10 for new turn","|","|t:|1753066828","|move|p1a: Suicune|Ice Beam|p2a: Suicune","|-resisted|p2a: Suicune","|-damage|p2a: Suicune|346/404","|-message|Freeze Clause activated.","|move|p2a: Suicune|Ice Beam|p1a: Suicune","|-resisted|p1a: Suicune","|-damage|p1a: Suicune|361/401","|","|-heal|p1a: Suicune|386/401|[from] item: Leftovers","|-heal|p2a: Suicune|371/404|[from] item: Leftovers","|upkeep","|turn|74","||adding 10 for new turn","|","|t:|1753066832","|move|p1a: Suicune|Ice Beam|p2a: Suicune","|-resisted|p2a: Suicune","|-damage|p2a: Suicune|347/404","|move|p2a: Suicune|Calm Mind|p2a: Suicune","|-boost|p2a: Suicune|spa|0","|-boost|p2a: Suicune|spd|0","|","|-heal|p1a: Suicune|401/401|[from] item: Leftovers","|-heal|p2a: Suicune|372/404|[from] item: Leftovers","|upkeep","|turn|75","||adding 10 for new turn","|","|t:|1753066836","|move|p1a: Suicune|Ice Beam|p2a: Suicune","|-resisted|p2a: Suicune","|-damage|p2a: Suicune|348/404","|-message|Freeze Clause activated.","|move|p2a: Suicune|Ice Beam|p1a: Suicune","|-resisted|p1a: Suicune","|-damage|p1a: Suicune|364/401","|","|-heal|p1a: Suicune|389/401|[from] item: Leftovers","|-heal|p2a: Suicune|373/404|[from] item: Leftovers","|upkeep","|turn|76","||adding 10 for new turn","|","|t:|1753066841","|move|p1a: Suicune|Calm Mind|p1a: Suicune","|-boost|p1a: Suicune|spa|0","|-boost|p1a: Suicune|spd|0","|move|p2a: Suicune|Rest|p2a: Suicune","|-status|p2a: Suicune|slp|[from] move: Rest","|-heal|p2a: Suicune|404/404 slp|[silent]","|","|-heal|p1a: Suicune|401/401|[from] item: Leftovers","|upkeep","|turn|77","||adding 10 for new turn","|","|t:|1753066845","|move|p1a: Suicune|Ice Beam|p2a: Suicune","|-resisted|p2a: Suicune","|-damage|p2a: Suicune|376/404 slp","|cant|p2a: Suicune|slp","|","|-heal|p2a: Suicune|401/404 slp|[from] item: Leftovers","|upkeep","|turn|78","||adding 10 for new turn","|","|t:|1753066849","|move|p1a: Suicune|Rest|p1a: Suicune","|-fail|p1a: Suicune|heal","|cant|p2a: Suicune|slp","|","|-heal|p2a: Suicune|404/404 slp|[from] item: Leftovers","|upkeep","|turn|79","||adding 10 for new turn","|","|t:|1753066853","|move|p1a: Suicune|Rest|p1a: Suicune","|-fail|p1a: Suicune|heal","|-curestatus|p2a: Suicune|slp|[msg]","|move|p2a: Suicune|Calm Mind|p2a: Suicune","|-boost|p2a: Suicune|spa|0","|-boost|p2a: Suicune|spd|0","|","|upkeep","|turn|80","||adding 10 for new turn","|","|t:|1753066857","|move|p1a: Suicune|Rest|p1a: Suicune","|-fail|p1a: Suicune|heal","|move|p2a: Suicune|Surf|p1a: Suicune","|-resisted|p1a: Suicune","|-damage|p1a: Suicune|347/401","|","|-heal|p1a: Suicune|372/401|[from] item: Leftovers","|upkeep","|turn|81","||adding 10 for new turn","|","|t:|1753066862","|move|p1a: Suicune|Ice Beam|p2a: Suicune","|-resisted|p2a: Suicune","|-damage|p2a: Suicune|378/404","|move|p2a: Suicune|Ice Beam|p1a: Suicune","|-resisted|p1a: Suicune","|-damage|p1a: Suicune|335/401","|","|-heal|p1a: Suicune|360/401|[from] item: Leftovers","|-heal|p2a: Suicune|403/404|[from] item: Leftovers","|upkeep","|turn|82","||adding 10 for new turn","|","|t:|1753066866","|move|p1a: Suicune|Surf|p2a: Suicune","|-resisted|p2a: Suicune","|-damage|p2a: Suicune|364/404","|move|p2a: Suicune|Struggle|p1a: Suicune","|-damage|p1a: Suicune|345/401","|-damage|p2a: Suicune|361/404|[from] Recoil|[of] p1a: Suicune","|","|-heal|p1a: Suicune|370/401|[from] item: Leftovers","|-heal|p2a: Suicune|386/404|[from] item: Leftovers","|upkeep","|turn|83","||adding 10 for new turn","|","|t:|1753066870","|move|p1a: Suicune|Surf|p2a: Suicune","|-resisted|p2a: Suicune","|-damage|p2a: Suicune|349/404","|move|p2a: Suicune|Struggle|p1a: Suicune","|-damage|p1a: Suicune|354/401","|-damage|p2a: Suicune|345/404|[from] Recoil|[of] p1a: Suicune","|","|-heal|p1a: Suicune|379/401|[from] item: Leftovers","|-heal|p2a: Suicune|370/404|[from] item: Leftovers","|upkeep","|turn|84","||adding 10 for new turn","|","|t:|1753066875","|switch|p1a: Blissey|Blissey, F|663/714","|switch|p2a: Salamence|Salamence, M|331/331","|-ability|p2a: Salamence|Intimidate|boost","|-unboost|p1a: Blissey|atk|1","|","|-heal|p1a: Blissey|707/714|[from] item: Leftovers","|upkeep","|turn|85","||adding 10 for new turn","|","|t:|1753066882","|switch|p2a: Metagross|Metagross|364/364 par","|switch|p1a: Suicune|Suicune|379/401","|-ability|p1a: Suicune|Pressure|[silent]","|","|-heal|p1a: Suicune|401/401|[from] item: Leftovers","|upkeep","|turn|86","||adding 10 for new turn","|","|t:|1753066890","|switch|p1a: Forretress|Forretress, F|354/354","|switch|p2a: Salamence|Salamence, M|331/331","|-ability|p2a: Salamence|Intimidate|boost","|-unboost|p1a: Forretress|atk|1","|","|upkeep","|turn|87","||adding 10 for new turn","|","|t:|1753066898","|move|p2a: Salamence|Dragon Dance|p2a: Salamence","|-boost|p2a: Salamence|atk|1","|-boost|p2a: Salamence|spe|1","|move|p1a: Forretress|Spikes|p2a: Salamence","|-sidestart|p2: foultestacceptor1|Spikes","|","|upkeep","|turn|88","||adding 10 for new turn","|","|t:|1753066906","|switch|p1a: Suicune|Suicune|401/401","|-ability|p1a: Suicune|Pressure|[silent]","|move|p2a: Salamence|Hidden Power|p1a: Suicune","|-damage|p1a: Suicune|263/401","|","|-heal|p1a: Suicune|288/401|[from] item: Leftovers","|upkeep","|turn|89","||adding 10 for new turn","|","|t:|1753066914","|switch|p1a: Forretress|Forretress, F|354/354","|move|p2a: Salamence|Hidden Power|p1a: Forretress","|-damage|p1a: Forretress|207/354","|","|-heal|p1a: Forretress|229/354|[from] item: Leftovers","|upkeep","|turn|90","||adding 10 for new turn","|","|t:|1753066921","|switch|p1a: Suicune|Suicune|288/401","|-ability|p1a: Suicune|Pressure|[silent]","|move|p2a: Salamence|Dragon Dance|p2a: Salamence","|-boost|p2a: Salamence|atk|1","|-boost|p2a: Salamence|spe|1","|","|-heal|p1a: Suicune|313/401|[from] item: Leftovers","|upkeep","|turn|91","||adding 10 for new turn","|","|t:|1753066929","|move|p2a: Salamence|Hidden Power|p1a: Suicune","|-damage|p1a: Suicune|149/401","|move|p1a: Suicune|Rest|p1a: Suicune","|-status|p1a: Suicune|slp|[from] move: Rest","|-heal|p1a: Suicune|401/401 slp|[silent]","|","|upkeep","|turn|92","||adding 10 for new turn","|","|t:|1753066936","|switch|p1a: Blissey|Blissey, F|707/714","|move|p2a: Salamence|Hidden Power|p1a: Blissey","|-damage|p1a: Blissey|207/714","|","|-heal|p1a: Blissey|251/714|[from] item: Leftovers","|upkeep","|turn|93","||adding 10 for new turn","|","|t:|1753066944","|move|p2a: Salamence|Hidden Power|p1a: Blissey","|-damage|p1a: Blissey|0 fnt","|faint|p1a: Blissey","||adding 5 to each for mid turn request","|","|t:|1753066952","|switch|p1a: Forretress|Forretress, F|229/354","|","|-heal|p1a: Forretress|251/354|[from] item: Leftovers","|upkeep","|turn|94","||adding 10 for new turn","|","|t:|1753066959","|move|p2a: Salamence|Rock Slide|p1a: Forretress","|-damage|p1a: Forretress|105/354","|move|p1a: Forretress|Explosion|p2a: Salamence","|-damage|p2a: Salamence|0 fnt","|faint|p1a: Forretress","|faint|p2a: Salamence","||adding 5 to each for mid turn request","|","|t:|1753066967","|switch|p2a: Suicune|Suicune|370/404","|switch|p1a: Claydol|Claydol|324/324","|-damage|p2a: Suicune|320/404|[from] Spikes","|-ability|p2a: Suicune|Pressure|[silent]","|","|-heal|p2a: Suicune|345/404|[from] item: Leftovers","|upkeep","|turn|95","||adding 10 for new turn","|","|t:|1753066975","|switch|p2a: Snorlax|Snorlax, F|354/484 frz","|-damage|p2a: Snorlax|294/484 frz|[from] Spikes","|move|p1a: Claydol|Earthquake|p2a: Snorlax","|-damage|p2a: Snorlax|134/484 frz","|","|-heal|p2a: Snorlax|164/484 frz|[from] item: Leftovers","|upkeep","|turn|96","||adding 10 for new turn","|","|t:|1753066983","|move|p1a: Claydol|Earthquake|p2a: Snorlax","|-damage|p2a: Snorlax|19/484 frz","|-curestatus|p2a: Snorlax|frz|[msg]","|move|p2a: Snorlax|Self-Destruct|p1a: Claydol","|-damage|p1a: Claydol|0 fnt","|faint|p2a: Snorlax","|faint|p1a: Claydol","||adding 5 to each for mid turn request","|","|t:|1753066991","|switch|p1a: Snorlax|Snorlax, M|497/497","|switch|p2a: Suicune|Suicune|345/404","|-damage|p2a: Suicune|295/404|[from] Spikes","|-ability|p2a: Suicune|Pressure|[silent]","|","|-heal|p2a: Suicune|320/404|[from] item: Leftovers","|upkeep","|turn|97","||adding 10 for new turn","|","|t:|1753066998","|switch|p2a: Metagross|Metagross|364/364 par","|-damage|p2a: Metagross|319/364 par|[from] Spikes","|move|p1a: Snorlax|Curse|p1a: Snorlax","|-unboost|p1a: Snorlax|spe|1","|-boost|p1a: Snorlax|atk|1","|-boost|p1a: Snorlax|def|1","|","|-heal|p2a: Metagross|341/364 par|[from] item: Leftovers","|upkeep","|turn|98","||adding 10 for new turn","|","|t:|1753067006","|move|p1a: Snorlax|Curse|p1a: Snorlax","|-unboost|p1a: Snorlax|spe|1","|-boost|p1a: Snorlax|atk|1","|-boost|p1a: Snorlax|def|1","|move|p2a: Metagross|Agility|p2a: Metagross","|-boost|p2a: Metagross|spe|2","|","|-heal|p2a: Metagross|363/364 par|[from] item: Leftovers","|upkeep","|turn|99","||adding 10 for new turn","|","|t:|1753067014","|move|p2a: Metagross|Meteor Mash|p1a: Snorlax","|-damage|p1a: Snorlax|395/497","|-boost|p2a: Metagross|atk|1","|move|p1a: Snorlax|Shadow Ball|p2a: Metagross","|-damage|p2a: Metagross|253/364 par","|","|-heal|p2a: Metagross|275/364 par|[from] item: Leftovers","|-heal|p1a: Snorlax|426/497|[from] item: Leftovers","|upkeep","|turn|100","||adding 10 for new turn","|","|t:|1753067023","|move|p2a: Metagross|Meteor Mash|p1a: Snorlax","|-damage|p1a: Snorlax|264/497","|move|p1a: Snorlax|Shadow Ball|p2a: Metagross","|-damage|p2a: Metagross|163/364 par","|","|-heal|p2a: Metagross|185/364 par|[from] item: Leftovers","|-heal|p1a: Snorlax|295/497|[from] item: Leftovers","|upkeep","|turn|101","||adding 10 for new turn","|","|t:|1753067030","|move|p2a: Metagross|Explosion|p1a: Snorlax","|-damage|p1a: Snorlax|0 fnt","|faint|p2a: Metagross","|faint|p1a: Snorlax","||adding 5 to each for mid turn request","|","|t:|1753067037","|switch|p2a: Magneton|Magneton|242/242","|switch|p1a: Suicune|Suicune|401/401 slp","|-damage|p2a: Magneton|212/242|[from] Spikes","|-ability|p1a: Suicune|Pressure|[silent]","|","|upkeep","|turn|102","||adding 10 for new turn","|","|t:|1753067044","|move|p2a: Magneton|Thunderbolt|p1a: Suicune","|-supereffective|p1a: Suicune","|-damage|p1a: Suicune|67/401 slp","|cant|p1a: Suicune|slp","|","|-heal|p1a: Suicune|92/401 slp|[from] item: Leftovers","|upkeep","|turn|103","||adding 10 for new turn","|","|t:|1753067051","|move|p2a: Magneton|Thunderbolt|p1a: Suicune","|-supereffective|p1a: Suicune","|-damage|p1a: Suicune|0 fnt","|faint|p1a: Suicune","|","|win|foultestacceptor1",""],"p1rating":null,"p2rating":null,"endType":"normal","ladderError":true,"timestamp":"Sun Jul 20 2025 20:04:11 GMT-0700 (アメリカ太平洋夏時間)","roomid":"battle-gen3ou-1100","format":"gen3ou"}