{"winner":"foultestacceptor1","seed":"sodium,ad7f82a7c50151b4b4cda00bfe06bc83","turns":80,"p1":"foultestchallenge1","p2":"foultestacceptor1","p1team":[{"name":"Metagross","species":"Metagross","item":"Leftovers","ability":"Clear Body","moves":["Meteor Mash","Earthquake","Agility","Explosion"],"nature":"Adamant","evs":{"hp":152,"atk":252,"def":0,"spa":0,"spd":0,"spe":104},"gender":"N","level":100,"ivs":{"hp":31,"atk":31,"def":31,"spa":31,"spd":31,"spe":31}},{"name":"Milotic","species":"Milotic","item":"Leftovers","ability":"Marvel Scale","moves":["Hypnosis","Surf","Ice Beam","Recover"],"nature":"Bold","evs":{"hp":248,"atk":0,"def":212,"spa":0,"spd":0,"spe":48},"gender":"F","ivs":{"hp":31,"atk":0,"def":31,"spa":31,"spd":31,"spe":31},"level":100},{"name":"Celebi","species":"Celebi","item":"Leftovers","ability":"Natural Cure","moves":["Swords Dance","Hidden Power Rock","Baton Pass","Recover"],"nature":"Jolly","evs":{"hp":240,"atk":0,"def":44,"spa":0,"spd":4,"spe":220},"gender":"N","ivs":{"hp":31,"atk":31,"def":30,"spa":31,"spd":30,"spe":30},"happiness":255,"hpType":"Rock","pokeball":"","gigantamax":false,"dynamaxLevel":10,"teraType":"","level":100},{"name":"Magneton","species":"Magneton","item":"Leftovers","ability":"Magnet Pull","moves":["Thunderbolt","Hidden Power Fire","Thunder Wave","Toxic"],"nature":"Timid","evs":{"hp":144,"atk":0,"def":0,"spa":112,"spd":0,"spe":252},"gender":"N","ivs":{"hp":31,"atk":2,"def":31,"spa":30,"spd":31,"spe":30},"happiness":255,"hpType":"Fire","pokeball":"","gigantamax":false,"dynamaxLevel":10,"teraType":"","level":100},{"name":"Heracross","species":"Heracross","item":"Leftovers","ability":"Guts","moves":["Megahorn","Rock Slide","Hidden Power Ghost","Brick Break"],"nature":"Adamant","evs":{"hp":144,"atk":16,"def":0,"spa":0,"spd":184,"spe":164},"gender":"M","ivs":{"hp":31,"atk":31,"def":30,"spa":31,"spd":30,"spe":31},"happiness":255,"hpType":"Ghost","pokeball":"","gigantamax":false,"dynamaxLevel":10,"teraType":"","level":100},{"name":"Gyarados","species":"Gyarados","item":"Leftovers","ability":"Intimidate","moves":["Hidden Power Flying","Double-Edge","Earthquake","Dragon Dance"],"nature":"Jolly","evs":{"hp":0,"atk":252,"def":4,"spa":0,"spd":0,"spe":252},"gender":"M","ivs":{"hp":30,"atk":30,"def":30,"spa":30,"spd":30,"spe":31},"happiness":255,"hpType":"Flying","pokeball":"","gigantamax":false,"dynamaxLevel":10,"teraType":"","level":100}],"p2team":[{"name":"Dugtrio","species":"Dugtrio","item":"Choice Band","ability":"Arena Trap","moves":["Earthquake","Hidden Power Bug","Aerial Ace","Sunny Day"],"nature":"Adamant","evs":{"hp":96,"atk":168,"def":20,"spa":0,"spd":0,"spe":224},"gender":"F","ivs":{"hp":31,"atk":30,"def":30,"spa":31,"spd":30,"spe":31},"happiness":255,"hpType":"Bug","pokeball":"","gigantamax":false,"dynamaxLevel":10,"teraType":"","level":100},{"name":"Forretress","species":"Forretress","item":"Leftovers","ability":"Sturdy","moves":["Spikes","Zap Cannon","Explosion","Hidden Power Bug"],"nature":"Careful","evs":{"hp":252,"atk":0,"def":4,"spa":0,"spd":252,"spe":0},"gender":"M","ivs":{"hp":31,"atk":30,"def":30,"spa":31,"spd":30,"spe":31},"happiness":255,"hpType":"Bug","pokeball":"","gigantamax":false,"dynamaxLevel":10,"teraType":"","level":100},{"name":"Snorlax","species":"Snorlax","item":"Leftovers","ability":"Immunity","moves":["Return","Curse","Rest","Shadow Ball"],"nature":"Careful","evs":{"hp":144,"atk":96,"def":132,"spa":0,"spd":136,"spe":0},"gender":"M","level":100,"ivs":{"hp":31,"atk":31,"def":31,"spa":31,"spd":31,"spe":31}},{"name":"Suicune","species":"Suicune","item":"Leftovers","ability":"Pressure","moves":["Calm Mind","Rest","Ice Beam","Surf"],"nature":"Bold","evs":{"hp":240,"atk":0,"def":252,"spa":0,"spd":0,"spe":16},"gender":"N","ivs":{"hp":31,"atk":0,"def":31,"spa":31,"spd":31,"spe":31},"level":100},{"name":"Claydol","species":"Claydol","item":"Leftovers","ability":"Levitate","moves":["Earthquake","Psychic","Rapid Spin","Rest"],"nature":"Lonely","evs":{"hp":252,"atk":224,"def":0,"spa":24,"spd":0,"spe":8},"gender":"N","level":100,"ivs":{"hp":31,"atk":31,"def":31,"spa":31,"spd":31,"spe":31}},{"name":"Blissey","species":"Blissey","item":"Leftovers","ability":"Natural Cure","moves":["Soft-Boiled","Seismic Toss","Thunder Wave","Aromatherapy"],"nature":"Bold","evs":{"hp":252,"atk":0,"def":252,"spa":0,"spd":0,"spe":4},"gender":"F","ivs":{"hp":31,"atk":0,"def":31,"spa":31,"spd":31,"spe":31},"level":100}],"score":[0,2],"inputLog":[">version 372d05e49c92a79eecdf6c8dddb208bd1765c00f",">start {\"formatid\":\"gen3ou\",\"seed\":\"sodium,ad7f82a7c50151b4b4cda00bfe06bc83\"}",">player p1 {\"name\":\"foultestchallenge1\",\"avatar\":\"169\",\"team\":\"Metagross||Leftovers|ClearBody|MeteorMash,Earthquake,Agility,Explosion|Adamant|152,252,,,,104|N||||]Milotic||Leftovers|MarvelScale|Hypnosis,Surf,IceBeam,Recover|Bold|248,,212,,,48|F|,0,,,,|||]Celebi||Leftovers|NaturalCure|SwordsDance,HiddenPowerRock,BatonPass,Recover|Jolly|240,,44,,4,220|N|,,30,,30,30|||,Rock,,,,]Magneton||Leftovers|MagnetPull|Thunderbolt,HiddenPowerFire,ThunderWave,Toxic|Timid|144,,,112,,252|N|,2,,30,,30|||,Fire,,,,]Heracross||Leftovers|Guts|Megahorn,RockSlide,HiddenPowerGhost,BrickBreak|Adamant|144,16,,,184,164|M|,,30,,30,|||,Ghost,,,,]Gyarados||Leftovers|Intimidate|HiddenPowerFlying,DoubleEdge,Earthquake,DragonDance|Jolly|,252,4,,,252|M|30,30,30,30,30,|||,Flying,,,,\",\"rating\":0}",">player p2 {\"name\":\"foultestacceptor1\",\"avatar\":\"102\",\"team\":\"Dugtrio||ChoiceBand|ArenaTrap|Earthquake,HiddenPowerBug,AerialAce,SunnyDay|Adamant|96,168,20,,,224|F|,30,30,,30,|||,Bug,,,,]Forretress||Leftovers|Sturdy|Spikes,ZapCannon,Explosion,HiddenPowerBug|Careful|252,,4,,252,|M|,30,30,,30,|||,Bug,,,,]Snorlax||Leftovers|Immunity|Return,Curse,Rest,ShadowBall|Careful|144,96,132,,136,|M||||]Suicune||Leftovers|Pressure|CalmMind,Rest,IceBeam,Surf|Bold|240,,252,,,16|N|,0,,,,|||]Claydol||Leftovers|Levitate|Earthquake,Psychic,RapidSpin,Rest|Lonely|252,224,,24,,8|N||||]Blissey||Leftovers|NaturalCure|SoftBoiled,SeismicToss,ThunderWave,Aromatherapy|Bold|252,,252,,,4|F|,0,,,,|||\",\"rating\":0}",">p1 move meteormash",">p2 move earthquake",">p2 switch 4",">p1 switch 6",">p2 move surf",">p1 move dragondance",">p2 switch 2",">p1 switch 4",">p2 move spikes",">p1 move hiddenpower",">p2 move explosion",">p2 switch 6",">p1 move thunderwave",">p2 move thunderwave",">p1 move thunderbolt",">p2 move seismictoss",">p1 move thunderbolt",">p2 move thunderwave",">p1 move thunderbolt",">p2 move softboiled",">p1 move thunderwave",">p2 switch 5",">p1 move toxic",">p2 move psychic",">p1 move toxic",">p2 move psychic",">p1 switch 6",">p1 move explosion",">p2 move earthquake",">p1 switch 2",">p2 switch 5",">p1 move hypnosis",">p2 move thunderwave",">p1 move hypnosis",">p2 switch 2",">p1 switch 4",">p2 switch 3",">p1 switch 5",">p2 move curse",">p1 move brickbreak",">p2 move return",">p1 move brickbreak",">p2 move return",">p1 switch 5",">p1 move hiddenpower",">p2 move curse",">p1 move hiddenpower",">p2 move rest",">p2 switch 2",">p1 move dragondance",">p2 move thunderwave",">p1 move dragondance",">p2 move seismictoss",">p1 move earthquake",">p2 move seismictoss",">p1 move hiddenpower",">p2 move softboiled",">p1 move dragondance",">p2 move softboiled",">p1 switch 3",">p2 move seismictoss",">p1 move swordsdance",">p2 move aromatherapy",">p1 move swordsdance",">p2 switch 3",">p1 move batonpass",">p2 move calmmind",">p1 switch 3",">p1 move hiddenpower",">p2 move icebeam",">p1 switch 4",">p2 move icebeam",">p1 move hypnosis",">p2 move calmmind",">p1 switch 4",">p2 move rest",">p1 move dragondance",">p2 move icebeam",">p1 move hiddenpower",">p2 move icebeam",">p1 switch 4",">p2 move calmmind",">p1 move hypnosis",">p2 move calmmind",">p1 move hypnosis",">p2 move surf",">p1 move hypnosis",">p2 move surf",">p1 move hypnosis",">p2 move surf",">p1 move hypnosis",">p2 move surf",">p1 move hypnosis",">p2 move icebeam",">p1 move recover",">p2 move surf",">p1 move hypnosis",">p2 move surf",">p1 move recover",">p2 move surf",">p1 move hypnosis",">p2 move icebeam",">p1 move hypnosis",">p2 move surf",">p1 move recover",">p2 move surf",">p1 move hypnosis",">p2 move surf",">p1 move recover",">p2 move rest",">p1 move icebeam",">p2 move surf",">p1 move recover",">p2 move icebeam",">p1 switch 4",">p2 move icebeam",">p1 switch 4",">p1 move hypnosis",">p2 move surf",">p1 move recover",">p2 move surf",">p1 move recover",">p2 move icebeam",">p1 move hypnosis",">p2 move icebeam",">p1 move recover",">p2 move surf",">p1 move icebeam",">p2 move icebeam",">p1 move icebeam",">p2 move surf",">p1 move hypnosis",">p2 move icebeam",">p1 move recover",">p2 move surf",">p1 move surf",">p2 move surf",">p1 move icebeam",">p2 move surf",">p1 move recover",">p2 move calmmind",">p1 move recover",">p2 move calmmind",">p1 move hypnosis",">p2 move surf",">p1 move recover",">p2 move rest",">p1 move surf",">p2 move surf",">p1 move recover",">p2 move surf",">p1 move recover",">p2 move surf",">p1 move recover",">p2 move surf",">p1 move recover",">p2 move surf",">p1 move recover",">p2 move surf",">p1 move recover",">p2 move surf",">p1 move recover",">p2 move surf",">p1 move recover",">p2 move surf",">p1 move recover",">p2 move surf",">p1 switch 3",">p1 move hiddenpower",">p2 move icebeam"],"log":["|j|☆foultestchallenge1","|j|☆foultestacceptor1","|t:|1753062967","|gametype|singles","|player|p1|foultestchallenge1|169|","|player|p2|foultestacceptor1|102|","|teamsize|p1|6","|teamsize|p2|6","|gen|3","|tier|[Gen 3] OU","|rule|Sleep Clause Mod: Limit one foe put to sleep","|rule|Switch Priority Clause Mod: Faster Pokémon switch first","|rule|Species Clause: Limit one of each Pokémon","|rule|OHKO Clause: OHKO moves are banned","|rule|Evasion Items Clause: Evasion items are banned","|rule|Evasion Moves Clause: Evasion moves are banned","|rule|Endless Battle Clause: Forcing endless battles is banned","|rule|HP Percentage Mod: HP is shown in percentages","|rule|One Boost Passer Clause: Limit one Baton Passer that has a way to boost its stats","|rule|Freeze Clause Mod: Limit one foe frozen","|","|t:|1753062967","|start","|switch|p1a: Metagross|Metagross|339/339","|switch|p2a: Dugtrio|Dugtrio, F|235/235","|turn|1","|inactive|Battle timer is ON: inactive players will automatically lose when time's up. (requested by foultestchallenge1)","|inactive|foultestacceptor1 also wants the timer to be on.","|","|t:|1753062975","|move|p2a: Dugtrio|Earthquake|p1a: Metagross","|-supereffective|p1a: Metagross","|-damage|p1a: Metagross|30/339","|move|p1a: Metagross|Meteor Mash|p2a: Dugtrio","|-damage|p2a: Dugtrio|0 fnt","|faint|p2a: Dugtrio","||adding 5 to each for mid turn request","|","|t:|1753062983","|switch|p2a: Suicune|Suicune|401/401","|-ability|p2a: Suicune|Pressure|[silent]","|","|-heal|p1a: Metagross|51/339|[from] item: Leftovers","|upkeep","|turn|2","||adding 10 for new turn","|","|t:|1753062991","|switch|p1a: Gyarados|Gyarados, M|330/330","|-ability|p1a: Gyarados|Intimidate|boost","|-unboost|p2a: Suicune|atk|1","|move|p2a: Suicune|Surf|p1a: Gyarados","|-resisted|p1a: Gyarados","|-damage|p1a: Gyarados|280/330","|","|-heal|p1a: Gyarados|300/330|[from] item: Leftovers","|upkeep","|turn|3","||adding 10 for new turn","|","|t:|1753062999","|switch|p2a: Forretress|Forretress, M|354/354","|move|p1a: Gyarados|Dragon Dance|p1a: Gyarados","|-boost|p1a: Gyarados|atk|1","|-boost|p1a: Gyarados|spe|1","|","|-heal|p1a: Gyarados|320/330|[from] item: Leftovers","|upkeep","|turn|4","||adding 10 for new turn","|","|t:|1753063007","|switch|p1a: Magneton|Magneton|277/277","|move|p2a: Forretress|Spikes|p1a: Magneton","|-sidestart|p1: foultestchallenge1|Spikes","|","|upkeep","|turn|5","||adding 10 for new turn","|","|t:|1753063015","|move|p1a: Magneton|Hidden Power|p2a: Forretress","|-supereffective|p2a: Forretress","|-damage|p2a: Forretress|81/354","|move|p2a: Forretress|Explosion|p1a: Magneton","|-resisted|p1a: Magneton","|-damage|p1a: Magneton|83/277","|faint|p2a: Forretress","||adding 5 to each for mid turn request","|","|t:|1753063023","|switch|p2a: Blissey|Blissey, F|714/714","|","|-heal|p1a: Magneton|100/277|[from] item: Leftovers","|upkeep","|turn|6","||adding 10 for new turn","|","|t:|1753063031","|move|p1a: Magneton|Thunder Wave|p2a: Blissey","|-status|p2a: Blissey|par","|cant|p2a: Blissey|par","|","|-heal|p1a: Magneton|117/277|[from] item: Leftovers","|upkeep","|turn|7","||adding 10 for new turn","|","|t:|1753063039","|move|p1a: Magneton|Thunderbolt|p2a: Blissey","|-damage|p2a: Blissey|603/714 par","|move|p2a: Blissey|Seismic Toss|p1a: Magneton","|-damage|p1a: Magneton|17/277","|","|-heal|p1a: Magneton|34/277|[from] item: Leftovers","|-heal|p2a: Blissey|647/714 par|[from] item: Leftovers","|upkeep","|turn|8","||adding 10 for new turn","|","|t:|1753063047","|move|p1a: Magneton|Thunderbolt|p2a: Blissey","|-damage|p2a: Blissey|540/714 par","|move|p2a: Blissey|Thunder Wave|p1a: Magneton","|-status|p1a: Magneton|par","|","|-heal|p1a: Magneton|51/277 par|[from] item: Leftovers","|-heal|p2a: Blissey|584/714 par|[from] item: Leftovers","|upkeep","|turn|9","||adding 10 for new turn","|","|t:|1753063056","|move|p1a: Magneton|Thunderbolt|p2a: Blissey","|-damage|p2a: Blissey|473/714 par","|move|p2a: Blissey|Soft-Boiled|p2a: Blissey","|-heal|p2a: Blissey|714/714 par","|","|-heal|p1a: Magneton|68/277 par|[from] item: Leftovers","|upkeep","|turn|10","||adding 10 for new turn","|","|t:|1753063060","|-curestatus|p2a: Blissey|par|[from] ability: Natural Cure","|switch|p2a: Claydol|Claydol|324/324","|move|p1a: Magneton|Thunder Wave|p2a: Claydol","|-immune|p2a: Claydol","|","|-heal|p1a: Magneton|85/277 par|[from] item: Leftovers","|upkeep","|turn|11","||adding 10 for new turn","|","|t:|1753063068","|move|p2a: Claydol|Psychic|p1a: Magneton","|-resisted|p1a: Magneton","|-damage|p1a: Magneton|31/277 par","|cant|p1a: Magneton|par","|","|-heal|p1a: Magneton|48/277 par|[from] item: Leftovers","|upkeep","|turn|12","||adding 10 for new turn","|","|t:|1753063076","|move|p2a: Claydol|Psychic|p1a: Magneton","|-resisted|p1a: Magneton","|-damage|p1a: Magneton|0 fnt","|faint|p1a: Magneton","||adding 5 to each for mid turn request","|","|t:|1753063084","|switch|p1a: Metagross|Metagross|51/339","|-damage|p1a: Metagross|9/339|[from] Spikes","|","|-heal|p1a: Metagross|30/339|[from] item: Leftovers","|upkeep","|turn|13","||adding 10 for new turn","|","|t:|1753063092","|move|p1a: Metagross|Explosion|p2a: Claydol","|-damage|p2a: Claydol|0 fnt","|faint|p1a: Metagross","|faint|p2a: Claydol","||adding 5 to each for mid turn request","|","|t:|1753063100","|switch|p1a: Milotic|Milotic, F|393/393","|switch|p2a: Blissey|Blissey, F|714/714","|-damage|p1a: Milotic|344/393|[from] Spikes","|","|-heal|p1a: Milotic|368/393|[from] item: Leftovers","|upkeep","|turn|14","||adding 10 for new turn","|","|t:|1753063107","|move|p1a: Milotic|Hypnosis|p2a: Blissey","|-status|p2a: Blissey|slp|[from] move: Hypnosis","|cant|p2a: Blissey|slp","|","|-heal|p1a: Milotic|392/393|[from] item: Leftovers","|upkeep","|turn|15","||adding 10 for new turn","|","|t:|1753063115","|-curestatus|p2a: Blissey|slp|[from] ability: Natural Cure","|switch|p2a: Suicune|Suicune|401/401","|-ability|p2a: Suicune|Pressure|[silent]","|move|p1a: Milotic|Hypnosis|p2a: Suicune","|-status|p2a: Suicune|slp|[from] move: Hypnosis","|","|-heal|p1a: Milotic|393/393|[from] item: Leftovers","|upkeep","|turn|16","||adding 10 for new turn","|","|t:|1753063123","|switch|p2a: Snorlax|Snorlax, M|497/497","|switch|p1a: Gyarados|Gyarados, M|320/330","|-ability|p1a: Gyarados|Intimidate|boost","|-unboost|p2a: Snorlax|atk|1","|","|-heal|p1a: Gyarados|330/330|[from] item: Leftovers","|upkeep","|turn|17","||adding 10 for new turn","|","|t:|1753063130","|switch|p1a: Heracross|Heracross, M|337/337","|-damage|p1a: Heracross|295/337|[from] Spikes","|move|p2a: Snorlax|Curse|p2a: Snorlax","|-unboost|p2a: Snorlax|spe|1","|-boost|p2a: Snorlax|atk|1","|-boost|p2a: Snorlax|def|1","|","|-heal|p1a: Heracross|316/337|[from] item: Leftovers","|upkeep","|turn|18","||adding 10 for new turn","|","|t:|1753063138","|move|p1a: Heracross|Brick Break|p2a: Snorlax","|-supereffective|p2a: Snorlax","|-damage|p2a: Snorlax|314/497","|move|p2a: Snorlax|Return|p1a: Heracross","|-damage|p1a: Heracross|130/337","|","|-heal|p1a: Heracross|151/337|[from] item: Leftovers","|-heal|p2a: Snorlax|345/497|[from] item: Leftovers","|upkeep","|turn|19","||adding 10 for new turn","|","|t:|1753063147","|move|p1a: Heracross|Brick Break|p2a: Snorlax","|-supereffective|p2a: Snorlax","|-damage|p2a: Snorlax|139/497","|move|p2a: Snorlax|Return|p1a: Heracross","|-damage|p1a: Heracross|0 fnt","|faint|p1a: Heracross","||adding 5 to each for mid turn request","|","|t:|1753063155","|switch|p1a: Gyarados|Gyarados, M|330/330","|-ability|p1a: Gyarados|Intimidate|boost","|-unboost|p2a: Snorlax|atk|1","|","|-heal|p2a: Snorlax|170/497|[from] item: Leftovers","|upkeep","|turn|20","||adding 10 for new turn","|","|t:|1753063162","|move|p1a: Gyarados|Hidden Power|p2a: Snorlax","|-damage|p2a: Snorlax|78/497","|move|p2a: Snorlax|Curse|p2a: Snorlax","|-unboost|p2a: Snorlax|spe|1","|-boost|p2a: Snorlax|atk|1","|-boost|p2a: Snorlax|def|1","|","|-heal|p2a: Snorlax|109/497|[from] item: Leftovers","|upkeep","|turn|21","||adding 10 for new turn","|","|t:|1753063170","|move|p1a: Gyarados|Hidden Power|p2a: Snorlax","|-crit|p2a: Snorlax","|-damage|p2a: Snorlax|0 fnt","|faint|p2a: Snorlax","||adding 5 to each for mid turn request","|","|t:|1753063177","|switch|p2a: Blissey|Blissey, F|714/714","|","|upkeep","|turn|22","||adding 10 for new turn","|","|t:|1753063185","|move|p1a: Gyarados|Dragon Dance|p1a: Gyarados","|-boost|p1a: Gyarados|atk|1","|-boost|p1a: Gyarados|spe|1","|move|p2a: Blissey|Thunder Wave|p1a: Gyarados","|-status|p1a: Gyarados|par","|","|upkeep","|turn|23","||adding 10 for new turn","|","|t:|1753063193","|move|p2a: Blissey|Seismic Toss|p1a: Gyarados","|-damage|p1a: Gyarados|230/330 par","|move|p1a: Gyarados|Dragon Dance|p1a: Gyarados","|-boost|p1a: Gyarados|atk|1","|-boost|p1a: Gyarados|spe|1","|","|-heal|p1a: Gyarados|250/330 par|[from] item: Leftovers","|upkeep","|turn|24","||adding 10 for new turn","|","|t:|1753063201","|move|p2a: Blissey|Seismic Toss|p1a: Gyarados","|-damage|p1a: Gyarados|150/330 par","|move|p1a: Gyarados|Earthquake|p2a: Blissey","|-damage|p2a: Blissey|277/714","|","|-heal|p2a: Blissey|321/714|[from] item: Leftovers","|-heal|p1a: Gyarados|170/330 par|[from] item: Leftovers","|upkeep","|turn|25","||adding 10 for new turn","|","|t:|1753063206","|move|p2a: Blissey|Soft-Boiled|p2a: Blissey","|-heal|p2a: Blissey|678/714","|move|p1a: Gyarados|Hidden Power|p2a: Blissey","|-damage|p2a: Blissey|252/714","|","|-heal|p2a: Blissey|296/714|[from] item: Leftovers","|-heal|p1a: Gyarados|190/330 par|[from] item: Leftovers","|upkeep","|turn|26","||adding 10 for new turn","|","|t:|1753063211","|move|p2a: Blissey|Soft-Boiled|p2a: Blissey","|-heal|p2a: Blissey|653/714","|cant|p1a: Gyarados|par","|","|-heal|p2a: Blissey|697/714|[from] item: Leftovers","|-heal|p1a: Gyarados|210/330 par|[from] item: Leftovers","|upkeep","|turn|27","||adding 10 for new turn","|","|t:|1753063215","|switch|p1a: Celebi|Celebi|401/401","|-damage|p1a: Celebi|351/401|[from] Spikes","|move|p2a: Blissey|Seismic Toss|p1a: Celebi","|-damage|p1a: Celebi|251/401","|","|-heal|p1a: Celebi|276/401|[from] item: Leftovers","|-heal|p2a: Blissey|714/714|[from] item: Leftovers","|upkeep","|turn|28","||adding 10 for new turn","|","|t:|1753063223","|move|p1a: Celebi|Swords Dance|p1a: Celebi","|-boost|p1a: Celebi|atk|2","|move|p2a: Blissey|Aromatherapy|p2a: Blissey","|-cureteam|p2a: Blissey|[from] move: Aromatherapy","|","|-heal|p1a: Celebi|301/401|[from] item: Leftovers","|upkeep","|turn|29","||adding 10 for new turn","|","|t:|1753063231","|switch|p2a: Suicune|Suicune|401/401","|-ability|p2a: Suicune|Pressure|[silent]","|move|p1a: Celebi|Swords Dance|p1a: Celebi","|-boost|p1a: Celebi|atk|2","|","|-heal|p1a: Celebi|326/401|[from] item: Leftovers","|upkeep","|turn|30","||adding 10 for new turn","|","|t:|1753063238","|move|p1a: Celebi|Baton Pass|p1a: Celebi","||adding 5 to each for mid turn request","|","|t:|1753063246","|switch|p1a: Gyarados|Gyarados, M|210/330 par|[from] Baton Pass","|-ability|p1a: Gyarados|Intimidate|boost","|-unboost|p2a: Suicune|atk|1","|move|p2a: Suicune|Calm Mind|p2a: Suicune","|-boost|p2a: Suicune|spa|1","|-boost|p2a: Suicune|spd|1","|","|-heal|p1a: Gyarados|230/330 par|[from] item: Leftovers","|upkeep","|turn|31","||adding 10 for new turn","|","|t:|1753063254","|move|p2a: Suicune|Ice Beam|p1a: Gyarados","|-damage|p1a: Gyarados|131/330 par","|cant|p1a: Gyarados|par","|","|-heal|p1a: Gyarados|151/330 par|[from] item: Leftovers","|upkeep","|turn|32","||adding 10 for new turn","|","|t:|1753063258","|switch|p1a: Milotic|Milotic, F|393/393","|-damage|p1a: Milotic|344/393|[from] Spikes","|move|p2a: Suicune|Ice Beam|p1a: Milotic","|-resisted|p1a: Milotic","|-damage|p1a: Milotic|304/393","|","|-heal|p1a: Milotic|328/393|[from] item: Leftovers","|upkeep","|turn|33","||adding 10 for new turn","|","|t:|1753063266","|move|p2a: Suicune|Calm Mind|p2a: Suicune","|-boost|p2a: Suicune|spa|1","|-boost|p2a: Suicune|spd|1","|move|p1a: Milotic|Hypnosis|p2a: Suicune","|-status|p2a: Suicune|slp|[from] move: Hypnosis","|","|-heal|p1a: Milotic|352/393|[from] item: Leftovers","|upkeep","|turn|34","||adding 10 for new turn","|","|t:|1753063274","|switch|p1a: Gyarados|Gyarados, M|151/330 par","|-ability|p1a: Gyarados|Intimidate|boost","|-unboost|p2a: Suicune|atk|1","|cant|p2a: Suicune|slp","|","|-heal|p1a: Gyarados|171/330 par|[from] item: Leftovers","|upkeep","|turn|35","||adding 10 for new turn","|","|t:|1753063279","|cant|p2a: Suicune|slp","|move|p1a: Gyarados|Dragon Dance|p1a: Gyarados","|-boost|p1a: Gyarados|atk|1","|-boost|p1a: Gyarados|spe|1","|","|-heal|p1a: Gyarados|191/330 par|[from] item: Leftovers","|upkeep","|turn|36","||adding 10 for new turn","|","|t:|1753063283","|-curestatus|p2a: Suicune|slp|[msg]","|move|p2a: Suicune|Ice Beam|p1a: Gyarados","|-damage|p1a: Gyarados|64/330 par","|move|p1a: Gyarados|Hidden Power|p2a: Suicune","|-damage|p2a: Suicune|281/401","|","|-heal|p2a: Suicune|306/401|[from] item: Leftovers","|-heal|p1a: Gyarados|84/330 par|[from] item: Leftovers","|upkeep","|turn|37","||adding 10 for new turn","|","|t:|1753063287","|switch|p1a: Milotic|Milotic, F|352/393","|-damage|p1a: Milotic|303/393|[from] Spikes","|move|p2a: Suicune|Calm Mind|p2a: Suicune","|-boost|p2a: Suicune|spa|1","|-boost|p2a: Suicune|spd|1","|","|-heal|p2a: Suicune|331/401|[from] item: Leftovers","|-heal|p1a: Milotic|327/393|[from] item: Leftovers","|upkeep","|turn|38","||adding 10 for new turn","|","|t:|1753063295","|move|p1a: Milotic|Hypnosis|p2a: Suicune|[miss]","|-miss|p1a: Milotic|p2a: Suicune","|move|p2a: Suicune|Calm Mind|p2a: Suicune","|-boost|p2a: Suicune|spa|1","|-boost|p2a: Suicune|spd|1","|","|-heal|p1a: Milotic|351/393|[from] item: Leftovers","|-heal|p2a: Suicune|356/401|[from] item: Leftovers","|upkeep","|turn|39","||adding 10 for new turn","|","|t:|1753063303","|move|p1a: Milotic|Hypnosis|p2a: Suicune","|-status|p2a: Suicune|slp|[from] move: Hypnosis","|cant|p2a: Suicune|slp","|","|-heal|p2a: Suicune|381/401 slp|[from] item: Leftovers","|-heal|p1a: Milotic|375/393|[from] item: Leftovers","|upkeep","|turn|40","||adding 10 for new turn","|","|t:|1753063311","|move|p1a: Milotic|Hypnosis|p2a: Suicune","|-fail|p2a: Suicune|slp","|cant|p2a: Suicune|slp","|","|-heal|p2a: Suicune|401/401 slp|[from] item: Leftovers","|-heal|p1a: Milotic|393/393|[from] item: Leftovers","|upkeep","|turn|41","||adding 10 for new turn","|","|t:|1753063319","|cant|p2a: Suicune|slp","|move|p1a: Milotic|Hypnosis|p2a: Suicune","|-fail|p2a: Suicune|slp","|","|upkeep","|turn|42","||adding 10 for new turn","|","|t:|1753063327","|move|p1a: Milotic|Hypnosis|p2a: Suicune","|-fail|p2a: Suicune|slp","|-curestatus|p2a: Suicune|slp|[msg]","|move|p2a: Suicune|Surf|p1a: Milotic","|-resisted|p1a: Milotic","|-damage|p1a: Milotic|264/393","|","|-heal|p1a: Milotic|288/393|[from] item: Leftovers","|upkeep","|turn|43","||adding 10 for new turn","|","|t:|1753063336","|move|p2a: Suicune|Ice Beam|p1a: Milotic","|-resisted|p1a: Milotic","|-damage|p1a: Milotic|206/393","|move|p1a: Milotic|Hypnosis|p2a: Suicune|[miss]","|-miss|p1a: Milotic|p2a: Suicune","|","|-heal|p1a: Milotic|230/393|[from] item: Leftovers","|upkeep","|turn|44","||adding 10 for new turn","|","|t:|1753063344","|move|p2a: Suicune|Surf|p1a: Milotic","|-resisted|p1a: Milotic","|-damage|p1a: Milotic|105/393","|move|p1a: Milotic|Recover|p1a: Milotic","|-heal|p1a: Milotic|301/393","|","|-heal|p1a: Milotic|325/393|[from] item: Leftovers","|upkeep","|turn|45","||adding 10 for new turn","|","|t:|1753063352","|move|p2a: Suicune|Surf|p1a: Milotic","|-resisted|p1a: Milotic","|-damage|p1a: Milotic|196/393","|move|p1a: Milotic|Hypnosis|p2a: Suicune","|-status|p2a: Suicune|slp|[from] move: Hypnosis","|","|-heal|p1a: Milotic|220/393|[from] item: Leftovers","|upkeep","|turn|46","||adding 10 for new turn","|","|t:|1753063360","|cant|p2a: Suicune|slp","|move|p1a: Milotic|Recover|p1a: Milotic","|-heal|p1a: Milotic|393/393","|","|upkeep","|turn|47","||adding 10 for new turn","|","|t:|1753063368","|move|p1a: Milotic|Hypnosis|p2a: Suicune|[miss]","|-miss|p1a: Milotic|p2a: Suicune","|cant|p2a: Suicune|slp","|","|upkeep","|turn|48","||adding 10 for new turn","|","|t:|1753063376","|move|p1a: Milotic|Hypnosis|p2a: Suicune","|-fail|p2a: Suicune|slp","|cant|p2a: Suicune|slp","|","|upkeep","|turn|49","||adding 10 for new turn","|","|t:|1753063384","|move|p1a: Milotic|Recover||[still]","|-fail|p1a: Milotic|heal","|cant|p2a: Suicune|slp","|","|upkeep","|turn|50","||adding 10 for new turn","|","|t:|1753063392","|-curestatus|p2a: Suicune|slp|[msg]","|move|p2a: Suicune|Surf|p1a: Milotic","|-resisted|p1a: Milotic","|-damage|p1a: Milotic|274/393","|move|p1a: Milotic|Hypnosis|p2a: Suicune","|-status|p2a: Suicune|slp|[from] move: Hypnosis","|","|-heal|p1a: Milotic|298/393|[from] item: Leftovers","|upkeep","|turn|51","||adding 10 for new turn","|","|t:|1753063400","|move|p1a: Milotic|Recover|p1a: Milotic","|-heal|p1a: Milotic|393/393","|cant|p2a: Suicune|slp","|","|upkeep","|turn|52","||adding 10 for new turn","|","|t:|1753063408","|-curestatus|p2a: Suicune|slp|[msg]","|move|p2a: Suicune|Surf|p1a: Milotic","|-resisted|p1a: Milotic","|-damage|p1a: Milotic|257/393","|move|p1a: Milotic|Ice Beam|p2a: Suicune","|-resisted|p2a: Suicune","|-damage|p2a: Suicune|391/401","|-status|p2a: Suicune|frz","|","|-heal|p2a: Suicune|401/401 frz|[from] item: Leftovers","|-heal|p1a: Milotic|281/393|[from] item: Leftovers","|upkeep","|turn|53","||adding 10 for new turn","|","|t:|1753063413","|move|p1a: Milotic|Recover|p1a: Milotic","|-heal|p1a: Milotic|393/393","|cant|p2a: Suicune|frz","|","|upkeep","|turn|54","||adding 10 for new turn","|","|t:|1753063418","|switch|p1a: Gyarados|Gyarados, M|84/330 par","|-ability|p1a: Gyarados|Intimidate|boost","|-unboost|p2a: Suicune|atk|1","|-curestatus|p2a: Suicune|frz|[msg]","|move|p2a: Suicune|Ice Beam|p1a: Gyarados","|-crit|p1a: Gyarados","|-damage|p1a: Gyarados|0 fnt","|faint|p1a: Gyarados","||adding 5 to each for mid turn request","|","|t:|1753063422","|switch|p1a: Milotic|Milotic, F|393/393","|-damage|p1a: Milotic|344/393|[from] Spikes","|","|-heal|p1a: Milotic|368/393|[from] item: Leftovers","|upkeep","|turn|55","||adding 10 for new turn","|","|t:|1753063426","|move|p2a: Suicune|Surf|p1a: Milotic","|-resisted|p1a: Milotic","|-damage|p1a: Milotic|237/393","|move|p1a: Milotic|Hypnosis|p2a: Suicune","|-status|p2a: Suicune|slp|[from] move: Hypnosis","|","|-heal|p1a: Milotic|261/393|[from] item: Leftovers","|upkeep","|turn|56","||adding 10 for new turn","|","|t:|1753063431","|cant|p2a: Suicune|slp","|move|p1a: Milotic|Recover|p1a: Milotic","|-heal|p1a: Milotic|393/393","|","|upkeep","|turn|57","||adding 10 for new turn","|","|t:|1753063435","|move|p1a: Milotic|Recover||[still]","|-fail|p1a: Milotic|heal","|-curestatus|p2a: Suicune|slp|[msg]","|move|p2a: Suicune|Ice Beam|p1a: Milotic","|-resisted|p1a: Milotic","|-damage|p1a: Milotic|302/393","|","|-heal|p1a: Milotic|326/393|[from] item: Leftovers","|upkeep","|turn|58","||adding 10 for new turn","|","|t:|1753063440","|move|p1a: Milotic|Hypnosis|p2a: Suicune","|-status|p2a: Suicune|slp|[from] move: Hypnosis","|cant|p2a: Suicune|slp","|","|-heal|p1a: Milotic|350/393|[from] item: Leftovers","|upkeep","|turn|59","||adding 10 for new turn","|","|t:|1753063444","|move|p1a: Milotic|Recover|p1a: Milotic","|-heal|p1a: Milotic|393/393","|cant|p2a: Suicune|slp","|","|upkeep","|turn|60","||adding 10 for new turn","|","|t:|1753063449","|move|p1a: Milotic|Ice Beam|p2a: Suicune","|-resisted|p2a: Suicune","|-crit|p2a: Suicune","|-damage|p2a: Suicune|335/401 slp","|cant|p2a: Suicune|slp","|","|-heal|p2a: Suicune|360/401 slp|[from] item: Leftovers","|upkeep","|turn|61","||adding 10 for new turn","|","|t:|1753063453","|move|p1a: Milotic|Ice Beam|p2a: Suicune","|-resisted|p2a: Suicune","|-damage|p2a: Suicune|349/401 slp","|-curestatus|p2a: Suicune|slp|[msg]","|move|p2a: Suicune|Surf|p1a: Milotic","|-resisted|p1a: Milotic","|-damage|p1a: Milotic|275/393","|","|-heal|p2a: Suicune|374/401|[from] item: Leftovers","|-heal|p1a: Milotic|299/393|[from] item: Leftovers","|upkeep","|turn|62","||adding 10 for new turn","|","|t:|1753063458","|move|p2a: Suicune|Ice Beam|p1a: Milotic","|-resisted|p1a: Milotic","|-damage|p1a: Milotic|216/393","|move|p1a: Milotic|Hypnosis|p2a: Suicune","|-status|p2a: Suicune|slp|[from] move: Hypnosis","|","|-heal|p1a: Milotic|240/393|[from] item: Leftovers","|-heal|p2a: Suicune|399/401 slp|[from] item: Leftovers","|upkeep","|turn|63","||adding 10 for new turn","|","|t:|1753063462","|cant|p2a: Suicune|slp","|move|p1a: Milotic|Recover|p1a: Milotic","|-heal|p1a: Milotic|393/393","|","|-heal|p2a: Suicune|401/401 slp|[from] item: Leftovers","|upkeep","|turn|64","||adding 10 for new turn","|","|t:|1753063467","|cant|p2a: Suicune|slp","|move|p1a: Milotic|Surf|p2a: Suicune","|-resisted|p2a: Suicune","|-damage|p2a: Suicune|384/401 slp","|","|-heal|p2a: Suicune|401/401 slp|[from] item: Leftovers","|upkeep","|turn|65","||adding 10 for new turn","|","|t:|1753063471","|cant|p2a: Suicune|slp","|move|p1a: Milotic|Ice Beam|p2a: Suicune","|-resisted|p2a: Suicune","|-damage|p2a: Suicune|391/401 slp","|","|-heal|p2a: Suicune|401/401 slp|[from] item: Leftovers","|upkeep","|turn|66","||adding 10 for new turn","|","|t:|1753063476","|cant|p2a: Suicune|slp","|move|p1a: Milotic|Recover||[still]","|-fail|p1a: Milotic|heal","|","|upkeep","|turn|67","||adding 10 for new turn","|","|t:|1753063480","|-curestatus|p2a: Suicune|slp|[msg]","|move|p2a: Suicune|Calm Mind|p2a: Suicune","|-boost|p2a: Suicune|spa|1","|-boost|p2a: Suicune|spd|1","|move|p1a: Milotic|Recover||[still]","|-fail|p1a: Milotic|heal","|","|upkeep","|turn|68","||adding 10 for new turn","|","|t:|1753063485","|move|p2a: Suicune|Surf|p1a: Milotic","|-resisted|p1a: Milotic","|-damage|p1a: Milotic|239/393","|move|p1a: Milotic|Hypnosis|p2a: Suicune","|-status|p2a: Suicune|slp|[from] move: Hypnosis","|","|-heal|p1a: Milotic|263/393|[from] item: Leftovers","|upkeep","|turn|69","||adding 10 for new turn","|","|t:|1753063489","|cant|p2a: Suicune|slp","|move|p1a: Milotic|Recover|p1a: Milotic","|-heal|p1a: Milotic|393/393","|","|upkeep","|turn|70","||adding 10 for new turn","|","|t:|1753063493","|move|p1a: Milotic|Surf|p2a: Suicune","|-resisted|p2a: Suicune","|-damage|p2a: Suicune|388/401 slp","|-curestatus|p2a: Suicune|slp|[msg]","|move|p2a: Suicune|Surf|p1a: Milotic","|-resisted|p1a: Milotic","|-damage|p1a: Milotic|234/393","|","|-heal|p1a: Milotic|258/393|[from] item: Leftovers","|-heal|p2a: Suicune|401/401|[from] item: Leftovers","|upkeep","|turn|71","||adding 10 for new turn","|","|t:|1753063498","|move|p1a: Milotic|Recover|p1a: Milotic","|-heal|p1a: Milotic|393/393","|move|p2a: Suicune|Surf|p1a: Milotic","|-resisted|p1a: Milotic","|-damage|p1a: Milotic|249/393","|","|-heal|p1a: Milotic|273/393|[from] item: Leftovers","|upkeep","|turn|72","||adding 10 for new turn","|","|t:|1753063502","|move|p1a: Milotic|Recover|p1a: Milotic","|-heal|p1a: Milotic|393/393","|move|p2a: Suicune|Surf|p1a: Milotic","|-resisted|p1a: Milotic","|-damage|p1a: Milotic|238/393","|","|-heal|p1a: Milotic|262/393|[from] item: Leftovers","|upkeep","|turn|73","||adding 10 for new turn","|","|t:|1753063507","|move|p1a: Milotic|Recover|p1a: Milotic","|-heal|p1a: Milotic|393/393","|move|p2a: Suicune|Surf|p1a: Milotic","|-resisted|p1a: Milotic","|-damage|p1a: Milotic|249/393","|","|-heal|p1a: Milotic|273/393|[from] item: Leftovers","|upkeep","|turn|74","||adding 10 for new turn","|","|t:|1753063511","|move|p1a: Milotic|Recover|p1a: Milotic","|-heal|p1a: Milotic|393/393","|move|p2a: Suicune|Surf|p1a: Milotic","|-resisted|p1a: Milotic","|-crit|p1a: Milotic","|-damage|p1a: Milotic|88/393","|","|-heal|p1a: Milotic|112/393|[from] item: Leftovers","|upkeep","|turn|75","||adding 10 for new turn","|","|t:|1753063515","|move|p1a: Milotic|Recover|p1a: Milotic","|-heal|p1a: Milotic|308/393","|move|p2a: Suicune|Surf|p1a: Milotic","|-resisted|p1a: Milotic","|-damage|p1a: Milotic|169/393","|","|-heal|p1a: Milotic|193/393|[from] item: Leftovers","|upkeep","|turn|76","||adding 10 for new turn","|","|t:|1753063519","|move|p2a: Suicune|Surf|p1a: Milotic","|-resisted|p1a: Milotic","|-damage|p1a: Milotic|47/393","|move|p1a: Milotic|Recover|p1a: Milotic","|-heal|p1a: Milotic|243/393","|","|-heal|p1a: Milotic|267/393|[from] item: Leftovers","|upkeep","|turn|77","||adding 10 for new turn","|","|t:|1753063524","|move|p1a: Milotic|Recover|p1a: Milotic","|-heal|p1a: Milotic|393/393","|move|p2a: Suicune|Surf|p1a: Milotic","|-resisted|p1a: Milotic","|-damage|p1a: Milotic|244/393","|","|-heal|p1a: Milotic|268/393|[from] item: Leftovers","|upkeep","|turn|78","||adding 10 for new turn","|","|t:|1753063528","|move|p1a: Milotic|Recover|p1a: Milotic","|-heal|p1a: Milotic|393/393","|move|p2a: Suicune|Surf|p1a: Milotic","|-resisted|p1a: Milotic","|-damage|p1a: Milotic|242/393","|","|-heal|p1a: Milotic|266/393|[from] item: Leftovers","|upkeep","|turn|79","||adding 10 for new turn","|","|t:|1753063532","|move|p2a: Suicune|Surf|p1a: Milotic","|-resisted|p1a: Milotic","|-crit|p1a: Milotic","|-damage|p1a: Milotic|0 fnt","|faint|p1a: Milotic","||adding 5 to each for mid turn request","|","|t:|1753063536","|switch|p1a: Celebi|Celebi|326/401","|-damage|p1a: Celebi|276/401|[from] Spikes","|","|-heal|p1a: Celebi|301/401|[from] item: Leftovers","|upkeep","|turn|80","||adding 10 for new turn","|","|t:|1753063543","|move|p1a: Celebi|Hidden Power|p2a: Suicune","|-damage|p2a: Suicune|364/401","|move|p2a: Suicune|Ice Beam|p1a: Celebi","|-supereffective|p1a: Celebi","|-damage|p1a: Celebi|0 fnt","|faint|p1a: Celebi","|","|win|foultestacceptor1",""],"p1rating":null,"p2rating":null,"endType":"normal","ladderError":true,"timestamp":"Sun Jul 20 2025 19:05:43 GMT-0700 (アメリカ太平洋夏時間)","roomid":"battle-gen3ou-1094","format":"gen3ou"}