{"winner":"foultestacceptor1","seed":"sodium,aca4c740ca3c02fc2a41ff52d7552e0d","turns":50,"p1":"foultestchallenge1","p2":"foultestacceptor1","p1team":[{"name":"Salamence","species":"Salamence","item":"Choice Band","ability":"Intimidate","moves":["Earthquake","Hidden Power Flying","Brick Break","Rock Slide"],"nature":"Adamant","evs":{"hp":120,"atk":252,"def":0,"spa":0,"spd":0,"spe":136},"gender":"M","ivs":{"hp":30,"atk":30,"def":30,"spa":30,"spd":30,"spe":31},"happiness":255,"hpType":"Flying","pokeball":"","gigantamax":false,"dynamaxLevel":10,"teraType":"","level":100},{"name":"Magneton","species":"Magneton","item":"Magnet","ability":"Magnet Pull","moves":["Thunderbolt","Toxic","Hidden Power Fire","Protect"],"nature":"Modest","evs":{"hp":4,"atk":0,"def":0,"spa":252,"spd":0,"spe":252},"gender":"N","ivs":{"hp":31,"atk":2,"def":31,"spa":30,"spd":31,"spe":30},"happiness":255,"hpType":"Fire","pokeball":"","gigantamax":false,"dynamaxLevel":10,"teraType":"","level":100},{"name":"Tyranitar","species":"Tyranitar","item":"Leftovers","ability":"Sand Stream","moves":["Crunch","Pursuit","Hidden Power Grass","Fire Blast"],"nature":"Modest","evs":{"hp":240,"atk":0,"def":0,"spa":188,"spd":48,"spe":32},"gender":"M","ivs":{"hp":31,"atk":2,"def":31,"spa":30,"spd":31,"spe":31},"happiness":255,"hpType":"Grass","pokeball":"","gigantamax":false,"dynamaxLevel":10,"teraType":"","level":100},{"name":"Blissey","species":"Blissey","item":"Leftovers","ability":"Natural Cure","moves":["Seismic Toss","Wish","Protect","Toxic"],"nature":"","evs":{"hp":4,"atk":0,"def":252,"spa":0,"spd":252,"spe":0},"gender":"F","ivs":{"hp":31,"atk":0,"def":31,"spa":31,"spd":31,"spe":31},"level":100},{"name":"Metagross","species":"Metagross","item":"Leftovers","ability":"Clear Body","moves":["Agility","Meteor Mash","Earthquake","Explosion"],"nature":"Adamant","evs":{"hp":168,"atk":252,"def":0,"spa":0,"spd":0,"spe":88},"gender":"N","level":100,"ivs":{"hp":31,"atk":31,"def":31,"spa":31,"spd":31,"spe":31}},{"name":"Swampert","species":"Swampert","item":"Leftovers","ability":"Torrent","moves":["Surf","Ice Beam","Protect","Toxic"],"nature":"Bold","evs":{"hp":252,"atk":0,"def":160,"spa":0,"spd":96,"spe":0},"gender":"M","ivs":{"hp":31,"atk":0,"def":31,"spa":31,"spd":31,"spe":31},"level":100}],"p2team":[{"name":"Dugtrio","species":"Dugtrio","item":"Choice Band","ability":"Arena Trap","moves":["Earthquake","Hidden Power Bug","Aerial Ace","Sunny Day"],"nature":"Adamant","evs":{"hp":96,"atk":168,"def":20,"spa":0,"spd":0,"spe":224},"gender":"F","ivs":{"hp":31,"atk":30,"def":30,"spa":31,"spd":30,"spe":31},"happiness":255,"hpType":"Bug","pokeball":"","gigantamax":false,"dynamaxLevel":10,"teraType":"","level":100},{"name":"Forretress","species":"Forretress","item":"Leftovers","ability":"Sturdy","moves":["Spikes","Zap Cannon","Explosion","Hidden Power Bug"],"nature":"Careful","evs":{"hp":252,"atk":0,"def":4,"spa":0,"spd":252,"spe":0},"gender":"M","ivs":{"hp":31,"atk":30,"def":30,"spa":31,"spd":30,"spe":31},"happiness":255,"hpType":"Bug","pokeball":"","gigantamax":false,"dynamaxLevel":10,"teraType":"","level":100},{"name":"Snorlax","species":"Snorlax","item":"Leftovers","ability":"Immunity","moves":["Return","Curse","Rest","Shadow Ball"],"nature":"Careful","evs":{"hp":144,"atk":96,"def":132,"spa":0,"spd":136,"spe":0},"gender":"M","level":100,"ivs":{"hp":31,"atk":31,"def":31,"spa":31,"spd":31,"spe":31}},{"name":"Suicune","species":"Suicune","item":"Leftovers","ability":"Pressure","moves":["Calm Mind","Rest","Ice Beam","Surf"],"nature":"Bold","evs":{"hp":240,"atk":0,"def":252,"spa":0,"spd":0,"spe":16},"gender":"N","ivs":{"hp":31,"atk":0,"def":31,"spa":31,"spd":31,"spe":31},"level":100},{"name":"Claydol","species":"Claydol","item":"Leftovers","ability":"Levitate","moves":["Earthquake","Psychic","Rapid Spin","Rest"],"nature":"Lonely","evs":{"hp":252,"atk":224,"def":0,"spa":24,"spd":0,"spe":8},"gender":"N","level":100,"ivs":{"hp":31,"atk":31,"def":31,"spa":31,"spd":31,"spe":31}},{"name":"Blissey","species":"Blissey","item":"Leftovers","ability":"Natural Cure","moves":["Soft-Boiled","Seismic Toss","Thunder Wave","Aromatherapy"],"nature":"Bold","evs":{"hp":252,"atk":0,"def":252,"spa":0,"spd":0,"spe":4},"gender":"F","ivs":{"hp":31,"atk":0,"def":31,"spa":31,"spd":31,"spe":31},"level":100}],"score":[0,4],"inputLog":[">version 372d05e49c92a79eecdf6c8dddb208bd1765c00f",">start {\"formatid\":\"gen3ou\",\"seed\":\"sodium,aca4c740ca3c02fc2a41ff52d7552e0d\"}",">player p1 {\"name\":\"foultestchallenge1\",\"avatar\":\"169\",\"team\":\"Salamence||ChoiceBand|Intimidate|Earthquake,HiddenPowerFlying,BrickBreak,RockSlide|Adamant|120,252,,,,136|M|30,30,30,30,30,|||,Flying,,,,]Magneton||Magnet|MagnetPull|Thunderbolt,Toxic,HiddenPowerFire,Protect|Modest|4,,,252,,252|N|,2,,30,,30|||,Fire,,,,]Tyranitar||Leftovers|SandStream|Crunch,Pursuit,HiddenPowerGrass,FireBlast|Modest|240,,,188,48,32|M|,2,,30,,|||,Grass,,,,]Blissey||Leftovers|NaturalCure|SeismicToss,Wish,Protect,Toxic||4,,252,,252,|F|,0,,,,|||]Metagross||Leftovers|ClearBody|Agility,MeteorMash,Earthquake,Explosion|Adamant|168,252,,,,88|N||||]Swampert||Leftovers|Torrent|Surf,IceBeam,Protect,Toxic|Bold|252,,160,,96,|M|,0,,,,|||\",\"rating\":0}",">player p2 {\"name\":\"foultestacceptor1\",\"avatar\":\"102\",\"team\":\"Dugtrio||ChoiceBand|ArenaTrap|Earthquake,HiddenPowerBug,AerialAce,SunnyDay|Adamant|96,168,20,,,224|F|,30,30,,30,|||,Bug,,,,]Forretress||Leftovers|Sturdy|Spikes,ZapCannon,Explosion,HiddenPowerBug|Careful|252,,4,,252,|M|,30,30,,30,|||,Bug,,,,]Snorlax||Leftovers|Immunity|Return,Curse,Rest,ShadowBall|Careful|144,96,132,,136,|M||||]Suicune||Leftovers|Pressure|CalmMind,Rest,IceBeam,Surf|Bold|240,,252,,,16|N|,0,,,,|||]Claydol||Leftovers|Levitate|Earthquake,Psychic,RapidSpin,Rest|Lonely|252,224,,24,,8|N||||]Blissey||Leftovers|NaturalCure|SoftBoiled,SeismicToss,ThunderWave,Aromatherapy|Bold|252,,252,,,4|F|,0,,,,|||\",\"rating\":0}",">p1 move hiddenpower",">p2 switch 4",">p1 switch 4",">p2 move calmmind",">p1 move toxic",">p2 move calmmind",">p1 move toxic",">p2 move calmmind",">p1 move seismictoss",">p2 move calmmind",">p1 move protect",">p2 move rest",">p1 switch 5",">p2 move rest",">p1 move explosion",">p2 move surf",">p1 switch 4",">p2 switch 2",">p1 move rockslide",">p2 move spikes",">p1 move rockslide",">p2 move zapcannon",">p1 move rockslide",">p2 move explosion",">p2 switch 3",">p1 switch 3",">p2 move curse",">p1 move crunch",">p2 move curse",">p1 move crunch",">p2 move return",">p1 move crunch",">p2 move return",">p1 move crunch",">p2 move return",">p1 move crunch",">p2 move rest",">p1 move crunch",">p2 move shadowball",">p1 move crunch",">p2 move return",">p1 move crunch",">p2 move return",">p1 move crunch",">p2 move rest",">p1 move crunch",">p2 switch 6",">p1 move crunch",">p2 move seismictoss",">p1 move crunch",">p2 move thunderwave",">p1 move crunch",">p2 move softboiled",">p1 move crunch",">p2 move seismictoss",">p1 switch 3",">p1 move brickbreak",">p2 move softboiled",">p1 move brickbreak",">p2 switch 5",">p1 switch 6",">p2 move earthquake",">p1 move toxic",">p2 move earthquake",">p1 move toxic",">p2 switch 5",">p1 move surf",">p2 move aromatherapy",">p1 move toxic",">p2 move softboiled",">p1 move surf",">p2 switch 6",">p1 move icebeam",">p2 move return",">p1 move protect",">p2 move return",">p1 move protect",">p2 move return",">p1 switch 6",">p1 switch 5",">p1 move seismictoss",">p2 switch 6",">p1 move toxic",">p2 move softboiled",">p1 move seismictoss",">p2 switch 6",">p1 move wish",">p2 move curse",">p1 move seismictoss",">p2 move return",">p1 move protect",">p2 move return",">p1 move protect",">p2 move return",">p1 move protect",">p2 move return",">p1 move protect",">p2 move return",">p1 move protect",">p2 move return",">p1 switch 2",">p1 move protect",">p2 switch 5",">p1 move protect",">p2 move earthquake",">p1 move protect",">p2 move earthquake"],"log":["|j|☆foultestchallenge1","|j|☆foultestacceptor1","|t:|1753063551","|gametype|singles","|player|p1|foultestchallenge1|169|","|player|p2|foultestacceptor1|102|","|teamsize|p1|6","|teamsize|p2|6","|gen|3","|tier|[Gen 3] OU","|rule|Sleep Clause Mod: Limit one foe put to sleep","|rule|Switch Priority Clause Mod: Faster Pokémon switch first","|rule|Species Clause: Limit one of each Pokémon","|rule|OHKO Clause: OHKO moves are banned","|rule|Evasion Items Clause: Evasion items are banned","|rule|Evasion Moves Clause: Evasion moves are banned","|rule|Endless Battle Clause: Forcing endless battles is banned","|rule|HP Percentage Mod: HP is shown in percentages","|rule|One Boost Passer Clause: Limit one Baton Passer that has a way to boost its stats","|rule|Freeze Clause Mod: Limit one foe frozen","|","|t:|1753063551","|start","|switch|p1a: Salamence|Salamence, M|360/360","|switch|p2a: Dugtrio|Dugtrio, F|235/235","|-ability|p1a: Salamence|Intimidate|boost","|-unboost|p2a: Dugtrio|atk|1","|turn|1","|inactive|Battle timer is ON: inactive players will automatically lose when time's up. (requested by foultestacceptor1)","|inactive|foultestchallenge1 also wants the timer to be on.","|","|t:|1753063560","|switch|p2a: Suicune|Suicune|401/401","|-ability|p2a: Suicune|Pressure|[silent]","|move|p1a: Salamence|Hidden Power|p2a: Suicune","|-damage|p2a: Suicune|257/401","|","|-heal|p2a: Suicune|282/401|[from] item: Leftovers","|upkeep","|turn|2","||adding 10 for new turn","|","|t:|1753063568","|switch|p1a: Blissey|Blissey, F|652/652","|move|p2a: Suicune|Calm Mind|p2a: Suicune","|-boost|p2a: Suicune|spa|1","|-boost|p2a: Suicune|spd|1","|","|-heal|p2a: Suicune|307/401|[from] item: Leftovers","|upkeep","|turn|3","||adding 10 for new turn","|","|t:|1753063575","|move|p2a: Suicune|Calm Mind|p2a: Suicune","|-boost|p2a: Suicune|spa|1","|-boost|p2a: Suicune|spd|1","|move|p1a: Blissey|Toxic|p2a: Suicune|[miss]","|-miss|p1a: Blissey|p2a: Suicune","|","|-heal|p2a: Suicune|332/401|[from] item: Leftovers","|upkeep","|turn|4","||adding 10 for new turn","|","|t:|1753063583","|move|p2a: Suicune|Calm Mind|p2a: Suicune","|-boost|p2a: Suicune|spa|1","|-boost|p2a: Suicune|spd|1","|move|p1a: Blissey|Toxic|p2a: Suicune","|-status|p2a: Suicune|tox","|","|-heal|p2a: Suicune|357/401 tox|[from] item: Leftovers","|-damage|p2a: Suicune|332/401 tox|[from] psn","|upkeep","|turn|5","||adding 10 for new turn","|","|t:|1753063591","|move|p2a: Suicune|Calm Mind|p2a: Suicune","|-boost|p2a: Suicune|spa|1","|-boost|p2a: Suicune|spd|1","|move|p1a: Blissey|Seismic Toss|p2a: Suicune","|-damage|p2a: Suicune|232/401 tox","|","|-heal|p2a: Suicune|257/401 tox|[from] item: Leftovers","|-damage|p2a: Suicune|207/401 tox|[from] psn","|upkeep","|turn|6","||adding 10 for new turn","|","|t:|1753063599","|move|p1a: Blissey|Protect|p1a: Blissey","|-singleturn|p1a: Blissey|Protect","|move|p2a: Suicune|Rest|p2a: Suicune","|-status|p2a: Suicune|slp|[from] move: Rest","|-heal|p2a: Suicune|401/401 slp|[silent]","|","|upkeep","|turn|7","||adding 10 for new turn","|","|t:|1753063607","|switch|p1a: Metagross|Metagross|343/343","|cant|p2a: Suicune|slp","|","|upkeep","|turn|8","||adding 10 for new turn","|","|t:|1753063615","|cant|p2a: Suicune|slp","|move|p1a: Metagross|Explosion|p2a: Suicune","|-damage|p2a: Suicune|0 fnt","|faint|p1a: Metagross","|faint|p2a: Suicune","||adding 5 to each for mid turn request","|","|t:|1753063623","|switch|p2a: Forretress|Forretress, M|354/354","|switch|p1a: Salamence|Salamence, M|360/360","|-ability|p1a: Salamence|Intimidate|boost","|-unboost|p2a: Forretress|atk|1","|","|upkeep","|turn|9","||adding 10 for new turn","|","|t:|1753063630","|move|p1a: Salamence|Rock Slide|p2a: Forretress","|-damage|p2a: Forretress|235/354","|move|p2a: Forretress|Spikes|p1a: Salamence","|-sidestart|p1: foultestchallenge1|Spikes","|","|-heal|p2a: Forretress|257/354|[from] item: Leftovers","|upkeep","|turn|10","||adding 10 for new turn","|","|t:|1753063638","|move|p1a: Salamence|Rock Slide|p2a: Forretress","|-damage|p2a: Forretress|137/354","|move|p2a: Forretress|Zap Cannon|p1a: Salamence|[miss]","|-miss|p2a: Forretress|p1a: Salamence","|","|-heal|p2a: Forretress|159/354|[from] item: Leftovers","|upkeep","|turn|11","||adding 10 for new turn","|","|t:|1753063646","|move|p1a: Salamence|Rock Slide|p2a: Forretress","|-damage|p2a: Forretress|53/354","|move|p2a: Forretress|Explosion|p1a: Salamence","|-damage|p1a: Salamence|87/360","|faint|p2a: Forretress","||adding 5 to each for mid turn request","|","|t:|1753063654","|switch|p2a: Snorlax|Snorlax, M|497/497","|","|upkeep","|turn|12","||adding 10 for new turn","|","|t:|1753063661","|switch|p1a: Tyranitar|Tyranitar, M|401/401","|-damage|p1a: Tyranitar|351/401|[from] Spikes","|-weather|Sandstorm|[from] ability: Sand Stream|[of] p1a: Tyranitar","|move|p2a: Snorlax|Curse|p2a: Snorlax","|-unboost|p2a: Snorlax|spe|1","|-boost|p2a: Snorlax|atk|1","|-boost|p2a: Snorlax|def|1","|","|-weather|Sandstorm|[upkeep]","|-damage|p2a: Snorlax|466/497|[from] Sandstorm","|-heal|p1a: Tyranitar|376/401|[from] item: Leftovers","|-heal|p2a: Snorlax|497/497|[from] item: Leftovers","|upkeep","|turn|13","||adding 10 for new turn","|","|t:|1753063669","|move|p1a: Tyranitar|Crunch|p2a: Snorlax","|-damage|p2a: Snorlax|407/497","|move|p2a: Snorlax|Curse|p2a: Snorlax","|-unboost|p2a: Snorlax|spe|1","|-boost|p2a: Snorlax|atk|1","|-boost|p2a: Snorlax|def|1","|","|-weather|Sandstorm|[upkeep]","|-damage|p2a: Snorlax|376/497|[from] Sandstorm","|-heal|p1a: Tyranitar|401/401|[from] item: Leftovers","|-heal|p2a: Snorlax|407/497|[from] item: Leftovers","|upkeep","|turn|14","||adding 10 for new turn","|","|t:|1753063677","|move|p1a: Tyranitar|Crunch|p2a: Snorlax","|-damage|p2a: Snorlax|316/497","|move|p2a: Snorlax|Return|p1a: Tyranitar","|-resisted|p1a: Tyranitar","|-damage|p1a: Tyranitar|263/401","|","|-weather|Sandstorm|[upkeep]","|-damage|p2a: Snorlax|285/497|[from] Sandstorm","|-heal|p1a: Tyranitar|288/401|[from] item: Leftovers","|-heal|p2a: Snorlax|316/497|[from] item: Leftovers","|upkeep","|turn|15","||adding 10 for new turn","|","|t:|1753063686","|move|p1a: Tyranitar|Crunch|p2a: Snorlax","|-damage|p2a: Snorlax|229/497","|move|p2a: Snorlax|Return|p1a: Tyranitar","|-resisted|p1a: Tyranitar","|-damage|p1a: Tyranitar|166/401","|","|-weather|Sandstorm|[upkeep]","|-damage|p2a: Snorlax|198/497|[from] Sandstorm","|-heal|p1a: Tyranitar|191/401|[from] item: Leftovers","|-heal|p2a: Snorlax|229/497|[from] item: Leftovers","|upkeep","|turn|16","||adding 10 for new turn","|","|t:|1753063694","|move|p1a: Tyranitar|Crunch|p2a: Snorlax","|-damage|p2a: Snorlax|136/497","|move|p2a: Snorlax|Return|p1a: Tyranitar","|-resisted|p1a: Tyranitar","|-damage|p1a: Tyranitar|65/401","|","|-weather|Sandstorm|[upkeep]","|-damage|p2a: Snorlax|105/497|[from] Sandstorm","|-heal|p1a: Tyranitar|90/401|[from] item: Leftovers","|-heal|p2a: Snorlax|136/497|[from] item: Leftovers","|upkeep","|turn|17","||adding 10 for new turn","|","|t:|1753063702","|move|p1a: Tyranitar|Crunch|p2a: Snorlax","|-damage|p2a: Snorlax|51/497","|move|p2a: Snorlax|Rest|p2a: Snorlax","|-status|p2a: Snorlax|slp|[from] move: Rest","|-heal|p2a: Snorlax|497/497 slp|[silent]","|","|-weather|Sandstorm|[upkeep]","|-damage|p2a: Snorlax|466/497 slp|[from] Sandstorm","|-heal|p1a: Tyranitar|115/401|[from] item: Leftovers","|-heal|p2a: Snorlax|497/497 slp|[from] item: Leftovers","|upkeep","|turn|18","||adding 10 for new turn","|","|t:|1753063709","|move|p1a: Tyranitar|Crunch|p2a: Snorlax","|-damage|p2a: Snorlax|404/497 slp","|cant|p2a: Snorlax|slp","|","|-weather|Sandstorm|[upkeep]","|-damage|p2a: Snorlax|373/497 slp|[from] Sandstorm","|-heal|p1a: Tyranitar|140/401|[from] item: Leftovers","|-heal|p2a: Snorlax|404/497 slp|[from] item: Leftovers","|upkeep","|turn|19","||adding 10 for new turn","|","|t:|1753063717","|move|p1a: Tyranitar|Crunch|p2a: Snorlax","|-damage|p2a: Snorlax|319/497 slp","|-unboost|p2a: Snorlax|spd|1","|cant|p2a: Snorlax|slp","|","|-weather|Sandstorm|[upkeep]","|-damage|p2a: Snorlax|288/497 slp|[from] Sandstorm","|-heal|p1a: Tyranitar|165/401|[from] item: Leftovers","|-heal|p2a: Snorlax|319/497 slp|[from] item: Leftovers","|upkeep","|turn|20","||adding 10 for new turn","|","|t:|1753063725","|move|p1a: Tyranitar|Crunch|p2a: Snorlax","|-damage|p2a: Snorlax|187/497 slp","|-curestatus|p2a: Snorlax|slp|[msg]","|move|p2a: Snorlax|Return|p1a: Tyranitar","|-resisted|p1a: Tyranitar","|-damage|p1a: Tyranitar|40/401","|","|-weather|Sandstorm|[upkeep]","|-damage|p2a: Snorlax|156/497|[from] Sandstorm","|-heal|p1a: Tyranitar|65/401|[from] item: Leftovers","|-heal|p2a: Snorlax|187/497|[from] item: Leftovers","|upkeep","|turn|21","||adding 10 for new turn","|","|t:|1753063733","|move|p1a: Tyranitar|Crunch|p2a: Snorlax","|-damage|p2a: Snorlax|59/497","|move|p2a: Snorlax|Rest|p2a: Snorlax","|-status|p2a: Snorlax|slp|[from] move: Rest","|-heal|p2a: Snorlax|497/497 slp|[silent]","|","|-weather|Sandstorm|[upkeep]","|-damage|p2a: Snorlax|466/497 slp|[from] Sandstorm","|-heal|p1a: Tyranitar|90/401|[from] item: Leftovers","|-heal|p2a: Snorlax|497/497 slp|[from] item: Leftovers","|upkeep","|turn|22","||adding 10 for new turn","|","|t:|1753063741","|switch|p2a: Blissey|Blissey, F|714/714","|move|p1a: Tyranitar|Crunch|p2a: Blissey","|-damage|p2a: Blissey|626/714","|","|-weather|Sandstorm|[upkeep]","|-damage|p2a: Blissey|582/714|[from] Sandstorm","|-heal|p1a: Tyranitar|115/401|[from] item: Leftovers","|-heal|p2a: Blissey|626/714|[from] item: Leftovers","|upkeep","|turn|23","||adding 10 for new turn","|","|t:|1753063749","|move|p1a: Tyranitar|Crunch|p2a: Blissey","|-damage|p2a: Blissey|535/714","|move|p2a: Blissey|Seismic Toss|p1a: Tyranitar","|-damage|p1a: Tyranitar|15/401","|","|-weather|Sandstorm|[upkeep]","|-damage|p2a: Blissey|491/714|[from] Sandstorm","|-heal|p1a: Tyranitar|40/401|[from] item: Leftovers","|-heal|p2a: Blissey|535/714|[from] item: Leftovers","|upkeep","|turn|24","||adding 10 for new turn","|","|t:|1753063757","|move|p1a: Tyranitar|Crunch|p2a: Blissey","|-damage|p2a: Blissey|440/714","|move|p2a: Blissey|Thunder Wave|p1a: Tyranitar","|-status|p1a: Tyranitar|par","|","|-weather|Sandstorm|[upkeep]","|-damage|p2a: Blissey|396/714|[from] Sandstorm","|-heal|p2a: Blissey|440/714|[from] item: Leftovers","|-heal|p1a: Tyranitar|65/401 par|[from] item: Leftovers","|upkeep","|turn|25","||adding 10 for new turn","|","|t:|1753063766","|move|p2a: Blissey|Soft-Boiled|p2a: Blissey","|-heal|p2a: Blissey|714/714","|move|p1a: Tyranitar|Crunch|p2a: Blissey","|-damage|p2a: Blissey|621/714","|","|-weather|Sandstorm|[upkeep]","|-damage|p2a: Blissey|577/714|[from] Sandstorm","|-heal|p2a: Blissey|621/714|[from] item: Leftovers","|-heal|p1a: Tyranitar|90/401 par|[from] item: Leftovers","|upkeep","|turn|26","||adding 10 for new turn","|","|t:|1753063773","|move|p2a: Blissey|Seismic Toss|p1a: Tyranitar","|-damage|p1a: Tyranitar|0 fnt","|faint|p1a: Tyranitar","||adding 5 to each for mid turn request","|","|t:|1753063778","|switch|p1a: Salamence|Salamence, M|87/360","|-ability|p1a: Salamence|Intimidate|boost","|-unboost|p2a: Blissey|atk|1","|","|-weather|Sandstorm|[upkeep]","|-damage|p1a: Salamence|65/360|[from] Sandstorm","|-damage|p2a: Blissey|577/714|[from] Sandstorm","|-heal|p2a: Blissey|621/714|[from] item: Leftovers","|upkeep","|turn|27","||adding 10 for new turn","|","|t:|1753063785","|move|p1a: Salamence|Brick Break|p2a: Blissey","|-supereffective|p2a: Blissey","|-damage|p2a: Blissey|108/714","|move|p2a: Blissey|Soft-Boiled|p2a: Blissey","|-heal|p2a: Blissey|465/714","|","|-weather|Sandstorm|[upkeep]","|-damage|p1a: Salamence|43/360|[from] Sandstorm","|-damage|p2a: Blissey|421/714|[from] Sandstorm","|-heal|p2a: Blissey|465/714|[from] item: Leftovers","|upkeep","|turn|28","||adding 10 for new turn","|","|t:|1753063790","|switch|p2a: Claydol|Claydol|324/324","|move|p1a: Salamence|Brick Break|p2a: Claydol","|-resisted|p2a: Claydol","|-damage|p2a: Claydol|249/324","|","|-weather|Sandstorm|[upkeep]","|-damage|p1a: Salamence|21/360|[from] Sandstorm","|-heal|p2a: Claydol|269/324|[from] item: Leftovers","|upkeep","|turn|29","||adding 10 for new turn","|","|t:|1753063798","|switch|p1a: Swampert|Swampert, M|404/404","|-damage|p1a: Swampert|354/404|[from] Spikes","|move|p2a: Claydol|Earthquake|p1a: Swampert","|-damage|p1a: Swampert|249/404","|","|-weather|Sandstorm|[upkeep]","|-heal|p2a: Claydol|289/324|[from] item: Leftovers","|-heal|p1a: Swampert|274/404|[from] item: Leftovers","|upkeep","|turn|30","||adding 10 for new turn","|","|t:|1753063806","|move|p2a: Claydol|Earthquake|p1a: Swampert","|-damage|p1a: Swampert|160/404","|move|p1a: Swampert|Toxic|p2a: Claydol|[miss]","|-miss|p1a: Swampert|p2a: Claydol","|","|-weather|Sandstorm|[upkeep]","|-heal|p2a: Claydol|309/324|[from] item: Leftovers","|-heal|p1a: Swampert|185/404|[from] item: Leftovers","|upkeep","|turn|31","||adding 10 for new turn","|","|t:|1753063814","|switch|p2a: Blissey|Blissey, F|465/714","|move|p1a: Swampert|Toxic|p2a: Blissey","|-status|p2a: Blissey|tox","|","|-weather|Sandstorm|[upkeep]","|-damage|p2a: Blissey|421/714 tox|[from] Sandstorm","|-heal|p1a: Swampert|210/404|[from] item: Leftovers","|-heal|p2a: Blissey|465/714 tox|[from] item: Leftovers","|-damage|p2a: Blissey|421/714 tox|[from] psn","|upkeep","|turn|32","||adding 10 for new turn","|","|t:|1753063821","|move|p1a: Swampert|Surf|p2a: Blissey","|-damage|p2a: Blissey|346/714 tox","|move|p2a: Blissey|Aromatherapy|p2a: Blissey","|-cureteam|p2a: Blissey|[from] move: Aromatherapy","|","|-weather|Sandstorm|[upkeep]","|-damage|p2a: Blissey|302/714|[from] Sandstorm","|-heal|p1a: Swampert|235/404|[from] item: Leftovers","|-heal|p2a: Blissey|346/714|[from] item: Leftovers","|upkeep","|turn|33","||adding 10 for new turn","|","|t:|1753063829","|move|p1a: Swampert|Toxic|p2a: Blissey","|-status|p2a: Blissey|tox","|move|p2a: Blissey|Soft-Boiled|p2a: Blissey","|-heal|p2a: Blissey|703/714 tox","|","|-weather|Sandstorm|[upkeep]","|-damage|p2a: Blissey|659/714 tox|[from] Sandstorm","|-heal|p1a: Swampert|260/404|[from] item: Leftovers","|-heal|p2a: Blissey|703/714 tox|[from] item: Leftovers","|-damage|p2a: Blissey|659/714 tox|[from] psn","|upkeep","|turn|34","||adding 10 for new turn","|","|t:|1753063837","|-curestatus|p2a: Blissey|tox|[from] ability: Natural Cure","|switch|p2a: Snorlax|Snorlax, M|497/497","|move|p1a: Swampert|Surf|p2a: Snorlax","|-damage|p2a: Snorlax|426/497","|","|-weather|Sandstorm|[upkeep]","|-damage|p2a: Snorlax|395/497|[from] Sandstorm","|-heal|p1a: Swampert|285/404|[from] item: Leftovers","|-heal|p2a: Snorlax|426/497|[from] item: Leftovers","|upkeep","|turn|35","||adding 10 for new turn","|","|t:|1753063845","|move|p1a: Swampert|Ice Beam|p2a: Snorlax","|-damage|p2a: Snorlax|379/497","|move|p2a: Snorlax|Return|p1a: Swampert","|-damage|p1a: Swampert|162/404","|","|-weather|Sandstorm|[upkeep]","|-damage|p2a: Snorlax|348/497|[from] Sandstorm","|-heal|p1a: Swampert|187/404|[from] item: Leftovers","|-heal|p2a: Snorlax|379/497|[from] item: Leftovers","|upkeep","|turn|36","||adding 10 for new turn","|","|t:|1753063849","|move|p1a: Swampert|Protect|p1a: Swampert","|-singleturn|p1a: Swampert|Protect","|move|p2a: Snorlax|Return|p1a: Swampert","|-activate|p1a: Swampert|Protect","|","|-weather|Sandstorm|[upkeep]","|-damage|p2a: Snorlax|348/497|[from] Sandstorm","|-heal|p1a: Swampert|212/404|[from] item: Leftovers","|-heal|p2a: Snorlax|379/497|[from] item: Leftovers","|upkeep","|turn|37","||adding 10 for new turn","|","|t:|1753063853","|move|p1a: Swampert|Protect||[still]","|-fail|p1a: Swampert","|move|p2a: Snorlax|Return|p1a: Swampert","|-crit|p1a: Swampert","|-damage|p1a: Swampert|0 fnt","|faint|p1a: Swampert","||adding 5 to each for mid turn request","|","|t:|1753063857","|switch|p1a: Salamence|Salamence, M|21/360","|-ability|p1a: Salamence|Intimidate|boost","|-unboost|p2a: Snorlax|atk|1","|","|-weather|Sandstorm|[upkeep]","|-damage|p1a: Salamence|0 fnt|[from] Sandstorm","|-damage|p2a: Snorlax|348/497|[from] Sandstorm","|faint|p1a: Salamence","|-heal|p2a: Snorlax|379/497|[from] item: Leftovers","|upkeep","||adding 5 to each for mid turn request","|","|t:|1753063861","|switch|p1a: Blissey|Blissey, F|652/652","|-damage|p1a: Blissey|571/652|[from] Spikes","|turn|38","||adding 10 for new turn","|","|t:|1753063865","|switch|p2a: Blissey|Blissey, F|659/714","|move|p1a: Blissey|Seismic Toss|p2a: Blissey","|-damage|p2a: Blissey|559/714","|","|-weather|Sandstorm|[upkeep]","|-damage|p2a: Blissey|515/714|[from] Sandstorm","|-damage|p1a: Blissey|531/652|[from] Sandstorm","|-heal|p2a: Blissey|559/714|[from] item: Leftovers","|-heal|p1a: Blissey|571/652|[from] item: Leftovers","|upkeep","|turn|39","||adding 10 for new turn","|","|t:|1753063870","|move|p2a: Blissey|Soft-Boiled|p2a: Blissey","|-heal|p2a: Blissey|714/714","|move|p1a: Blissey|Toxic|p2a: Blissey","|-status|p2a: Blissey|tox","|","|-weather|Sandstorm|[upkeep]","|-damage|p2a: Blissey|670/714 tox|[from] Sandstorm","|-damage|p1a: Blissey|531/652|[from] Sandstorm","|-heal|p2a: Blissey|714/714 tox|[from] item: Leftovers","|-damage|p2a: Blissey|670/714 tox|[from] psn","|-heal|p1a: Blissey|571/652|[from] item: Leftovers","|upkeep","|turn|40","||adding 10 for new turn","|","|t:|1753063874","|-curestatus|p2a: Blissey|tox|[from] ability: Natural Cure","|switch|p2a: Snorlax|Snorlax, M|379/497","|move|p1a: Blissey|Seismic Toss|p2a: Snorlax","|-damage|p2a: Snorlax|279/497","|","|-weather|Sandstorm|[upkeep]","|-damage|p1a: Blissey|531/652|[from] Sandstorm","|-damage|p2a: Snorlax|248/497|[from] Sandstorm","|-heal|p1a: Blissey|571/652|[from] item: Leftovers","|-heal|p2a: Snorlax|279/497|[from] item: Leftovers","|upkeep","|turn|41","||adding 10 for new turn","|","|t:|1753063879","|move|p1a: Blissey|Wish|p1a: Blissey","|move|p2a: Snorlax|Curse|p2a: Snorlax","|-unboost|p2a: Snorlax|spe|1","|-boost|p2a: Snorlax|atk|1","|-boost|p2a: Snorlax|def|1","|","|-weather|Sandstorm|[upkeep]","|-damage|p1a: Blissey|531/652|[from] Sandstorm","|-damage|p2a: Snorlax|248/497|[from] Sandstorm","|-heal|p1a: Blissey|571/652|[from] item: Leftovers","|-heal|p2a: Snorlax|279/497|[from] item: Leftovers","|upkeep","|turn|42","||adding 10 for new turn","|","|t:|1753063883","|move|p1a: Blissey|Seismic Toss|p2a: Snorlax","|-damage|p2a: Snorlax|179/497","|move|p2a: Snorlax|Return|p1a: Blissey","|-damage|p1a: Blissey|138/652","|","|-heal|p1a: Blissey|464/652|[from] move: Wish|[wisher] Blissey","|-weather|Sandstorm|[upkeep]","|-damage|p1a: Blissey|424/652|[from] Sandstorm","|-damage|p2a: Snorlax|148/497|[from] Sandstorm","|-heal|p1a: Blissey|464/652|[from] item: Leftovers","|-heal|p2a: Snorlax|179/497|[from] item: Leftovers","|upkeep","|turn|43","||adding 10 for new turn","|","|t:|1753063888","|move|p1a: Blissey|Protect|p1a: Blissey","|-singleturn|p1a: Blissey|Protect","|move|p2a: Snorlax|Return|p1a: Blissey","|-activate|p1a: Blissey|Protect","|","|-weather|Sandstorm|[upkeep]","|-damage|p1a: Blissey|424/652|[from] Sandstorm","|-damage|p2a: Snorlax|148/497|[from] Sandstorm","|-heal|p1a: Blissey|464/652|[from] item: Leftovers","|-heal|p2a: Snorlax|179/497|[from] item: Leftovers","|upkeep","|turn|44","||adding 10 for new turn","|","|t:|1753063892","|move|p1a: Blissey|Protect|p1a: Blissey","|-singleturn|p1a: Blissey|Protect","|move|p2a: Snorlax|Return|p1a: Blissey","|-activate|p1a: Blissey|Protect","|","|-weather|Sandstorm|[upkeep]","|-damage|p1a: Blissey|424/652|[from] Sandstorm","|-damage|p2a: Snorlax|148/497|[from] Sandstorm","|-heal|p1a: Blissey|464/652|[from] item: Leftovers","|-heal|p2a: Snorlax|179/497|[from] item: Leftovers","|upkeep","|turn|45","||adding 10 for new turn","|","|t:|1753063896","|move|p1a: Blissey|Protect||[still]","|-fail|p1a: Blissey","|move|p2a: Snorlax|Return|p1a: Blissey","|-damage|p1a: Blissey|63/652","|","|-weather|Sandstorm|[upkeep]","|-damage|p1a: Blissey|23/652|[from] Sandstorm","|-damage|p2a: Snorlax|148/497|[from] Sandstorm","|-heal|p1a: Blissey|63/652|[from] item: Leftovers","|-heal|p2a: Snorlax|179/497|[from] item: Leftovers","|upkeep","|turn|46","||adding 10 for new turn","|","|t:|1753063901","|move|p1a: Blissey|Protect|p1a: Blissey","|-singleturn|p1a: Blissey|Protect","|move|p2a: Snorlax|Return|p1a: Blissey","|-activate|p1a: Blissey|Protect","|","|-weather|Sandstorm|[upkeep]","|-damage|p1a: Blissey|23/652|[from] Sandstorm","|-damage|p2a: Snorlax|148/497|[from] Sandstorm","|-heal|p1a: Blissey|63/652|[from] item: Leftovers","|-heal|p2a: Snorlax|179/497|[from] item: Leftovers","|upkeep","|turn|47","||adding 10 for new turn","|","|t:|1753063905","|move|p1a: Blissey|Protect||[still]","|-fail|p1a: Blissey","|move|p2a: Snorlax|Return|p1a: Blissey","|-damage|p1a: Blissey|0 fnt","|faint|p1a: Blissey","||adding 5 to each for mid turn request","|","|t:|1753063908","|switch|p1a: Magneton|Magneton|242/242","|-damage|p1a: Magneton|212/242|[from] Spikes","|","|-weather|Sandstorm|[upkeep]","|-damage|p2a: Snorlax|148/497|[from] Sandstorm","|-heal|p2a: Snorlax|179/497|[from] item: Leftovers","|upkeep","|turn|48","||adding 10 for new turn","|","|t:|1753063915","|switch|p2a: Claydol|Claydol|309/324","|move|p1a: Magneton|Protect||[still]","|-fail|p1a: Magneton","|","|-weather|Sandstorm|[upkeep]","|-heal|p2a: Claydol|324/324|[from] item: Leftovers","|upkeep","|turn|49","||adding 10 for new turn","|","|t:|1753063921","|move|p1a: Magneton|Protect|p1a: Magneton","|-singleturn|p1a: Magneton|Protect","|move|p2a: Claydol|Earthquake|p1a: Magneton","|-activate|p1a: Magneton|Protect","|","|-weather|Sandstorm|[upkeep]","|upkeep","|turn|50","||adding 10 for new turn","|","|t:|1753063928","|move|p1a: Magneton|Protect||[still]","|-fail|p1a: Magneton","|move|p2a: Claydol|Earthquake|p1a: Magneton","|-supereffective|p1a: Magneton","|-damage|p1a: Magneton|0 fnt","|faint|p1a: Magneton","|","|win|foultestacceptor1",""],"p1rating":null,"p2rating":null,"endType":"normal","ladderError":true,"timestamp":"Sun Jul 20 2025 19:12:08 GMT-0700 (アメリカ太平洋夏時間)","roomid":"battle-gen3ou-1095","format":"gen3ou"}