{"winner":"foultestacceptor1","seed":"sodium,a4f3a45d51c8cf9f7861a7fb11083fee","turns":54,"p1":"foultestchallenge1","p2":"foultestacceptor1","p1team":[{"name":"Metagross","species":"Metagross","item":"Leftovers","ability":"Clear Body","moves":["Meteor Mash","Earthquake","Agility","Explosion"],"nature":"Adamant","evs":{"hp":152,"atk":252,"def":0,"spa":0,"spd":0,"spe":104},"gender":"N","level":100,"ivs":{"hp":31,"atk":31,"def":31,"spa":31,"spd":31,"spe":31}},{"name":"Milotic","species":"Milotic","item":"Leftovers","ability":"Marvel Scale","moves":["Hypnosis","Surf","Ice Beam","Recover"],"nature":"Bold","evs":{"hp":248,"atk":0,"def":212,"spa":0,"spd":0,"spe":48},"gender":"F","ivs":{"hp":31,"atk":0,"def":31,"spa":31,"spd":31,"spe":31},"level":100},{"name":"Celebi","species":"Celebi","item":"Leftovers","ability":"Natural Cure","moves":["Swords Dance","Hidden Power Rock","Baton Pass","Recover"],"nature":"Jolly","evs":{"hp":240,"atk":0,"def":44,"spa":0,"spd":4,"spe":220},"gender":"N","ivs":{"hp":31,"atk":31,"def":30,"spa":31,"spd":30,"spe":30},"happiness":255,"hpType":"Rock","pokeball":"","gigantamax":false,"dynamaxLevel":10,"teraType":"","level":100},{"name":"Magneton","species":"Magneton","item":"Leftovers","ability":"Magnet Pull","moves":["Thunderbolt","Hidden Power Fire","Thunder Wave","Toxic"],"nature":"Timid","evs":{"hp":144,"atk":0,"def":0,"spa":112,"spd":0,"spe":252},"gender":"N","ivs":{"hp":31,"atk":2,"def":31,"spa":30,"spd":31,"spe":30},"happiness":255,"hpType":"Fire","pokeball":"","gigantamax":false,"dynamaxLevel":10,"teraType":"","level":100},{"name":"Heracross","species":"Heracross","item":"Leftovers","ability":"Guts","moves":["Megahorn","Rock Slide","Hidden Power Ghost","Brick Break"],"nature":"Adamant","evs":{"hp":144,"atk":16,"def":0,"spa":0,"spd":184,"spe":164},"gender":"M","ivs":{"hp":31,"atk":31,"def":30,"spa":31,"spd":30,"spe":31},"happiness":255,"hpType":"Ghost","pokeball":"","gigantamax":false,"dynamaxLevel":10,"teraType":"","level":100},{"name":"Gyarados","species":"Gyarados","item":"Leftovers","ability":"Intimidate","moves":["Hidden Power Flying","Double-Edge","Earthquake","Dragon Dance"],"nature":"Jolly","evs":{"hp":0,"atk":252,"def":4,"spa":0,"spd":0,"spe":252},"gender":"F","ivs":{"hp":30,"atk":30,"def":30,"spa":30,"spd":30,"spe":31},"happiness":255,"hpType":"Flying","pokeball":"","gigantamax":false,"dynamaxLevel":10,"teraType":"","level":100}],"p2team":[{"name":"Zapdos","species":"Zapdos","item":"Leftovers","ability":"Pressure","moves":["Thunderbolt","Hidden Power Grass","Baton Pass","Roar"],"nature":"Modest","evs":{"hp":0,"atk":0,"def":0,"spa":220,"spd":48,"spe":240},"gender":"N","ivs":{"hp":31,"atk":2,"def":31,"spa":30,"spd":31,"spe":31},"happiness":255,"hpType":"Grass","pokeball":"","gigantamax":false,"dynamaxLevel":10,"teraType":"","level":100},{"name":"Metagross","species":"Metagross","item":"Choice Band","ability":"Clear Body","moves":["Meteor Mash","Explosion","Earthquake","Rock Slide"],"nature":"Adamant","evs":{"hp":128,"atk":252,"def":0,"spa":0,"spd":0,"spe":128},"gender":"N","level":100,"ivs":{"hp":31,"atk":31,"def":31,"spa":31,"spd":31,"spe":31}},{"name":"Celebi","species":"Celebi","item":"Leftovers","ability":"Natural Cure","moves":["Calm Mind","Giga Drain","Hidden Power Ice","Baton Pass"],"nature":"Timid","evs":{"hp":208,"atk":0,"def":84,"spa":36,"spd":0,"spe":180},"gender":"N","ivs":{"hp":31,"atk":3,"def":31,"spa":31,"spd":31,"spe":30},"happiness":255,"hpType":"Ice","pokeball":"","gigantamax":false,"dynamaxLevel":10,"teraType":"","level":100},{"name":"Gengar","species":"Gengar","item":"Leftovers","ability":"Levitate","moves":["Thunderbolt","Ice Punch","Giga Drain","Explosion"],"nature":"Timid","evs":{"hp":8,"atk":0,"def":200,"spa":116,"spd":0,"spe":184},"gender":"F","level":100,"ivs":{"hp":31,"atk":31,"def":31,"spa":31,"spd":31,"spe":31}},{"name":"Swampert","species":"Swampert","item":"Leftovers","ability":"Torrent","moves":["Hydro Pump","Earthquake","Ice Beam","Refresh"],"nature":"Quiet","evs":{"hp":240,"atk":0,"def":12,"spa":216,"spd":0,"spe":40},"gender":"M","level":100,"ivs":{"hp":31,"atk":31,"def":31,"spa":31,"spd":31,"spe":31}},{"name":"Charizard","species":"Charizard","item":"Leftovers","ability":"Blaze","moves":["Substitute","Hidden Power Grass","Fire Blast","Focus Punch"],"nature":"Mild","evs":{"hp":0,"atk":4,"def":0,"spa":252,"spd":0,"spe":252},"gender":"F","ivs":{"hp":31,"atk":30,"def":31,"spa":30,"spd":31,"spe":31},"happiness":255,"hpType":"Grass","pokeball":"","gigantamax":false,"dynamaxLevel":10,"teraType":"","level":100}],"score":[0,2],"inputLog":[">version 372d05e49c92a79eecdf6c8dddb208bd1765c00f",">start {\"formatid\":\"gen3ou\",\"seed\":\"sodium,a4f3a45d51c8cf9f7861a7fb11083fee\"}",">player p1 {\"name\":\"foultestchallenge1\",\"avatar\":\"169\",\"team\":\"Metagross||Leftovers|ClearBody|MeteorMash,Earthquake,Agility,Explosion|Adamant|152,252,,,,104|N||||]Milotic||Leftovers|MarvelScale|Hypnosis,Surf,IceBeam,Recover|Bold|248,,212,,,48|F|,0,,,,|||]Celebi||Leftovers|NaturalCure|SwordsDance,HiddenPowerRock,BatonPass,Recover|Jolly|240,,44,,4,220|N|,,30,,30,30|||,Rock,,,,]Magneton||Leftovers|MagnetPull|Thunderbolt,HiddenPowerFire,ThunderWave,Toxic|Timid|144,,,112,,252|N|,2,,30,,30|||,Fire,,,,]Heracross||Leftovers|Guts|Megahorn,RockSlide,HiddenPowerGhost,BrickBreak|Adamant|144,16,,,184,164|M|,,30,,30,|||,Ghost,,,,]Gyarados||Leftovers|Intimidate|HiddenPowerFlying,DoubleEdge,Earthquake,DragonDance|Jolly|,252,4,,,252|F|30,30,30,30,30,|||,Flying,,,,\",\"rating\":0}",">player p2 {\"name\":\"foultestacceptor1\",\"avatar\":\"2\",\"team\":\"Zapdos||Leftovers|Pressure|Thunderbolt,HiddenPowerGrass,BatonPass,Roar|Modest|,,,220,48,240|N|,2,,30,,|||,Grass,,,,]Metagross||ChoiceBand|ClearBody|MeteorMash,Explosion,Earthquake,RockSlide|Adamant|128,252,,,,128|N||||]Celebi||Leftovers|NaturalCure|CalmMind,GigaDrain,HiddenPowerIce,BatonPass|Timid|208,,84,36,,180|N|,3,,,,30|||,Ice,,,,]Gengar||Leftovers|Levitate|Thunderbolt,IcePunch,GigaDrain,Explosion|Timid|8,,200,116,,184|F||||]Swampert||Leftovers|Torrent|HydroPump,Earthquake,IceBeam,Refresh|Quiet|240,,12,216,,40|M||||]Charizard||Leftovers|Blaze|Substitute,HiddenPowerGrass,FireBlast,FocusPunch|Mild|,4,,252,,252|F|,30,,30,,|||,Grass,,,,\",\"rating\":0}",">p1 switch 3",">p2 move thunderbolt",">p1 move swordsdance",">p2 switch 6",">p1 move hiddenpower",">p2 move fireblast",">p2 switch 2",">p1 move batonpass",">p2 move meteormash",">p1 switch 3",">p1 move meteormash",">p2 move meteormash",">p1 move earthquake",">p2 move meteormash",">p1 switch 4",">p1 move thunderbolt",">p2 move meteormash",">p1 move hiddenpower",">p2 move meteormash",">p2 switch 5",">p1 switch 6",">p2 move earthquake",">p1 switch 5",">p2 switch 6",">p1 move rockslide",">p2 move thunderbolt",">p1 move rockslide",">p2 move thunderbolt",">p2 switch 4",">p1 switch 2",">p2 move thunderbolt",">p1 move recover",">p2 move thunderbolt",">p1 move recover",">p2 move thunderbolt",">p1 move recover",">p2 move thunderbolt",">p1 move surf",">p2 move thunderbolt",">p1 move recover",">p2 move thunderbolt",">p1 move recover",">p2 move thunderbolt",">p1 move recover",">p2 move thunderbolt",">p1 switch 3",">p2 move thunderbolt",">p1 switch 6",">p2 move icepunch",">p1 move thunderbolt",">p2 switch 6",">p1 switch 3",">p2 move earthquake",">p1 move recover",">p2 move earthquake",">p1 move recover",">p2 move earthquake",">p1 move surf",">p2 move earthquake",">p1 move surf",">p2 move earthquake",">p1 move surf",">p2 move earthquake",">p1 move surf",">p2 move hydropump",">p2 switch 6",">p1 switch 6",">p2 move thunderbolt",">p1 move recover",">p2 move icepunch",">p1 move swordsdance",">p2 move icepunch",">p1 move recover",">p2 move icepunch",">p1 move recover",">p2 move icepunch",">p1 move hiddenpower",">p2 move icepunch",">p1 move recover",">p2 move icepunch",">p1 move recover",">p2 move icepunch",">p1 move hiddenpower",">p2 move icepunch",">p1 move hiddenpower",">p2 switch 3",">p1 move recover",">p2 move calmmind",">p1 move batonpass",">p2 move batonpass",">p1 switch 5",">p2 switch 3",">p1 switch 6",">p2 move thunderbolt",">p1 switch 3",">p1 move thunderbolt",">p2 move gigadrain",">p1 move thunderbolt",">p2 move icepunch",">p1 switch 5",">p1 move hiddenpower",">p2 move icepunch",">p1 switch 6",">p2 move icepunch",">p1 switch 6",">p2 move thunderbolt",">p1 switch 6",">p2 move icepunch",">p1 switch 6",">p2 move thunderbolt",">p1 switch 6",">p2 move icepunch",">p1 move hiddenpower",">p2 move icepunch",">p1 switch 2",">p1 move rockslide",">p2 move icepunch",">p1 switch 6",">p1 move recover",">p2 move icepunch"],"log":["|j|☆foultestchallenge1","|j|☆foultestacceptor1","|t:|1753056195","|gametype|singles","|player|p1|foultestchallenge1|169|","|player|p2|foultestacceptor1|2|","|teamsize|p1|6","|teamsize|p2|6","|gen|3","|tier|[Gen 3] OU","|rule|Sleep Clause Mod: Limit one foe put to sleep","|rule|Switch Priority Clause Mod: Faster Pokémon switch first","|rule|Species Clause: Limit one of each Pokémon","|rule|OHKO Clause: OHKO moves are banned","|rule|Evasion Items Clause: Evasion items are banned","|rule|Evasion Moves Clause: Evasion moves are banned","|rule|Endless Battle Clause: Forcing endless battles is banned","|rule|HP Percentage Mod: HP is shown in percentages","|rule|One Boost Passer Clause: Limit one Baton Passer that has a way to boost its stats","|rule|Freeze Clause Mod: Limit one foe frozen","|","|t:|1753056195","|start","|switch|p1a: Metagross|Metagross|339/339","|switch|p2a: Zapdos|Zapdos|321/321","|-ability|p2a: Zapdos|Pressure|[silent]","|turn|1","|inactive|Battle timer is ON: inactive players will automatically lose when time's up. (requested by foultestchallenge1)","|inactive|foultestacceptor1 also wants the timer to be on.","|","|t:|1753056197","|switch|p1a: Celebi|Celebi|401/401","|move|p2a: Zapdos|Thunderbolt|p1a: Celebi","|-resisted|p1a: Celebi","|-damage|p1a: Celebi|313/401","|","|-heal|p1a: Celebi|338/401|[from] item: Leftovers","|upkeep","|turn|2","||adding 10 for new turn","|","|t:|1753056199","|switch|p2a: Charizard|Charizard, F|297/297","|move|p1a: Celebi|Swords Dance|p1a: Celebi","|-boost|p1a: Celebi|atk|2","|","|-heal|p1a: Celebi|363/401|[from] item: Leftovers","|upkeep","|turn|3","||adding 10 for new turn","|","|t:|1753056200","|move|p1a: Celebi|Hidden Power|p2a: Charizard","|-supereffective|p2a: Charizard","|-damage|p2a: Charizard|0 fnt","|faint|p2a: Charizard","||adding 5 to each for mid turn request","|","|t:|1753056202","|switch|p2a: Metagross|Metagross|333/333","|","|-heal|p1a: Celebi|388/401|[from] item: Leftovers","|upkeep","|turn|4","||adding 10 for new turn","|","|t:|1753056203","|move|p1a: Celebi|Baton Pass|p1a: Celebi","||adding 5 to each for mid turn request","|","|t:|1753056204","|switch|p1a: Metagross|Metagross|339/339|[from] Baton Pass","|move|p2a: Metagross|Meteor Mash|p1a: Metagross","|-resisted|p1a: Metagross","|-damage|p1a: Metagross|213/339","|-boost|p2a: Metagross|atk|1","|","|-heal|p1a: Metagross|234/339|[from] item: Leftovers","|upkeep","|turn|5","||adding 10 for new turn","|","|t:|1753056206","|move|p2a: Metagross|Meteor Mash|p1a: Metagross","|-resisted|p1a: Metagross","|-damage|p1a: Metagross|53/339","|move|p1a: Metagross|Meteor Mash|p2a: Metagross","|-resisted|p2a: Metagross","|-damage|p2a: Metagross|164/333","|","|-heal|p1a: Metagross|74/339|[from] item: Leftovers","|upkeep","|turn|6","||adding 10 for new turn","|","|t:|1753056209","|move|p2a: Metagross|Meteor Mash|p1a: Metagross","|-resisted|p1a: Metagross","|-damage|p1a: Metagross|0 fnt","|faint|p1a: Metagross","||adding 5 to each for mid turn request","|","|t:|1753056210","|switch|p1a: Magneton|Magneton|277/277","|","|upkeep","|turn|7","||adding 10 for new turn","|","|t:|1753056211","|move|p1a: Magneton|Thunderbolt|p2a: Metagross","|-damage|p2a: Metagross|11/333","|move|p2a: Metagross|Meteor Mash|p1a: Magneton","|-resisted|p1a: Magneton","|-damage|p1a: Magneton|153/277","|","|-heal|p1a: Magneton|170/277|[from] item: Leftovers","|upkeep","|turn|8","||adding 10 for new turn","|","|t:|1753056214","|move|p1a: Magneton|Hidden Power|p2a: Metagross","|-supereffective|p2a: Metagross","|-damage|p2a: Metagross|0 fnt","|faint|p2a: Metagross","||adding 5 to each for mid turn request","|","|t:|1753056215","|switch|p2a: Swampert|Swampert, M|401/401","|","|-heal|p1a: Magneton|187/277|[from] item: Leftovers","|upkeep","|turn|9","||adding 10 for new turn","|","|t:|1753056217","|switch|p1a: Gyarados|Gyarados, F|330/330","|-ability|p1a: Gyarados|Intimidate|boost","|-unboost|p2a: Swampert|atk|1","|move|p2a: Swampert|Earthquake|p1a: Gyarados","|-immune|p1a: Gyarados","|","|upkeep","|turn|10","||adding 10 for new turn","|","|t:|1753056218","|switch|p1a: Heracross|Heracross, M|337/337","|switch|p2a: Zapdos|Zapdos|321/321","|-ability|p2a: Zapdos|Pressure|[silent]","|","|upkeep","|turn|11","||adding 10 for new turn","|","|t:|1753056220","|move|p2a: Zapdos|Thunderbolt|p1a: Heracross","|-damage|p1a: Heracross|176/337","|move|p1a: Heracross|Rock Slide|p2a: Zapdos","|-supereffective|p2a: Zapdos","|-damage|p2a: Zapdos|133/321","|","|-heal|p2a: Zapdos|153/321|[from] item: Leftovers","|-heal|p1a: Heracross|197/337|[from] item: Leftovers","|upkeep","|turn|12","||adding 10 for new turn","|","|t:|1753056222","|move|p2a: Zapdos|Thunderbolt|p1a: Heracross","|-damage|p1a: Heracross|55/337","|move|p1a: Heracross|Rock Slide|p2a: Zapdos","|-supereffective|p2a: Zapdos","|-damage|p2a: Zapdos|0 fnt","|faint|p2a: Zapdos","||adding 5 to each for mid turn request","|","|t:|1753056223","|switch|p2a: Gengar|Gengar, F|263/263","|","|-heal|p1a: Heracross|76/337|[from] item: Leftovers","|upkeep","|turn|13","||adding 10 for new turn","|","|t:|1753056225","|switch|p1a: Milotic|Milotic, F|393/393","|move|p2a: Gengar|Thunderbolt|p1a: Milotic","|-supereffective|p1a: Milotic","|-damage|p1a: Milotic|219/393","|","|-heal|p1a: Milotic|243/393|[from] item: Leftovers","|upkeep","|turn|14","||adding 10 for new turn","|","|t:|1753056227","|move|p2a: Gengar|Thunderbolt|p1a: Milotic","|-supereffective|p1a: Milotic","|-damage|p1a: Milotic|61/393","|move|p1a: Milotic|Recover|p1a: Milotic","|-heal|p1a: Milotic|257/393","|","|-heal|p1a: Milotic|281/393|[from] item: Leftovers","|upkeep","|turn|15","||adding 10 for new turn","|","|t:|1753056228","|move|p2a: Gengar|Thunderbolt|p1a: Milotic","|-supereffective|p1a: Milotic","|-damage|p1a: Milotic|114/393","|move|p1a: Milotic|Recover|p1a: Milotic","|-heal|p1a: Milotic|310/393","|","|-heal|p1a: Milotic|334/393|[from] item: Leftovers","|upkeep","|turn|16","||adding 10 for new turn","|","|t:|1753056230","|move|p2a: Gengar|Thunderbolt|p1a: Milotic","|-supereffective|p1a: Milotic","|-damage|p1a: Milotic|160/393","|move|p1a: Milotic|Recover|p1a: Milotic","|-heal|p1a: Milotic|356/393","|","|-heal|p1a: Milotic|380/393|[from] item: Leftovers","|upkeep","|turn|17","||adding 10 for new turn","|","|t:|1753056232","|move|p2a: Gengar|Thunderbolt|p1a: Milotic","|-supereffective|p1a: Milotic","|-damage|p1a: Milotic|198/393","|move|p1a: Milotic|Surf|p2a: Gengar","|-damage|p2a: Gengar|128/263","|","|-heal|p2a: Gengar|144/263|[from] item: Leftovers","|-heal|p1a: Milotic|222/393|[from] item: Leftovers","|upkeep","|turn|18","||adding 10 for new turn","|","|t:|1753056233","|move|p2a: Gengar|Thunderbolt|p1a: Milotic","|-supereffective|p1a: Milotic","|-damage|p1a: Milotic|40/393","|move|p1a: Milotic|Recover|p1a: Milotic","|-heal|p1a: Milotic|236/393","|","|-heal|p2a: Gengar|160/263|[from] item: Leftovers","|-heal|p1a: Milotic|260/393|[from] item: Leftovers","|upkeep","|turn|19","||adding 10 for new turn","|","|t:|1753056235","|move|p2a: Gengar|Thunderbolt|p1a: Milotic","|-supereffective|p1a: Milotic","|-damage|p1a: Milotic|91/393","|move|p1a: Milotic|Recover|p1a: Milotic","|-heal|p1a: Milotic|287/393","|","|-heal|p2a: Gengar|176/263|[from] item: Leftovers","|-heal|p1a: Milotic|311/393|[from] item: Leftovers","|upkeep","|turn|20","||adding 10 for new turn","|","|t:|1753056237","|move|p2a: Gengar|Thunderbolt|p1a: Milotic","|-supereffective|p1a: Milotic","|-damage|p1a: Milotic|131/393","|-status|p1a: Milotic|par","|cant|p1a: Milotic|par","|","|-heal|p2a: Gengar|192/263|[from] item: Leftovers","|-heal|p1a: Milotic|155/393 par|[from] item: Leftovers","|upkeep","|turn|21","||adding 10 for new turn","|","|t:|1753056238","|switch|p1a: Celebi|Celebi|388/401","|move|p2a: Gengar|Thunderbolt|p1a: Celebi","|-resisted|p1a: Celebi","|-damage|p1a: Celebi|340/401","|-status|p1a: Celebi|par","|","|-heal|p2a: Gengar|208/263|[from] item: Leftovers","|-heal|p1a: Celebi|365/401 par|[from] item: Leftovers","|upkeep","|turn|22","||adding 10 for new turn","|","|t:|1753056239","|-curestatus|p1a: Celebi|par|[from] ability: Natural Cure","|switch|p1a: Magneton|Magneton|187/277","|move|p2a: Gengar|Ice Punch|p1a: Magneton","|-resisted|p1a: Magneton","|-damage|p1a: Magneton|136/277","|","|-heal|p2a: Gengar|224/263|[from] item: Leftovers","|-heal|p1a: Magneton|153/277|[from] item: Leftovers","|upkeep","|turn|23","||adding 10 for new turn","|","|t:|1753056241","|switch|p2a: Swampert|Swampert, M|401/401","|move|p1a: Magneton|Thunderbolt|p2a: Swampert","|-immune|p2a: Swampert","|","|-heal|p1a: Magneton|170/277|[from] item: Leftovers","|upkeep","|turn|24","||adding 10 for new turn","|","|t:|1753056242","|switch|p1a: Milotic|Milotic, F|155/393 par","|move|p2a: Swampert|Earthquake|p1a: Milotic","|-damage|p1a: Milotic|81/393 par","|","|-heal|p1a: Milotic|105/393 par|[from] item: Leftovers","|upkeep","|turn|25","||adding 10 for new turn","|","|t:|1753056244","|move|p2a: Swampert|Earthquake|p1a: Milotic","|-damage|p1a: Milotic|34/393 par","|move|p1a: Milotic|Recover|p1a: Milotic","|-heal|p1a: Milotic|230/393 par","|","|-heal|p1a: Milotic|254/393 par|[from] item: Leftovers","|upkeep","|turn|26","||adding 10 for new turn","|","|t:|1753056246","|move|p2a: Swampert|Earthquake|p1a: Milotic","|-damage|p1a: Milotic|181/393 par","|move|p1a: Milotic|Recover|p1a: Milotic","|-heal|p1a: Milotic|377/393 par","|","|-heal|p1a: Milotic|393/393 par|[from] item: Leftovers","|upkeep","|turn|27","||adding 10 for new turn","|","|t:|1753056248","|move|p2a: Swampert|Earthquake|p1a: Milotic","|-damage|p1a: Milotic|317/393 par","|move|p1a: Milotic|Surf|p2a: Swampert","|-damage|p2a: Swampert|283/401","|","|-heal|p2a: Swampert|308/401|[from] item: Leftovers","|-heal|p1a: Milotic|341/393 par|[from] item: Leftovers","|upkeep","|turn|28","||adding 10 for new turn","|","|t:|1753056250","|move|p2a: Swampert|Earthquake|p1a: Milotic","|-damage|p1a: Milotic|270/393 par","|move|p1a: Milotic|Surf|p2a: Swampert","|-damage|p2a: Swampert|177/401","|","|-heal|p2a: Swampert|202/401|[from] item: Leftovers","|-heal|p1a: Milotic|294/393 par|[from] item: Leftovers","|upkeep","|turn|29","||adding 10 for new turn","|","|t:|1753056252","|move|p2a: Swampert|Earthquake|p1a: Milotic","|-damage|p1a: Milotic|226/393 par","|move|p1a: Milotic|Surf|p2a: Swampert","|-damage|p2a: Swampert|89/401","|","|-heal|p2a: Swampert|114/401|[from] item: Leftovers","|-heal|p1a: Milotic|250/393 par|[from] item: Leftovers","|upkeep","|turn|30","||adding 10 for new turn","|","|t:|1753056254","|move|p2a: Swampert|Hydro Pump|p1a: Milotic","|-resisted|p1a: Milotic","|-damage|p1a: Milotic|152/393 par","|move|p1a: Milotic|Surf|p2a: Swampert","|-damage|p2a: Swampert|0 fnt","|faint|p2a: Swampert","||adding 5 to each for mid turn request","|","|t:|1753056256","|switch|p2a: Gengar|Gengar, F|224/263","|","|-heal|p2a: Gengar|240/263|[from] item: Leftovers","|-heal|p1a: Milotic|176/393 par|[from] item: Leftovers","|upkeep","|turn|31","||adding 10 for new turn","|","|t:|1753056257","|switch|p1a: Celebi|Celebi|365/401","|move|p2a: Gengar|Thunderbolt|p1a: Celebi","|-resisted|p1a: Celebi","|-damage|p1a: Celebi|316/401","|","|-heal|p2a: Gengar|256/263|[from] item: Leftovers","|-heal|p1a: Celebi|341/401|[from] item: Leftovers","|upkeep","|turn|32","||adding 10 for new turn","|","|t:|1753056259","|move|p2a: Gengar|Ice Punch|p1a: Celebi","|-supereffective|p1a: Celebi","|-damage|p1a: Celebi|176/401","|move|p1a: Celebi|Recover|p1a: Celebi","|-heal|p1a: Celebi|376/401","|","|-heal|p2a: Gengar|263/263|[from] item: Leftovers","|-heal|p1a: Celebi|401/401|[from] item: Leftovers","|upkeep","|turn|33","||adding 10 for new turn","|","|t:|1753056260","|move|p2a: Gengar|Ice Punch|p1a: Celebi","|-supereffective|p1a: Celebi","|-damage|p1a: Celebi|245/401","|move|p1a: Celebi|Swords Dance|p1a: Celebi","|-boost|p1a: Celebi|atk|2","|","|-heal|p1a: Celebi|270/401|[from] item: Leftovers","|upkeep","|turn|34","||adding 10 for new turn","|","|t:|1753056262","|move|p2a: Gengar|Ice Punch|p1a: Celebi","|-supereffective|p1a: Celebi","|-damage|p1a: Celebi|109/401","|move|p1a: Celebi|Recover|p1a: Celebi","|-heal|p1a: Celebi|309/401","|","|-heal|p1a: Celebi|334/401|[from] item: Leftovers","|upkeep","|turn|35","||adding 10 for new turn","|","|t:|1753056263","|move|p2a: Gengar|Ice Punch|p1a: Celebi","|-supereffective|p1a: Celebi","|-damage|p1a: Celebi|164/401","|move|p1a: Celebi|Recover|p1a: Celebi","|-heal|p1a: Celebi|364/401","|","|-heal|p1a: Celebi|389/401|[from] item: Leftovers","|upkeep","|turn|36","||adding 10 for new turn","|","|t:|1753056265","|move|p2a: Gengar|Ice Punch|p1a: Celebi","|-supereffective|p1a: Celebi","|-damage|p1a: Celebi|213/401","|move|p1a: Celebi|Hidden Power|p2a: Gengar","|-damage|p2a: Gengar|140/263","|","|-heal|p2a: Gengar|156/263|[from] item: Leftovers","|-heal|p1a: Celebi|238/401|[from] item: Leftovers","|upkeep","|turn|37","||adding 10 for new turn","|","|t:|1753056266","|move|p2a: Gengar|Ice Punch|p1a: Celebi","|-supereffective|p1a: Celebi","|-damage|p1a: Celebi|78/401","|move|p1a: Celebi|Recover|p1a: Celebi","|-heal|p1a: Celebi|278/401","|","|-heal|p2a: Gengar|172/263|[from] item: Leftovers","|-heal|p1a: Celebi|303/401|[from] item: Leftovers","|upkeep","|turn|38","||adding 10 for new turn","|","|t:|1753056268","|move|p2a: Gengar|Ice Punch|p1a: Celebi","|-supereffective|p1a: Celebi","|-damage|p1a: Celebi|133/401","|move|p1a: Celebi|Recover|p1a: Celebi","|-heal|p1a: Celebi|333/401","|","|-heal|p2a: Gengar|188/263|[from] item: Leftovers","|-heal|p1a: Celebi|358/401|[from] item: Leftovers","|upkeep","|turn|39","||adding 10 for new turn","|","|t:|1753056269","|move|p2a: Gengar|Ice Punch|p1a: Celebi","|-supereffective|p1a: Celebi","|-damage|p1a: Celebi|197/401","|move|p1a: Celebi|Hidden Power|p2a: Gengar","|-damage|p2a: Gengar|52/263","|","|-heal|p2a: Gengar|68/263|[from] item: Leftovers","|-heal|p1a: Celebi|222/401|[from] item: Leftovers","|upkeep","|turn|40","||adding 10 for new turn","|","|t:|1753056270","|switch|p2a: Celebi|Celebi|393/393","|move|p1a: Celebi|Hidden Power|p2a: Celebi","|-damage|p2a: Celebi|296/393","|","|-heal|p1a: Celebi|247/401|[from] item: Leftovers","|-heal|p2a: Celebi|320/393|[from] item: Leftovers","|upkeep","|turn|41","||adding 10 for new turn","|","|t:|1753056272","|move|p1a: Celebi|Recover|p1a: Celebi","|-heal|p1a: Celebi|401/401","|move|p2a: Celebi|Calm Mind|p2a: Celebi","|-boost|p2a: Celebi|spa|1","|-boost|p2a: Celebi|spd|1","|","|-heal|p2a: Celebi|344/393|[from] item: Leftovers","|upkeep","|turn|42","||adding 10 for new turn","|","|t:|1753056274","|move|p1a: Celebi|Baton Pass|p1a: Celebi","||adding 5 to each for mid turn request","|","|t:|1753056275","|switch|p1a: Gyarados|Gyarados, F|330/330|[from] Baton Pass","|-ability|p1a: Gyarados|Intimidate|boost","|-unboost|p2a: Celebi|atk|1","|move|p2a: Celebi|Baton Pass|p2a: Celebi","||adding 5 to each for mid turn request","|","|t:|1753056276","|switch|p2a: Gengar|Gengar, F|68/263|[from] Baton Pass","|","|-heal|p2a: Gengar|84/263|[from] item: Leftovers","|upkeep","|turn|43","||adding 10 for new turn","|","|t:|1753056277","|switch|p1a: Milotic|Milotic, F|176/393 par","|move|p2a: Gengar|Thunderbolt|p1a: Milotic","|-supereffective|p1a: Milotic","|-damage|p1a: Milotic|0 fnt","|faint|p1a: Milotic","||adding 5 to each for mid turn request","|","|t:|1753056279","|switch|p1a: Magneton|Magneton|170/277","|","|-heal|p2a: Gengar|100/263|[from] item: Leftovers","|-heal|p1a: Magneton|187/277|[from] item: Leftovers","|upkeep","|turn|44","||adding 10 for new turn","|","|t:|1753056280","|move|p2a: Gengar|Giga Drain|p1a: Magneton","|-resisted|p1a: Magneton","|-crit|p1a: Magneton","|-damage|p1a: Magneton|51/277","|-heal|p2a: Gengar|168/263|[from] drain|[of] p1a: Magneton","|move|p1a: Magneton|Thunderbolt|p2a: Gengar","|-damage|p2a: Gengar|39/263","|","|-heal|p2a: Gengar|55/263|[from] item: Leftovers","|-heal|p1a: Magneton|68/277|[from] item: Leftovers","|upkeep","|turn|45","||adding 10 for new turn","|","|t:|1753056282","|move|p2a: Gengar|Ice Punch|p1a: Magneton","|-resisted|p1a: Magneton","|-damage|p1a: Magneton|0 fnt","|faint|p1a: Magneton","||adding 5 to each for mid turn request","|","|t:|1753056283","|switch|p1a: Celebi|Celebi|401/401","|","|-heal|p2a: Gengar|71/263|[from] item: Leftovers","|upkeep","|turn|46","||adding 10 for new turn","|","|t:|1753056284","|move|p2a: Gengar|Ice Punch|p1a: Celebi","|-supereffective|p1a: Celebi","|-damage|p1a: Celebi|159/401","|move|p1a: Celebi|Hidden Power|p2a: Gengar","|-damage|p2a: Gengar|11/263","|","|-heal|p2a: Gengar|27/263|[from] item: Leftovers","|-heal|p1a: Celebi|184/401|[from] item: Leftovers","|upkeep","|turn|47","||adding 10 for new turn","|","|t:|1753056285","|switch|p1a: Gyarados|Gyarados, F|330/330","|-ability|p1a: Gyarados|Intimidate|boost","|-unboost|p2a: Gengar|atk|1","|move|p2a: Gengar|Ice Punch|p1a: Gyarados","|-damage|p1a: Gyarados|213/330","|","|-heal|p2a: Gengar|43/263|[from] item: Leftovers","|-heal|p1a: Gyarados|233/330|[from] item: Leftovers","|upkeep","|turn|48","||adding 10 for new turn","|","|t:|1753056286","|switch|p1a: Celebi|Celebi|184/401","|move|p2a: Gengar|Thunderbolt|p1a: Celebi","|-resisted|p1a: Celebi","|-damage|p1a: Celebi|111/401","|-status|p1a: Celebi|par","|","|-heal|p2a: Gengar|59/263|[from] item: Leftovers","|-heal|p1a: Celebi|136/401 par|[from] item: Leftovers","|upkeep","|turn|49","||adding 10 for new turn","|","|t:|1753056288","|-curestatus|p1a: Celebi|par|[from] ability: Natural Cure","|switch|p1a: Gyarados|Gyarados, F|233/330","|-ability|p1a: Gyarados|Intimidate|boost","|-unboost|p2a: Gengar|atk|1","|move|p2a: Gengar|Ice Punch|p1a: Gyarados","|-damage|p1a: Gyarados|120/330","|","|-heal|p2a: Gengar|75/263|[from] item: Leftovers","|-heal|p1a: Gyarados|140/330|[from] item: Leftovers","|upkeep","|turn|50","||adding 10 for new turn","|","|t:|1753056289","|switch|p1a: Celebi|Celebi|136/401","|move|p2a: Gengar|Thunderbolt|p1a: Celebi","|-resisted|p1a: Celebi","|-damage|p1a: Celebi|61/401","|","|-heal|p2a: Gengar|91/263|[from] item: Leftovers","|-heal|p1a: Celebi|86/401|[from] item: Leftovers","|upkeep","|turn|51","||adding 10 for new turn","|","|t:|1753056290","|switch|p1a: Gyarados|Gyarados, F|140/330","|-ability|p1a: Gyarados|Intimidate|boost","|-unboost|p2a: Gengar|atk|1","|move|p2a: Gengar|Ice Punch|p1a: Gyarados","|-damage|p1a: Gyarados|24/330","|","|-heal|p2a: Gengar|107/263|[from] item: Leftovers","|-heal|p1a: Gyarados|44/330|[from] item: Leftovers","|upkeep","|turn|52","||adding 10 for new turn","|","|t:|1753056292","|move|p2a: Gengar|Ice Punch|p1a: Gyarados","|-damage|p1a: Gyarados|0 fnt","|faint|p1a: Gyarados","||adding 5 to each for mid turn request","|","|t:|1753056292","|switch|p1a: Heracross|Heracross, M|76/337","|","|-heal|p2a: Gengar|123/263|[from] item: Leftovers","|-heal|p1a: Heracross|97/337|[from] item: Leftovers","|upkeep","|turn|53","||adding 10 for new turn","|","|t:|1753056294","|move|p2a: Gengar|Ice Punch|p1a: Heracross","|-damage|p1a: Heracross|0 fnt","|faint|p1a: Heracross","||adding 5 to each for mid turn request","|","|t:|1753056295","|switch|p1a: Celebi|Celebi|86/401","|","|-heal|p2a: Gengar|139/263|[from] item: Leftovers","|-heal|p1a: Celebi|111/401|[from] item: Leftovers","|upkeep","|turn|54","||adding 10 for new turn","|","|t:|1753056296","|move|p2a: Gengar|Ice Punch|p1a: Celebi","|-supereffective|p1a: Celebi","|-damage|p1a: Celebi|0 fnt","|faint|p1a: Celebi","|","|win|foultestacceptor1",""],"p1rating":null,"p2rating":null,"endType":"normal","ladderError":true,"timestamp":"Sun Jul 20 2025 17:04:56 GMT-0700 (アメリカ太平洋夏時間)","roomid":"battle-gen3ou-1070","format":"gen3ou"}