{"winner":"foultestchallenge1","seed":"sodium,bab9aa5a5c8729f2549f8b886f1c2f6a","turns":188,"p1":"foultestchallenge1","p2":"foultestacceptor1","p1team":[{"name":"Dugtrio","species":"Dugtrio","item":"Choice Band","ability":"Arena Trap","moves":["Earthquake","Hidden Power Bug","Aerial Ace","Sunny Day"],"nature":"Adamant","evs":{"hp":96,"atk":168,"def":20,"spa":0,"spd":0,"spe":224},"gender":"F","ivs":{"hp":31,"atk":30,"def":30,"spa":31,"spd":30,"spe":31},"happiness":255,"hpType":"Bug","pokeball":"","gigantamax":false,"dynamaxLevel":10,"teraType":"","level":100},{"name":"Forretress","species":"Forretress","item":"Leftovers","ability":"Sturdy","moves":["Spikes","Zap Cannon","Explosion","Hidden Power Bug"],"nature":"Careful","evs":{"hp":252,"atk":0,"def":4,"spa":0,"spd":252,"spe":0},"gender":"F","ivs":{"hp":31,"atk":30,"def":30,"spa":31,"spd":30,"spe":31},"happiness":255,"hpType":"Bug","pokeball":"","gigantamax":false,"dynamaxLevel":10,"teraType":"","level":100},{"name":"Snorlax","species":"Snorlax","item":"Leftovers","ability":"Immunity","moves":["Return","Curse","Rest","Shadow Ball"],"nature":"Careful","evs":{"hp":144,"atk":96,"def":132,"spa":0,"spd":136,"spe":0},"gender":"F","level":100,"ivs":{"hp":31,"atk":31,"def":31,"spa":31,"spd":31,"spe":31}},{"name":"Suicune","species":"Suicune","item":"Leftovers","ability":"Pressure","moves":["Calm Mind","Rest","Ice Beam","Surf"],"nature":"Bold","evs":{"hp":240,"atk":0,"def":252,"spa":0,"spd":0,"spe":16},"gender":"N","ivs":{"hp":31,"atk":0,"def":31,"spa":31,"spd":31,"spe":31},"level":100},{"name":"Claydol","species":"Claydol","item":"Leftovers","ability":"Levitate","moves":["Earthquake","Psychic","Rapid Spin","Rest"],"nature":"Lonely","evs":{"hp":252,"atk":224,"def":0,"spa":24,"spd":0,"spe":8},"gender":"N","level":100,"ivs":{"hp":31,"atk":31,"def":31,"spa":31,"spd":31,"spe":31}},{"name":"Blissey","species":"Blissey","item":"Leftovers","ability":"Natural Cure","moves":["Soft-Boiled","Seismic Toss","Thunder Wave","Aromatherapy"],"nature":"Bold","evs":{"hp":252,"atk":0,"def":252,"spa":0,"spd":0,"spe":4},"gender":"F","ivs":{"hp":31,"atk":0,"def":31,"spa":31,"spd":31,"spe":31},"level":100}],"p2team":[{"name":"Tyranitar","species":"Tyranitar","item":"Leftovers","ability":"Sand Stream","moves":["Rock Slide","Earthquake","Hidden Power Bug","Roar"],"nature":"Adamant","evs":{"hp":184,"atk":196,"def":120,"spa":0,"spd":0,"spe":8},"gender":"F","ivs":{"hp":31,"atk":30,"def":30,"spa":31,"spd":30,"spe":31},"happiness":255,"hpType":"Bug","pokeball":"","gigantamax":false,"dynamaxLevel":10,"teraType":"","level":100},{"name":"Milotic","species":"Milotic","item":"Leftovers","ability":"Marvel Scale","moves":["Surf","Toxic","Recover","Refresh"],"nature":"Bold","evs":{"hp":248,"atk":0,"def":212,"spa":0,"spd":0,"spe":48},"gender":"M","ivs":{"hp":31,"atk":0,"def":31,"spa":31,"spd":31,"spe":31},"level":100},{"name":"Blissey","species":"Blissey","item":"Leftovers","ability":"Natural Cure","moves":["Seismic Toss","Ice Beam","Thunder Wave","Soft-Boiled"],"nature":"Bold","evs":{"hp":40,"atk":0,"def":244,"spa":208,"spd":0,"spe":16},"gender":"F","level":100,"ivs":{"hp":31,"atk":31,"def":31,"spa":31,"spd":31,"spe":31}},{"name":"Skarmory","species":"Skarmory","item":"Leftovers","ability":"Keen Eye","moves":["Drill Peck","Toxic","Spikes","Roar"],"nature":"Careful","evs":{"hp":248,"atk":0,"def":0,"spa":0,"spd":236,"spe":24},"gender":"M","level":100,"ivs":{"hp":31,"atk":31,"def":31,"spa":31,"spd":31,"spe":31}},{"name":"Claydol","species":"Claydol","item":"Leftovers","ability":"Levitate","moves":["Earthquake","Psychic","Refresh","Rapid Spin"],"nature":"Adamant","evs":{"hp":224,"atk":228,"def":0,"spa":36,"spd":0,"spe":20},"gender":"N","level":100,"ivs":{"hp":31,"atk":31,"def":31,"spa":31,"spd":31,"spe":31}},{"name":"Dugtrio","species":"Dugtrio","item":"Choice Band","ability":"Arena Trap","moves":["Earthquake","Aerial Ace","Hidden Power Bug","Screech"],"nature":"Jolly","evs":{"hp":0,"atk":252,"def":0,"spa":0,"spd":4,"spe":252},"gender":"F","ivs":{"hp":31,"atk":30,"def":30,"spa":31,"spd":30,"spe":31},"happiness":255,"hpType":"Bug","pokeball":"","gigantamax":false,"dynamaxLevel":10,"teraType":"","level":100}],"score":[4,0],"inputLog":[">version 372d05e49c92a79eecdf6c8dddb208bd1765c00f",">start {\"formatid\":\"gen3ou\",\"seed\":\"sodium,bab9aa5a5c8729f2549f8b886f1c2f6a\"}",">player p1 {\"name\":\"foultestchallenge1\",\"avatar\":\"169\",\"team\":\"Dugtrio||ChoiceBand|ArenaTrap|Earthquake,HiddenPowerBug,AerialAce,SunnyDay|Adamant|96,168,20,,,224|F|,30,30,,30,|||,Bug,,,,]Forretress||Leftovers|Sturdy|Spikes,ZapCannon,Explosion,HiddenPowerBug|Careful|252,,4,,252,|F|,30,30,,30,|||,Bug,,,,]Snorlax||Leftovers|Immunity|Return,Curse,Rest,ShadowBall|Careful|144,96,132,,136,|F||||]Suicune||Leftovers|Pressure|CalmMind,Rest,IceBeam,Surf|Bold|240,,252,,,16|N|,0,,,,|||]Claydol||Leftovers|Levitate|Earthquake,Psychic,RapidSpin,Rest|Lonely|252,224,,24,,8|N||||]Blissey||Leftovers|NaturalCure|SoftBoiled,SeismicToss,ThunderWave,Aromatherapy|Bold|252,,252,,,4|F|,0,,,,|||\",\"rating\":0}",">player p2 {\"name\":\"foultestacceptor1\",\"avatar\":\"102\",\"team\":\"Tyranitar||Leftovers|SandStream|RockSlide,Earthquake,HiddenPowerBug,Roar|Adamant|184,196,120,,,8|F|,30,30,,30,|||,Bug,,,,]Milotic||Leftovers|MarvelScale|Surf,Toxic,Recover,Refresh|Bold|248,,212,,,48|M|,0,,,,|||]Blissey||Leftovers|NaturalCure|SeismicToss,IceBeam,ThunderWave,SoftBoiled|Bold|40,,244,208,,16|F||||]Skarmory||Leftovers|KeenEye|DrillPeck,Toxic,Spikes,Roar|Careful|248,,,,236,24|M||||]Claydol||Leftovers|Levitate|Earthquake,Psychic,Refresh,RapidSpin|Adamant|224,228,,36,,20|N||||]Dugtrio||ChoiceBand|ArenaTrap|Earthquake,AerialAce,HiddenPowerBug,Screech|Jolly|,252,,,4,252|F|,30,30,,30,|||,Bug,,,,\",\"rating\":0}",">p1 move earthquake",">p2 move earthquake",">p1 move earthquake",">p2 move rockslide",">p2 switch 4",">p1 switch 2",">p2 move spikes",">p1 move spikes",">p2 move roar",">p1 move rapidspin",">p2 move toxic",">p1 switch 6",">p2 move spikes",">p1 move thunderwave",">p2 move spikes",">p1 move aromatherapy",">p2 move spikes",">p1 switch 6",">p2 move roar",">p1 switch 2",">p1 move rapidspin",">p2 move toxic",">p1 switch 4",">p2 move spikes",">p1 move calmmind",">p2 move toxic",">p1 move surf",">p2 switch 3",">p1 move calmmind",">p2 move softboiled",">p1 move rest",">p2 move softboiled",">p1 move surf",">p2 move seismictoss",">p1 move rest",">p2 move seismictoss",">p1 move surf",">p2 move seismictoss",">p1 move rest",">p2 move seismictoss",">p1 move icebeam",">p2 move seismictoss",">p1 move surf",">p2 move softboiled",">p1 move surf",">p2 move seismictoss",">p1 move rest",">p2 move seismictoss",">p1 move icebeam",">p2 move seismictoss",">p1 move icebeam",">p2 move softboiled",">p1 move surf",">p2 move seismictoss",">p1 move rest",">p2 move seismictoss",">p1 move rest",">p2 move seismictoss",">p1 move calmmind",">p2 move softboiled",">p1 move surf",">p2 move seismictoss",">p1 move rest",">p2 move seismictoss",">p1 move icebeam",">p2 move seismictoss",">p1 move calmmind",">p2 move softboiled",">p1 move surf",">p2 move seismictoss",">p1 move rest",">p2 move softboiled",">p1 move calmmind",">p2 switch 5",">p1 move rest",">p2 move rapidspin",">p1 move surf",">p2 switch 2",">p1 move calmmind",">p2 move toxic",">p1 move surf",">p2 move recover",">p1 move surf",">p2 move recover",">p1 move rest",">p2 move recover",">p1 move calmmind",">p2 switch 3",">p1 move calmmind",">p2 move roar",">p1 move surf",">p2 switch 3",">p1 move surf",">p2 move toxic",">p1 move rest",">p2 move recover",">p1 move calmmind",">p2 switch 3",">p1 move icebeam",">p2 move spikes",">p1 move surf",">p2 switch 3",">p1 move surf",">p2 move toxic",">p1 move icebeam",">p2 move recover",">p1 move surf",">p2 move toxic",">p1 move rest",">p2 move recover",">p1 switch 4",">p2 switch 3",">p1 move rapidspin",">p2 move spikes",">p1 move rapidspin",">p2 move roar",">p1 switch 6",">p2 move spikes",">p1 move aromatherapy",">p2 move spikes",">p1 switch 4",">p2 move roar",">p1 switch 4",">p2 move roar",">p1 move rapidspin",">p2 move toxic",">p1 switch 5",">p2 move spikes",">p1 move spikes",">p2 move spikes",">p1 switch 5",">p2 move spikes",">p1 move rapidspin",">p2 move spikes",">p1 move rapidspin",">p2 move roar",">p1 move spikes",">p2 move spikes",">p1 move spikes",">p2 switch 2",">p1 move hiddenpower",">p2 move rapidspin",">p1 move spikes",">p2 move earthquake",">p1 move hiddenpower",">p2 switch 2",">p1 move spikes",">p2 move spikes",">p1 move spikes",">p2 move spikes",">p1 switch 5",">p2 move spikes",">p1 move rapidspin",">p2 move spikes",">p1 move rapidspin",">p2 move spikes",">p1 move rapidspin",">p2 move spikes",">p1 move rapidspin",">p2 move spikes",">p1 move rest",">p2 move spikes",">p1 switch 5",">p2 move roar",">p1 move calmmind",">p2 move roar",">p1 move curse",">p2 move drillpeck",">p1 move return",">p2 move spikes",">p1 move return",">p2 move spikes",">p1 move return",">p2 move roar",">p1 move rest",">p2 move roar",">p1 move return",">p2 move drillpeck",">p1 move rest",">p2 move drillpeck",">p1 switch 5",">p2 move roar",">p1 move surf",">p2 move roar",">p1 move psychic",">p2 move roar",">p1 move surf",">p2 move roar",">p1 move softboiled",">p2 move drillpeck",">p1 move aromatherapy",">p2 move drillpeck",">p1 switch 3",">p2 switch 2",">p1 move rapidspin",">p2 move rapidspin",">p1 switch 4",">p2 move earthquake",">p1 move surf",">p2 switch 5",">p1 move rest",">p2 move seismictoss",">p1 switch 3",">p2 switch 2",">p1 move seismictoss",">p2 move spikes",">p1 move seismictoss",">p2 switch 2",">p1 move aromatherapy",">p2 move softboiled",">p1 move softboiled",">p2 move thunderwave",">p1 move seismictoss",">p2 move thunderwave",">p1 move softboiled",">p2 move thunderwave",">p1 move seismictoss",">p2 move thunderwave",">p1 switch 4",">p2 move thunderwave",">p1 move rapidspin",">p2 move icebeam",">p1 switch 6",">p2 move icebeam",">p1 move spikes",">p2 move thunderwave",">p1 move spikes",">p2 switch 2",">p1 switch 3",">p2 move spikes",">p1 move surf",">p2 switch 2",">p1 move calmmind",">p2 move thunderwave",">p1 move calmmind",">p2 move softboiled",">p1 move icebeam",">p2 move icebeam",">p1 move surf",">p2 move icebeam",">p1 move calmmind",">p2 move softboiled",">p1 move surf",">p2 move icebeam",">p1 move icebeam",">p2 move softboiled",">p1 move calmmind",">p2 move softboiled",">p1 move surf",">p2 switch 3",">p1 move icebeam",">p2 move recover",">p1 move icebeam",">p2 move recover",">p1 move icebeam",">p2 move surf",">p1 move icebeam",">p2 move surf",">p1 move icebeam",">p2 move surf",">p1 move icebeam",">p2 switch 3",">p1 move surf",">p2 move softboiled",">p1 move icebeam",">p2 move softboiled",">p2 switch 3",">p1 move icebeam",">p2 move recover",">p1 move icebeam",">p2 move recover",">p1 move icebeam",">p2 move surf",">p1 move icebeam",">p2 move recover",">p1 move icebeam",">p2 move recover",">p1 move icebeam",">p2 move recover",">p1 move surf",">p2 move recover",">p1 move icebeam",">p2 move recover",">p1 move icebeam",">p2 move recover",">p1 move icebeam",">p2 move recover",">p1 move icebeam",">p2 move recover",">p1 move icebeam",">p2 move recover",">p1 move icebeam",">p2 move recover",">p1 move icebeam",">p2 move recover",">p1 move calmmind",">p2 move recover",">p1 move calmmind",">p2 move recover",">p1 move icebeam",">p2 move surf",">p1 move icebeam",">p2 switch 2",">p2 switch 6",">p1 move icebeam",">p2 move earthquake",">p1 switch 5",">p1 move return",">p2 move earthquake",">p2 switch 5",">p1 switch 6",">p2 switch 2",">p1 switch 4",">p2 move surf",">p1 move seismictoss",">p2 switch 2",">p1 switch 4",">p2 move earthquake",">p1 move rapidspin",">p2 move rapidspin",">p1 move psychic",">p2 switch 2",">p1 switch 4",">p2 move recover",">p1 move seismictoss",">p2 move surf",">p1 move seismictoss",">p2 move recover",">p1 move seismictoss",">p2 move recover",">p1 move seismictoss",">p2 move recover",">p1 move seismictoss",">p2 move recover",">p1 move seismictoss",">p2 move recover",">p1 move softboiled",">p2 move recover",">p1 move seismictoss",">p2 move surf",">p1 move seismictoss",">p2 move recover",">p1 move seismictoss",">p2 move recover",">p1 move seismictoss",">p2 move recover",">p1 move aromatherapy",">p2 move recover",">p1 move seismictoss",">p2 move toxic",">p1 move aromatherapy",">p2 move recover",">p1 move seismictoss",">p2 move toxic",">p1 move aromatherapy",">p2 move recover",">p1 move softboiled",">p2 move toxic",">p1 move aromatherapy",">p2 move surf",">p1 move thunderwave",">p2 move toxic",">p1 switch 3",">p2 move surf",">p1 switch 3",">p2 move refresh",">p1 move softboiled",">p2 move toxic",">p1 move seismictoss",">p2 move surf",">p1 move seismictoss",">p2 move surf",">p1 move seismictoss",">p2 move recover",">p1 move seismictoss",">p2 switch 2",">p1 move seismictoss",">p2 move earthquake",">p1 move seismictoss",">p2 move earthquake",">p2 switch 2",">p1 move seismictoss",">p2 move recover"],"log":["|j|☆foultestchallenge1","|j|☆foultestacceptor1","|t:|1753078537","|gametype|singles","|player|p1|foultestchallenge1|169|","|player|p2|foultestacceptor1|102|","|teamsize|p1|6","|teamsize|p2|6","|gen|3","|tier|[Gen 3] OU","|rule|Sleep Clause Mod: Limit one foe put to sleep","|rule|Switch Priority Clause Mod: Faster Pokémon switch first","|rule|Species Clause: Limit one of each Pokémon","|rule|OHKO Clause: OHKO moves are banned","|rule|Evasion Items Clause: Evasion items are banned","|rule|Evasion Moves Clause: Evasion moves are banned","|rule|Endless Battle Clause: Forcing endless battles is banned","|rule|HP Percentage Mod: HP is shown in percentages","|rule|One Boost Passer Clause: Limit one Baton Passer that has a way to boost its stats","|rule|Freeze Clause Mod: Limit one foe frozen","|","|t:|1753078537","|start","|switch|p1a: Dugtrio|Dugtrio, F|235/235","|switch|p2a: Tyranitar|Tyranitar, F|387/387","|-weather|Sandstorm|[from] ability: Sand Stream|[of] p2a: Tyranitar","|turn|1","|inactive|Battle timer is ON: inactive players will automatically lose when time's up. (requested by foultestacceptor1)","|inactive|foultestchallenge1 also wants the timer to be on.","|","|t:|1753078546","|move|p1a: Dugtrio|Earthquake|p2a: Tyranitar","|-supereffective|p2a: Tyranitar","|-damage|p2a: Tyranitar|92/387","|move|p2a: Tyranitar|Earthquake|p1a: Dugtrio","|-damage|p1a: Dugtrio|32/235","|","|-weather|Sandstorm|[upkeep]","|-heal|p2a: Tyranitar|116/387|[from] item: Leftovers","|upkeep","|turn|2","||adding 10 for new turn","|","|t:|1753078556","|move|p1a: Dugtrio|Earthquake|p2a: Tyranitar","|-supereffective|p2a: Tyranitar","|-damage|p2a: Tyranitar|0 fnt","|faint|p2a: Tyranitar","||adding 5 to each for mid turn request","|","|t:|1753078564","|switch|p2a: Skarmory|Skarmory, M|333/333","|","|-weather|Sandstorm|[upkeep]","|upkeep","|turn|3","||adding 10 for new turn","|","|t:|1753078572","|switch|p1a: Forretress|Forretress, F|354/354","|move|p2a: Skarmory|Spikes|p1a: Forretress","|-sidestart|p1: foultestchallenge1|Spikes","|","|-weather|Sandstorm|[upkeep]","|upkeep","|turn|4","||adding 10 for new turn","|","|t:|1753078580","|move|p1a: Forretress|Spikes|p2a: Skarmory","|-sidestart|p2: foultestacceptor1|Spikes","|move|p2a: Skarmory|Roar|p1a: Forretress","|drag|p1a: Claydol|Claydol|324/324","|","|-weather|Sandstorm|[upkeep]","|upkeep","|turn|5","||adding 10 for new turn","|","|t:|1753078588","|move|p1a: Claydol|Rapid Spin|p2a: Skarmory","|-resisted|p2a: Skarmory","|-damage|p2a: Skarmory|328/333","|-sideend|p1: foultestchallenge1|Spikes|[from] move: Rapid Spin|[of] p1a: Claydol","|move|p2a: Skarmory|Toxic|p1a: Claydol","|-status|p1a: Claydol|tox","|","|-weather|Sandstorm|[upkeep]","|-damage|p1a: Claydol|304/324 tox|[from] psn","|-heal|p2a: Skarmory|333/333|[from] item: Leftovers","|upkeep","|turn|6","||adding 10 for new turn","|","|t:|1753078597","|switch|p1a: Blissey|Blissey, F|714/714","|move|p2a: Skarmory|Spikes|p1a: Blissey","|-sidestart|p1: foultestchallenge1|Spikes","|","|-weather|Sandstorm|[upkeep]","|-damage|p1a: Blissey|670/714|[from] Sandstorm","|-heal|p1a: Blissey|714/714|[from] item: Leftovers","|upkeep","|turn|7","||adding 10 for new turn","|","|t:|1753078605","|move|p2a: Skarmory|Spikes|p1a: Blissey","|-sidestart|p1: foultestchallenge1|Spikes","|move|p1a: Blissey|Thunder Wave|p2a: Skarmory","|-status|p2a: Skarmory|par","|","|-weather|Sandstorm|[upkeep]","|-damage|p1a: Blissey|670/714|[from] Sandstorm","|-heal|p1a: Blissey|714/714|[from] item: Leftovers","|upkeep","|turn|8","||adding 10 for new turn","|","|t:|1753078613","|move|p1a: Blissey|Aromatherapy|p1a: Blissey","|-cureteam|p1a: Blissey|[from] move: Aromatherapy","|move|p2a: Skarmory|Spikes|p1a: Blissey","|-sidestart|p1: foultestchallenge1|Spikes","|","|-weather|Sandstorm|[upkeep]","|-damage|p1a: Blissey|670/714|[from] Sandstorm","|-heal|p1a: Blissey|714/714|[from] item: Leftovers","|upkeep","|turn|9","||adding 10 for new turn","|","|t:|1753078621","|switch|p1a: Claydol|Claydol|304/324","|move|p2a: Skarmory|Roar|p1a: Claydol","|drag|p1a: Dugtrio|Dugtrio, F|32/235","|-damage|p1a: Dugtrio|0 fnt|[from] Spikes","|faint|p1a: Dugtrio","||adding 5 to each for mid turn request","|","|t:|1753078626","|switch|p1a: Claydol|Claydol|304/324","|","|-weather|Sandstorm|[upkeep]","|-heal|p1a: Claydol|324/324|[from] item: Leftovers","|upkeep","|turn|10","||adding 10 for new turn","|","|t:|1753078634","|move|p1a: Claydol|Rapid Spin|p2a: Skarmory","|-resisted|p2a: Skarmory","|-damage|p2a: Skarmory|327/333 par","|-sideend|p1: foultestchallenge1|Spikes|[from] move: Rapid Spin|[of] p1a: Claydol","|move|p2a: Skarmory|Toxic|p1a: Claydol","|-status|p1a: Claydol|tox","|","|-weather|Sandstorm|[upkeep]","|-damage|p1a: Claydol|304/324 tox|[from] psn","|-heal|p2a: Skarmory|333/333 par|[from] item: Leftovers","|upkeep","|turn|11","||adding 10 for new turn","|","|t:|1753078642","|switch|p1a: Suicune|Suicune|401/401","|-ability|p1a: Suicune|Pressure|[silent]","|move|p2a: Skarmory|Spikes|p1a: Suicune","|-sidestart|p1: foultestchallenge1|Spikes","|","|-weather|Sandstorm|[upkeep]","|-damage|p1a: Suicune|376/401|[from] Sandstorm","|-heal|p1a: Suicune|401/401|[from] item: Leftovers","|upkeep","|turn|12","||adding 10 for new turn","|","|t:|1753078650","|move|p1a: Suicune|Calm Mind|p1a: Suicune","|-boost|p1a: Suicune|spa|1","|-boost|p1a: Suicune|spd|1","|move|p2a: Skarmory|Toxic|p1a: Suicune","|-status|p1a: Suicune|tox","|","|-weather|Sandstorm|[upkeep]","|-damage|p1a: Suicune|376/401 tox|[from] Sandstorm","|-heal|p1a: Suicune|401/401 tox|[from] item: Leftovers","|-damage|p1a: Suicune|376/401 tox|[from] psn","|upkeep","|turn|13","||adding 10 for new turn","|","|t:|1753078658","|switch|p2a: Blissey|Blissey, F|661/661","|-damage|p2a: Blissey|579/661|[from] Spikes","|move|p1a: Suicune|Surf|p2a: Blissey","|-damage|p2a: Blissey|450/661","|","|-weather|Sandstorm|[upkeep]","|-damage|p1a: Suicune|351/401 tox|[from] Sandstorm","|-damage|p2a: Blissey|409/661|[from] Sandstorm","|-heal|p1a: Suicune|376/401 tox|[from] item: Leftovers","|-damage|p1a: Suicune|326/401 tox|[from] psn","|-heal|p2a: Blissey|450/661|[from] item: Leftovers","|upkeep","|turn|14","||adding 10 for new turn","|","|t:|1753078667","|move|p1a: Suicune|Calm Mind|p1a: Suicune","|-boost|p1a: Suicune|spa|1","|-boost|p1a: Suicune|spd|1","|move|p2a: Blissey|Soft-Boiled|p2a: Blissey","|-heal|p2a: Blissey|661/661","|","|-weather|Sandstorm|[upkeep]","|-damage|p1a: Suicune|301/401 tox|[from] Sandstorm","|-damage|p2a: Blissey|620/661|[from] Sandstorm","|-heal|p1a: Suicune|326/401 tox|[from] item: Leftovers","|-damage|p1a: Suicune|251/401 tox|[from] psn","|-heal|p2a: Blissey|661/661|[from] item: Leftovers","|upkeep","|turn|15","||adding 10 for new turn","|","|t:|1753078675","|move|p1a: Suicune|Rest|p1a: Suicune","|-status|p1a: Suicune|slp|[from] move: Rest","|-heal|p1a: Suicune|401/401 slp|[silent]","|move|p2a: Blissey|Soft-Boiled||[still]","|-fail|p2a: Blissey|heal","|","|-weather|Sandstorm|[upkeep]","|-damage|p1a: Suicune|376/401 slp|[from] Sandstorm","|-damage|p2a: Blissey|620/661|[from] Sandstorm","|-heal|p1a: Suicune|401/401 slp|[from] item: Leftovers","|-heal|p2a: Blissey|661/661|[from] item: Leftovers","|upkeep","|turn|16","||adding 10 for new turn","|","|t:|1753078683","|cant|p1a: Suicune|slp","|move|p2a: Blissey|Seismic Toss|p1a: Suicune","|-damage|p1a: Suicune|301/401 slp","|","|-weather|Sandstorm|[upkeep]","|-damage|p1a: Suicune|276/401 slp|[from] Sandstorm","|-damage|p2a: Blissey|620/661|[from] Sandstorm","|-heal|p1a: Suicune|301/401 slp|[from] item: Leftovers","|-heal|p2a: Blissey|661/661|[from] item: Leftovers","|upkeep","|turn|17","||adding 10 for new turn","|","|t:|1753078692","|cant|p1a: Suicune|slp","|move|p2a: Blissey|Seismic Toss|p1a: Suicune","|-damage|p1a: Suicune|201/401 slp","|","|-weather|Sandstorm|[upkeep]","|-damage|p1a: Suicune|176/401 slp|[from] Sandstorm","|-damage|p2a: Blissey|620/661|[from] Sandstorm","|-heal|p1a: Suicune|201/401 slp|[from] item: Leftovers","|-heal|p2a: Blissey|661/661|[from] item: Leftovers","|upkeep","|turn|18","||adding 10 for new turn","|","|t:|1753078701","|-curestatus|p1a: Suicune|slp|[msg]","|move|p1a: Suicune|Surf|p2a: Blissey","|-damage|p2a: Blissey|492/661","|move|p2a: Blissey|Seismic Toss|p1a: Suicune","|-damage|p1a: Suicune|101/401","|","|-weather|Sandstorm|[upkeep]","|-damage|p1a: Suicune|76/401|[from] Sandstorm","|-damage|p2a: Blissey|451/661|[from] Sandstorm","|-heal|p1a: Suicune|101/401|[from] item: Leftovers","|-heal|p2a: Blissey|492/661|[from] item: Leftovers","|upkeep","|turn|19","||adding 10 for new turn","|","|t:|1753078710","|move|p1a: Suicune|Rest|p1a: Suicune","|-status|p1a: Suicune|slp|[from] move: Rest","|-heal|p1a: Suicune|401/401 slp|[silent]","|move|p2a: Blissey|Seismic Toss|p1a: Suicune","|-damage|p1a: Suicune|301/401 slp","|","|-weather|Sandstorm|[upkeep]","|-damage|p1a: Suicune|276/401 slp|[from] Sandstorm","|-damage|p2a: Blissey|451/661|[from] Sandstorm","|-heal|p1a: Suicune|301/401 slp|[from] item: Leftovers","|-heal|p2a: Blissey|492/661|[from] item: Leftovers","|upkeep","|turn|20","||adding 10 for new turn","|","|t:|1753078719","|cant|p1a: Suicune|slp","|move|p2a: Blissey|Seismic Toss|p1a: Suicune","|-damage|p1a: Suicune|201/401 slp","|","|-weather|Sandstorm|[upkeep]","|-damage|p1a: Suicune|176/401 slp|[from] Sandstorm","|-damage|p2a: Blissey|451/661|[from] Sandstorm","|-heal|p1a: Suicune|201/401 slp|[from] item: Leftovers","|-heal|p2a: Blissey|492/661|[from] item: Leftovers","|upkeep","|turn|21","||adding 10 for new turn","|","|t:|1753078728","|cant|p1a: Suicune|slp","|move|p2a: Blissey|Soft-Boiled|p2a: Blissey","|-heal|p2a: Blissey|661/661","|","|-weather|Sandstorm|[upkeep]","|-damage|p1a: Suicune|176/401 slp|[from] Sandstorm","|-damage|p2a: Blissey|620/661|[from] Sandstorm","|-heal|p1a: Suicune|201/401 slp|[from] item: Leftovers","|-heal|p2a: Blissey|661/661|[from] item: Leftovers","|upkeep","|turn|22","||adding 10 for new turn","|","|t:|1753078736","|-curestatus|p1a: Suicune|slp|[msg]","|move|p1a: Suicune|Surf|p2a: Blissey","|-damage|p2a: Blissey|506/661","|move|p2a: Blissey|Seismic Toss|p1a: Suicune","|-damage|p1a: Suicune|101/401","|","|-weather|Sandstorm|[upkeep]","|-damage|p1a: Suicune|76/401|[from] Sandstorm","|-damage|p2a: Blissey|465/661|[from] Sandstorm","|-heal|p1a: Suicune|101/401|[from] item: Leftovers","|-heal|p2a: Blissey|506/661|[from] item: Leftovers","|upkeep","|turn|23","||adding 10 for new turn","|","|t:|1753078746","|move|p1a: Suicune|Rest|p1a: Suicune","|-status|p1a: Suicune|slp|[from] move: Rest","|-heal|p1a: Suicune|401/401 slp|[silent]","|move|p2a: Blissey|Seismic Toss|p1a: Suicune","|-damage|p1a: Suicune|301/401 slp","|","|-weather|Sandstorm|[upkeep]","|-damage|p1a: Suicune|276/401 slp|[from] Sandstorm","|-damage|p2a: Blissey|465/661|[from] Sandstorm","|-heal|p1a: Suicune|301/401 slp|[from] item: Leftovers","|-heal|p2a: Blissey|506/661|[from] item: Leftovers","|upkeep","|turn|24","||adding 10 for new turn","|","|t:|1753078754","|cant|p1a: Suicune|slp","|move|p2a: Blissey|Seismic Toss|p1a: Suicune","|-damage|p1a: Suicune|201/401 slp","|","|-weather|Sandstorm|[upkeep]","|-damage|p1a: Suicune|176/401 slp|[from] Sandstorm","|-damage|p2a: Blissey|465/661|[from] Sandstorm","|-heal|p1a: Suicune|201/401 slp|[from] item: Leftovers","|-heal|p2a: Blissey|506/661|[from] item: Leftovers","|upkeep","|turn|25","||adding 10 for new turn","|","|t:|1753078762","|cant|p1a: Suicune|slp","|move|p2a: Blissey|Soft-Boiled|p2a: Blissey","|-heal|p2a: Blissey|661/661","|","|-weather|Sandstorm|[upkeep]","|-damage|p1a: Suicune|176/401 slp|[from] Sandstorm","|-damage|p2a: Blissey|620/661|[from] Sandstorm","|-heal|p1a: Suicune|201/401 slp|[from] item: Leftovers","|-heal|p2a: Blissey|661/661|[from] item: Leftovers","|upkeep","|turn|26","||adding 10 for new turn","|","|t:|1753078770","|-curestatus|p1a: Suicune|slp|[msg]","|move|p1a: Suicune|Surf|p2a: Blissey","|-damage|p2a: Blissey|492/661","|move|p2a: Blissey|Seismic Toss|p1a: Suicune","|-damage|p1a: Suicune|101/401","|","|-weather|Sandstorm|[upkeep]","|-damage|p1a: Suicune|76/401|[from] Sandstorm","|-damage|p2a: Blissey|451/661|[from] Sandstorm","|-heal|p1a: Suicune|101/401|[from] item: Leftovers","|-heal|p2a: Blissey|492/661|[from] item: Leftovers","|upkeep","|turn|27","||adding 10 for new turn","|","|t:|1753078780","|move|p1a: Suicune|Rest|p1a: Suicune","|-status|p1a: Suicune|slp|[from] move: Rest","|-heal|p1a: Suicune|401/401 slp|[silent]","|move|p2a: Blissey|Seismic Toss|p1a: Suicune","|-damage|p1a: Suicune|301/401 slp","|","|-weather|Sandstorm|[upkeep]","|-damage|p1a: Suicune|276/401 slp|[from] Sandstorm","|-damage|p2a: Blissey|451/661|[from] Sandstorm","|-heal|p1a: Suicune|301/401 slp|[from] item: Leftovers","|-heal|p2a: Blissey|492/661|[from] item: Leftovers","|upkeep","|turn|28","||adding 10 for new turn","|","|t:|1753078789","|cant|p1a: Suicune|slp","|move|p2a: Blissey|Seismic Toss|p1a: Suicune","|-damage|p1a: Suicune|201/401 slp","|","|-weather|Sandstorm|[upkeep]","|-damage|p1a: Suicune|176/401 slp|[from] Sandstorm","|-damage|p2a: Blissey|451/661|[from] Sandstorm","|-heal|p1a: Suicune|201/401 slp|[from] item: Leftovers","|-heal|p2a: Blissey|492/661|[from] item: Leftovers","|upkeep","|turn|29","||adding 10 for new turn","|","|t:|1753078798","|cant|p1a: Suicune|slp","|move|p2a: Blissey|Soft-Boiled|p2a: Blissey","|-heal|p2a: Blissey|661/661","|","|-weather|Sandstorm|[upkeep]","|-damage|p1a: Suicune|176/401 slp|[from] Sandstorm","|-damage|p2a: Blissey|620/661|[from] Sandstorm","|-heal|p1a: Suicune|201/401 slp|[from] item: Leftovers","|-heal|p2a: Blissey|661/661|[from] item: Leftovers","|upkeep","|turn|30","||adding 10 for new turn","|","|t:|1753078806","|-curestatus|p1a: Suicune|slp|[msg]","|move|p1a: Suicune|Surf|p2a: Blissey","|-damage|p2a: Blissey|497/661","|move|p2a: Blissey|Seismic Toss|p1a: Suicune","|-damage|p1a: Suicune|101/401","|","|-weather|Sandstorm|[upkeep]","|-damage|p1a: Suicune|76/401|[from] Sandstorm","|-damage|p2a: Blissey|456/661|[from] Sandstorm","|-heal|p1a: Suicune|101/401|[from] item: Leftovers","|-heal|p2a: Blissey|497/661|[from] item: Leftovers","|upkeep","|turn|31","||adding 10 for new turn","|","|t:|1753078817","|move|p1a: Suicune|Rest|p1a: Suicune","|-status|p1a: Suicune|slp|[from] move: Rest","|-heal|p1a: Suicune|401/401 slp|[silent]","|move|p2a: Blissey|Seismic Toss|p1a: Suicune","|-damage|p1a: Suicune|301/401 slp","|","|-weather|Sandstorm|[upkeep]","|-damage|p1a: Suicune|276/401 slp|[from] Sandstorm","|-damage|p2a: Blissey|456/661|[from] Sandstorm","|-heal|p1a: Suicune|301/401 slp|[from] item: Leftovers","|-heal|p2a: Blissey|497/661|[from] item: Leftovers","|upkeep","|turn|32","||adding 10 for new turn","|","|t:|1753078826","|cant|p1a: Suicune|slp","|move|p2a: Blissey|Seismic Toss|p1a: Suicune","|-damage|p1a: Suicune|201/401 slp","|","|-weather|Sandstorm|[upkeep]","|-damage|p1a: Suicune|176/401 slp|[from] Sandstorm","|-damage|p2a: Blissey|456/661|[from] Sandstorm","|-heal|p1a: Suicune|201/401 slp|[from] item: Leftovers","|-heal|p2a: Blissey|497/661|[from] item: Leftovers","|upkeep","|turn|33","||adding 10 for new turn","|","|t:|1753078834","|cant|p1a: Suicune|slp","|move|p2a: Blissey|Soft-Boiled|p2a: Blissey","|-heal|p2a: Blissey|661/661","|","|-weather|Sandstorm|[upkeep]","|-damage|p1a: Suicune|176/401 slp|[from] Sandstorm","|-damage|p2a: Blissey|620/661|[from] Sandstorm","|-heal|p1a: Suicune|201/401 slp|[from] item: Leftovers","|-heal|p2a: Blissey|661/661|[from] item: Leftovers","|upkeep","|turn|34","||adding 10 for new turn","|","|t:|1753078842","|-curestatus|p1a: Suicune|slp|[msg]","|move|p1a: Suicune|Surf|p2a: Blissey","|-damage|p2a: Blissey|504/661","|move|p2a: Blissey|Seismic Toss|p1a: Suicune","|-damage|p1a: Suicune|101/401","|","|-weather|Sandstorm|[upkeep]","|-damage|p1a: Suicune|76/401|[from] Sandstorm","|-damage|p2a: Blissey|463/661|[from] Sandstorm","|-heal|p1a: Suicune|101/401|[from] item: Leftovers","|-heal|p2a: Blissey|504/661|[from] item: Leftovers","|upkeep","|turn|35","||adding 10 for new turn","|","|t:|1753078852","|move|p1a: Suicune|Rest|p1a: Suicune","|-status|p1a: Suicune|slp|[from] move: Rest","|-heal|p1a: Suicune|401/401 slp|[silent]","|move|p2a: Blissey|Soft-Boiled|p2a: Blissey","|-heal|p2a: Blissey|661/661","|","|-weather|Sandstorm|[upkeep]","|-damage|p1a: Suicune|376/401 slp|[from] Sandstorm","|-damage|p2a: Blissey|620/661|[from] Sandstorm","|-heal|p1a: Suicune|401/401 slp|[from] item: Leftovers","|-heal|p2a: Blissey|661/661|[from] item: Leftovers","|upkeep","|turn|36","||adding 10 for new turn","|","|t:|1753078861","|switch|p2a: Claydol|Claydol|317/317","|cant|p1a: Suicune|slp","|","|-weather|Sandstorm|[upkeep]","|-damage|p1a: Suicune|376/401 slp|[from] Sandstorm","|-heal|p1a: Suicune|401/401 slp|[from] item: Leftovers","|upkeep","|turn|37","||adding 10 for new turn","|","|t:|1753078869","|cant|p1a: Suicune|slp","|move|p2a: Claydol|Rapid Spin|p1a: Suicune","|-damage|p1a: Suicune|390/401 slp","|-sideend|p2: foultestacceptor1|Spikes|[from] move: Rapid Spin|[of] p2a: Claydol","|","|-weather|Sandstorm|[upkeep]","|-damage|p1a: Suicune|365/401 slp|[from] Sandstorm","|-heal|p1a: Suicune|390/401 slp|[from] item: Leftovers","|upkeep","|turn|38","||adding 10 for new turn","|","|t:|1753078877","|switch|p2a: Milotic|Milotic, M|393/393","|-curestatus|p1a: Suicune|slp|[msg]","|move|p1a: Suicune|Surf|p2a: Milotic","|-resisted|p2a: Milotic","|-damage|p2a: Milotic|304/393","|","|-weather|Sandstorm|[upkeep]","|-damage|p1a: Suicune|365/401|[from] Sandstorm","|-damage|p2a: Milotic|280/393|[from] Sandstorm","|-heal|p1a: Suicune|390/401|[from] item: Leftovers","|-heal|p2a: Milotic|304/393|[from] item: Leftovers","|upkeep","|turn|39","||adding 10 for new turn","|","|t:|1753078886","|move|p2a: Milotic|Toxic|p1a: Suicune","|-status|p1a: Suicune|tox","|move|p1a: Suicune|Calm Mind|p1a: Suicune","|-boost|p1a: Suicune|spa|1","|-boost|p1a: Suicune|spd|1","|","|-weather|Sandstorm|[upkeep]","|-damage|p2a: Milotic|280/393|[from] Sandstorm","|-damage|p1a: Suicune|365/401 tox|[from] Sandstorm","|-heal|p1a: Suicune|390/401 tox|[from] item: Leftovers","|-heal|p2a: Milotic|304/393|[from] item: Leftovers","|-damage|p1a: Suicune|365/401 tox|[from] psn","|upkeep","|turn|40","||adding 10 for new turn","|","|t:|1753078894","|move|p2a: Milotic|Recover|p2a: Milotic","|-heal|p2a: Milotic|393/393","|move|p1a: Suicune|Surf|p2a: Milotic","|-resisted|p2a: Milotic","|-damage|p2a: Milotic|284/393","|","|-weather|Sandstorm|[upkeep]","|-damage|p1a: Suicune|340/401 tox|[from] Sandstorm","|-damage|p2a: Milotic|260/393|[from] Sandstorm","|-heal|p2a: Milotic|284/393|[from] item: Leftovers","|-heal|p1a: Suicune|365/401 tox|[from] item: Leftovers","|-damage|p1a: Suicune|315/401 tox|[from] psn","|upkeep","|turn|41","||adding 10 for new turn","|","|t:|1753078903","|move|p2a: Milotic|Recover|p2a: Milotic","|-heal|p2a: Milotic|393/393","|move|p1a: Suicune|Surf|p2a: Milotic","|-resisted|p2a: Milotic","|-damage|p2a: Milotic|291/393","|","|-weather|Sandstorm|[upkeep]","|-damage|p2a: Milotic|267/393|[from] Sandstorm","|-damage|p1a: Suicune|290/401 tox|[from] Sandstorm","|-heal|p2a: Milotic|291/393|[from] item: Leftovers","|-heal|p1a: Suicune|315/401 tox|[from] item: Leftovers","|-damage|p1a: Suicune|240/401 tox|[from] psn","|upkeep","|turn|42","||adding 10 for new turn","|","|t:|1753078911","|move|p1a: Suicune|Rest|p1a: Suicune","|-status|p1a: Suicune|slp|[from] move: Rest","|-heal|p1a: Suicune|401/401 slp|[silent]","|move|p2a: Milotic|Recover|p2a: Milotic","|-heal|p2a: Milotic|393/393","|","|-weather|Sandstorm|[upkeep]","|-damage|p2a: Milotic|369/393|[from] Sandstorm","|-damage|p1a: Suicune|376/401 slp|[from] Sandstorm","|-heal|p1a: Suicune|401/401 slp|[from] item: Leftovers","|-heal|p2a: Milotic|393/393|[from] item: Leftovers","|upkeep","|turn|43","||adding 10 for new turn","|","|t:|1753078919","|switch|p2a: Skarmory|Skarmory, M|333/333 par","|cant|p1a: Suicune|slp","|","|-weather|Sandstorm|[upkeep]","|-damage|p1a: Suicune|376/401 slp|[from] Sandstorm","|-heal|p1a: Suicune|401/401 slp|[from] item: Leftovers","|upkeep","|turn|44","||adding 10 for new turn","|","|t:|1753078924","|cant|p1a: Suicune|slp","|cant|p2a: Skarmory|par","|","|-weather|Sandstorm|[upkeep]","|-damage|p1a: Suicune|376/401 slp|[from] Sandstorm","|-heal|p1a: Suicune|401/401 slp|[from] item: Leftovers","|upkeep","|turn|45","||adding 10 for new turn","|","|t:|1753078928","|switch|p2a: Milotic|Milotic, M|393/393","|-curestatus|p1a: Suicune|slp|[msg]","|move|p1a: Suicune|Surf|p2a: Milotic","|-resisted|p2a: Milotic","|-damage|p2a: Milotic|281/393","|","|-weather|Sandstorm|[upkeep]","|-damage|p1a: Suicune|376/401|[from] Sandstorm","|-damage|p2a: Milotic|257/393|[from] Sandstorm","|-heal|p1a: Suicune|401/401|[from] item: Leftovers","|-heal|p2a: Milotic|281/393|[from] item: Leftovers","|upkeep","|turn|46","||adding 10 for new turn","|","|t:|1753078937","|move|p1a: Suicune|Surf|p2a: Milotic","|-resisted|p2a: Milotic","|-damage|p2a: Milotic|173/393","|move|p2a: Milotic|Toxic|p1a: Suicune","|-status|p1a: Suicune|tox","|","|-weather|Sandstorm|[upkeep]","|-damage|p2a: Milotic|149/393|[from] Sandstorm","|-damage|p1a: Suicune|376/401 tox|[from] Sandstorm","|-heal|p2a: Milotic|173/393|[from] item: Leftovers","|-heal|p1a: Suicune|401/401 tox|[from] item: Leftovers","|-damage|p1a: Suicune|376/401 tox|[from] psn","|upkeep","|turn|47","||adding 10 for new turn","|","|t:|1753078946","|move|p2a: Milotic|Recover|p2a: Milotic","|-heal|p2a: Milotic|369/393","|move|p1a: Suicune|Rest|p1a: Suicune","|-status|p1a: Suicune|slp|[from] move: Rest","|-heal|p1a: Suicune|401/401 slp|[silent]","|","|-weather|Sandstorm|[upkeep]","|-damage|p2a: Milotic|345/393|[from] Sandstorm","|-damage|p1a: Suicune|376/401 slp|[from] Sandstorm","|-heal|p2a: Milotic|369/393|[from] item: Leftovers","|-heal|p1a: Suicune|401/401 slp|[from] item: Leftovers","|upkeep","|turn|48","||adding 10 for new turn","|","|t:|1753078954","|switch|p2a: Skarmory|Skarmory, M|333/333 par","|cant|p1a: Suicune|slp","|","|-weather|Sandstorm|[upkeep]","|-damage|p1a: Suicune|376/401 slp|[from] Sandstorm","|-heal|p1a: Suicune|401/401 slp|[from] item: Leftovers","|upkeep","|turn|49","||adding 10 for new turn","|","|t:|1753078959","|cant|p1a: Suicune|slp","|move|p2a: Skarmory|Spikes|p1a: Suicune","|-sidestart|p1: foultestchallenge1|Spikes","|","|-weather|Sandstorm|[upkeep]","|-damage|p1a: Suicune|376/401 slp|[from] Sandstorm","|-heal|p1a: Suicune|401/401 slp|[from] item: Leftovers","|upkeep","|turn|50","||adding 10 for new turn","|","|t:|1753078963","|switch|p2a: Milotic|Milotic, M|369/393","|-curestatus|p1a: Suicune|slp|[msg]","|move|p1a: Suicune|Surf|p2a: Milotic","|-resisted|p2a: Milotic","|-damage|p2a: Milotic|263/393","|","|-weather|Sandstorm|[upkeep]","|-damage|p2a: Milotic|239/393|[from] Sandstorm","|-damage|p1a: Suicune|376/401|[from] Sandstorm","|-heal|p2a: Milotic|263/393|[from] item: Leftovers","|-heal|p1a: Suicune|401/401|[from] item: Leftovers","|upkeep","|turn|51","||adding 10 for new turn","|","|t:|1753078972","|move|p1a: Suicune|Surf|p2a: Milotic","|-resisted|p2a: Milotic","|-damage|p2a: Milotic|156/393","|move|p2a: Milotic|Toxic|p1a: Suicune|[miss]","|-miss|p2a: Milotic|p1a: Suicune","|","|-weather|Sandstorm|[upkeep]","|-damage|p2a: Milotic|132/393|[from] Sandstorm","|-damage|p1a: Suicune|376/401|[from] Sandstorm","|-heal|p1a: Suicune|401/401|[from] item: Leftovers","|-heal|p2a: Milotic|156/393|[from] item: Leftovers","|upkeep","|turn|52","||adding 10 for new turn","|","|t:|1753078980","|move|p1a: Suicune|Ice Beam|p2a: Milotic","|-resisted|p2a: Milotic","|-damage|p2a: Milotic|83/393","|move|p2a: Milotic|Recover|p2a: Milotic","|-heal|p2a: Milotic|279/393","|","|-weather|Sandstorm|[upkeep]","|-damage|p2a: Milotic|255/393|[from] Sandstorm","|-damage|p1a: Suicune|376/401|[from] Sandstorm","|-heal|p1a: Suicune|401/401|[from] item: Leftovers","|-heal|p2a: Milotic|279/393|[from] item: Leftovers","|upkeep","|turn|53","||adding 10 for new turn","|","|t:|1753078989","|move|p2a: Milotic|Toxic|p1a: Suicune","|-status|p1a: Suicune|tox","|move|p1a: Suicune|Surf|p2a: Milotic","|-resisted|p2a: Milotic","|-damage|p2a: Milotic|171/393","|","|-weather|Sandstorm|[upkeep]","|-damage|p2a: Milotic|147/393|[from] Sandstorm","|-damage|p1a: Suicune|376/401 tox|[from] Sandstorm","|-heal|p2a: Milotic|171/393|[from] item: Leftovers","|-heal|p1a: Suicune|401/401 tox|[from] item: Leftovers","|-damage|p1a: Suicune|376/401 tox|[from] psn","|upkeep","|turn|54","||adding 10 for new turn","|","|t:|1753078997","|move|p2a: Milotic|Recover|p2a: Milotic","|-heal|p2a: Milotic|367/393","|move|p1a: Suicune|Rest|p1a: Suicune","|-status|p1a: Suicune|slp|[from] move: Rest","|-heal|p1a: Suicune|401/401 slp|[silent]","|","|-weather|Sandstorm|[upkeep]","|-damage|p2a: Milotic|343/393|[from] Sandstorm","|-damage|p1a: Suicune|376/401 slp|[from] Sandstorm","|-heal|p2a: Milotic|367/393|[from] item: Leftovers","|-heal|p1a: Suicune|401/401 slp|[from] item: Leftovers","|upkeep","|turn|55","||adding 10 for new turn","|","|t:|1753079005","|switch|p2a: Skarmory|Skarmory, M|333/333 par","|switch|p1a: Claydol|Claydol|304/324 tox","|","|-weather|Sandstorm|[upkeep]","|-heal|p1a: Claydol|324/324 tox|[from] item: Leftovers","|-damage|p1a: Claydol|304/324 tox|[from] psn","|upkeep","|turn|56","||adding 10 for new turn","|","|t:|1753079013","|move|p1a: Claydol|Rapid Spin|p2a: Skarmory","|-resisted|p2a: Skarmory","|-damage|p2a: Skarmory|327/333 par","|-sideend|p1: foultestchallenge1|Spikes|[from] move: Rapid Spin|[of] p1a: Claydol","|move|p2a: Skarmory|Spikes|p1a: Claydol","|-sidestart|p1: foultestchallenge1|Spikes","|","|-weather|Sandstorm|[upkeep]","|-heal|p1a: Claydol|324/324 tox|[from] item: Leftovers","|-damage|p1a: Claydol|284/324 tox|[from] psn","|-heal|p2a: Skarmory|333/333 par|[from] item: Leftovers","|upkeep","|turn|57","||adding 10 for new turn","|","|t:|1753079022","|move|p1a: Claydol|Rapid Spin|p2a: Skarmory","|-resisted|p2a: Skarmory","|-damage|p2a: Skarmory|327/333 par","|-sideend|p1: foultestchallenge1|Spikes|[from] move: Rapid Spin|[of] p1a: Claydol","|move|p2a: Skarmory|Roar|p1a: Claydol","|drag|p1a: Suicune|Suicune|401/401 slp","|-ability|p1a: Suicune|Pressure|[silent]","|","|-weather|Sandstorm|[upkeep]","|-damage|p1a: Suicune|376/401 slp|[from] Sandstorm","|-heal|p1a: Suicune|401/401 slp|[from] item: Leftovers","|-heal|p2a: Skarmory|333/333 par|[from] item: Leftovers","|upkeep","|turn|58","||adding 10 for new turn","|","|t:|1753079027","|switch|p1a: Blissey|Blissey, F|714/714","|move|p2a: Skarmory|Spikes|p1a: Blissey","|-sidestart|p1: foultestchallenge1|Spikes","|","|-weather|Sandstorm|[upkeep]","|-damage|p1a: Blissey|670/714|[from] Sandstorm","|-heal|p1a: Blissey|714/714|[from] item: Leftovers","|upkeep","|turn|59","||adding 10 for new turn","|","|t:|1753079035","|move|p1a: Blissey|Aromatherapy|p1a: Blissey","|-cureteam|p1a: Blissey|[from] move: Aromatherapy","|move|p2a: Skarmory|Spikes|p1a: Blissey","|-sidestart|p1: foultestchallenge1|Spikes","|","|-weather|Sandstorm|[upkeep]","|-damage|p1a: Blissey|670/714|[from] Sandstorm","|-heal|p1a: Blissey|714/714|[from] item: Leftovers","|upkeep","|turn|60","||adding 10 for new turn","|","|t:|1753079044","|switch|p1a: Claydol|Claydol|284/324","|move|p2a: Skarmory|Roar|p1a: Claydol","|drag|p1a: Blissey|Blissey, F|714/714","|-damage|p1a: Blissey|595/714|[from] Spikes","|","|-weather|Sandstorm|[upkeep]","|-damage|p1a: Blissey|551/714|[from] Sandstorm","|-heal|p1a: Blissey|595/714|[from] item: Leftovers","|upkeep","|turn|61","||adding 10 for new turn","|","|t:|1753079052","|switch|p1a: Claydol|Claydol|284/324","|cant|p2a: Skarmory|par","|","|-weather|Sandstorm|[upkeep]","|-heal|p1a: Claydol|304/324|[from] item: Leftovers","|upkeep","|turn|62","||adding 10 for new turn","|","|t:|1753079060","|move|p1a: Claydol|Rapid Spin|p2a: Skarmory","|-resisted|p2a: Skarmory","|-damage|p2a: Skarmory|327/333 par","|-sideend|p1: foultestchallenge1|Spikes|[from] move: Rapid Spin|[of] p1a: Claydol","|move|p2a: Skarmory|Toxic|p1a: Claydol","|-status|p1a: Claydol|tox","|","|-weather|Sandstorm|[upkeep]","|-heal|p1a: Claydol|324/324 tox|[from] item: Leftovers","|-damage|p1a: Claydol|304/324 tox|[from] psn","|-heal|p2a: Skarmory|333/333 par|[from] item: Leftovers","|upkeep","|turn|63","||adding 10 for new turn","|","|t:|1753079069","|switch|p1a: Forretress|Forretress, F|354/354","|cant|p2a: Skarmory|par","|","|-weather|Sandstorm|[upkeep]","|upkeep","|turn|64","||adding 10 for new turn","|","|t:|1753079077","|move|p1a: Forretress|Spikes|p2a: Skarmory","|-sidestart|p2: foultestacceptor1|Spikes","|move|p2a: Skarmory|Spikes|p1a: Forretress","|-sidestart|p1: foultestchallenge1|Spikes","|","|-weather|Sandstorm|[upkeep]","|upkeep","|turn|65","||adding 10 for new turn","|","|t:|1753079086","|switch|p1a: Claydol|Claydol|304/324 tox","|move|p2a: Skarmory|Spikes|p1a: Claydol","|-sidestart|p1: foultestchallenge1|Spikes","|","|-weather|Sandstorm|[upkeep]","|-heal|p1a: Claydol|324/324 tox|[from] item: Leftovers","|-damage|p1a: Claydol|304/324 tox|[from] psn","|upkeep","|turn|66","||adding 10 for new turn","|","|t:|1753079094","|move|p1a: Claydol|Rapid Spin|p2a: Skarmory","|-resisted|p2a: Skarmory","|-damage|p2a: Skarmory|327/333 par","|-sideend|p1: foultestchallenge1|Spikes|[from] move: Rapid Spin|[of] p1a: Claydol","|move|p2a: Skarmory|Spikes|p1a: Claydol","|-sidestart|p1: foultestchallenge1|Spikes","|","|-weather|Sandstorm|[upkeep]","|-heal|p1a: Claydol|324/324 tox|[from] item: Leftovers","|-damage|p1a: Claydol|284/324 tox|[from] psn","|-heal|p2a: Skarmory|333/333 par|[from] item: Leftovers","|upkeep","|turn|67","||adding 10 for new turn","|","|t:|1753079102","|move|p1a: Claydol|Rapid Spin|p2a: Skarmory","|-resisted|p2a: Skarmory","|-damage|p2a: Skarmory|327/333 par","|-sideend|p1: foultestchallenge1|Spikes|[from] move: Rapid Spin|[of] p1a: Claydol","|move|p2a: Skarmory|Roar|p1a: Claydol","|drag|p1a: Forretress|Forretress, F|354/354","|","|-weather|Sandstorm|[upkeep]","|-heal|p2a: Skarmory|333/333 par|[from] item: Leftovers","|upkeep","|turn|68","||adding 10 for new turn","|","|t:|1753079111","|move|p1a: Forretress|Spikes|p2a: Skarmory","|-sidestart|p2: foultestacceptor1|Spikes","|move|p2a: Skarmory|Spikes|p1a: Forretress","|-sidestart|p1: foultestchallenge1|Spikes","|","|-weather|Sandstorm|[upkeep]","|upkeep","|turn|69","||adding 10 for new turn","|","|t:|1753079119","|switch|p2a: Claydol|Claydol|317/317","|move|p1a: Forretress|Spikes|p2a: Claydol","|-sidestart|p2: foultestacceptor1|Spikes","|","|-weather|Sandstorm|[upkeep]","|upkeep","|turn|70","||adding 10 for new turn","|","|t:|1753079127","|move|p2a: Claydol|Rapid Spin|p1a: Forretress","|-resisted|p1a: Forretress","|-damage|p1a: Forretress|348/354","|-sideend|p2: foultestacceptor1|Spikes|[from] move: Rapid Spin|[of] p2a: Claydol","|move|p1a: Forretress|Hidden Power|p2a: Claydol","|-supereffective|p2a: Claydol","|-damage|p2a: Claydol|172/317","|","|-weather|Sandstorm|[upkeep]","|-heal|p2a: Claydol|191/317|[from] item: Leftovers","|-heal|p1a: Forretress|354/354|[from] item: Leftovers","|upkeep","|turn|71","||adding 10 for new turn","|","|t:|1753079136","|move|p2a: Claydol|Earthquake|p1a: Forretress","|-damage|p1a: Forretress|262/354","|move|p1a: Forretress|Spikes|p2a: Claydol","|-sidestart|p2: foultestacceptor1|Spikes","|","|-weather|Sandstorm|[upkeep]","|-heal|p2a: Claydol|210/317|[from] item: Leftovers","|-heal|p1a: Forretress|284/354|[from] item: Leftovers","|upkeep","|turn|72","||adding 10 for new turn","|","|t:|1753079145","|switch|p2a: Skarmory|Skarmory, M|333/333 par","|move|p1a: Forretress|Hidden Power|p2a: Skarmory","|-resisted|p2a: Skarmory","|-damage|p2a: Skarmory|319/333 par","|","|-weather|Sandstorm|[upkeep]","|-heal|p1a: Forretress|306/354|[from] item: Leftovers","|-heal|p2a: Skarmory|333/333 par|[from] item: Leftovers","|upkeep","|turn|73","||adding 10 for new turn","|","|t:|1753079153","|move|p1a: Forretress|Spikes|p2a: Skarmory","|-sidestart|p2: foultestacceptor1|Spikes","|move|p2a: Skarmory|Spikes|p1a: Forretress","|-sidestart|p1: foultestchallenge1|Spikes","|","|-weather|Sandstorm|[upkeep]","|-heal|p1a: Forretress|328/354|[from] item: Leftovers","|upkeep","|turn|74","||adding 10 for new turn","|","|t:|1753079161","|move|p1a: Forretress|Spikes|p2a: Skarmory","|-sidestart|p2: foultestacceptor1|Spikes","|cant|p2a: Skarmory|par","|","|-weather|Sandstorm|[upkeep]","|-heal|p1a: Forretress|350/354|[from] item: Leftovers","|upkeep","|turn|75","||adding 10 for new turn","|","|t:|1753079170","|switch|p1a: Claydol|Claydol|284/324 tox","|cant|p2a: Skarmory|par","|","|-weather|Sandstorm|[upkeep]","|-heal|p1a: Claydol|304/324 tox|[from] item: Leftovers","|-damage|p1a: Claydol|284/324 tox|[from] psn","|upkeep","|turn|76","||adding 10 for new turn","|","|t:|1753079178","|move|p1a: Claydol|Rapid Spin|p2a: Skarmory","|-resisted|p2a: Skarmory","|-damage|p2a: Skarmory|327/333 par","|-sideend|p1: foultestchallenge1|Spikes|[from] move: Rapid Spin|[of] p1a: Claydol","|move|p2a: Skarmory|Spikes|p1a: Claydol","|-sidestart|p1: foultestchallenge1|Spikes","|","|-weather|Sandstorm|[upkeep]","|-heal|p1a: Claydol|304/324 tox|[from] item: Leftovers","|-damage|p1a: Claydol|264/324 tox|[from] psn","|-heal|p2a: Skarmory|333/333 par|[from] item: Leftovers","|upkeep","|turn|77","||adding 10 for new turn","|","|t:|1753079186","|move|p1a: Claydol|Rapid Spin|p2a: Skarmory","|-resisted|p2a: Skarmory","|-damage|p2a: Skarmory|327/333 par","|-sideend|p1: foultestchallenge1|Spikes|[from] move: Rapid Spin|[of] p1a: Claydol","|move|p2a: Skarmory|Spikes|p1a: Claydol","|-sidestart|p1: foultestchallenge1|Spikes","|","|-weather|Sandstorm|[upkeep]","|-heal|p1a: Claydol|284/324 tox|[from] item: Leftovers","|-damage|p1a: Claydol|224/324 tox|[from] psn","|-heal|p2a: Skarmory|333/333 par|[from] item: Leftovers","|upkeep","|turn|78","||adding 10 for new turn","|","|t:|1753079195","|move|p1a: Claydol|Rapid Spin|p2a: Skarmory","|-resisted|p2a: Skarmory","|-damage|p2a: Skarmory|327/333 par","|-sideend|p1: foultestchallenge1|Spikes|[from] move: Rapid Spin|[of] p1a: Claydol","|move|p2a: Skarmory|Spikes|p1a: Claydol","|-sidestart|p1: foultestchallenge1|Spikes","|","|-weather|Sandstorm|[upkeep]","|-heal|p1a: Claydol|244/324 tox|[from] item: Leftovers","|-damage|p1a: Claydol|164/324 tox|[from] psn","|-heal|p2a: Skarmory|333/333 par|[from] item: Leftovers","|upkeep","|turn|79","||adding 10 for new turn","|","|t:|1753079204","|move|p1a: Claydol|Rapid Spin|p2a: Skarmory","|-resisted|p2a: Skarmory","|-damage|p2a: Skarmory|327/333 par","|-sideend|p1: foultestchallenge1|Spikes|[from] move: Rapid Spin|[of] p1a: Claydol","|cant|p2a: Skarmory|par","|","|-weather|Sandstorm|[upkeep]","|-heal|p1a: Claydol|184/324 tox|[from] item: Leftovers","|-damage|p1a: Claydol|84/324 tox|[from] psn","|-heal|p2a: Skarmory|333/333 par|[from] item: Leftovers","|upkeep","|turn|80","||adding 10 for new turn","|","|t:|1753079212","|move|p1a: Claydol|Rest|p1a: Claydol","|-status|p1a: Claydol|slp|[from] move: Rest","|-heal|p1a: Claydol|324/324 slp|[silent]","|move|p2a: Skarmory|Spikes|p1a: Claydol","|-sidestart|p1: foultestchallenge1|Spikes","|","|-weather|Sandstorm|[upkeep]","|upkeep","|turn|81","||adding 10 for new turn","|","|t:|1753079220","|switch|p1a: Forretress|Forretress, F|350/354","|-damage|p1a: Forretress|306/354|[from] Spikes","|move|p2a: Skarmory|Roar|p1a: Forretress","|drag|p1a: Suicune|Suicune|401/401","|-damage|p1a: Suicune|351/401|[from] Spikes","|-ability|p1a: Suicune|Pressure|[silent]","|","|-weather|Sandstorm|[upkeep]","|-damage|p1a: Suicune|326/401|[from] Sandstorm","|-heal|p1a: Suicune|351/401|[from] item: Leftovers","|upkeep","|turn|82","||adding 10 for new turn","|","|t:|1753079225","|move|p1a: Suicune|Calm Mind|p1a: Suicune","|-boost|p1a: Suicune|spa|1","|-boost|p1a: Suicune|spd|1","|move|p2a: Skarmory|Roar|p1a: Suicune","|drag|p1a: Snorlax|Snorlax, F|497/497","|-damage|p1a: Snorlax|435/497|[from] Spikes","|","|-weather|Sandstorm|[upkeep]","|-damage|p1a: Snorlax|404/497|[from] Sandstorm","|-heal|p1a: Snorlax|435/497|[from] item: Leftovers","|upkeep","|turn|83","||adding 10 for new turn","|","|t:|1753079234","|move|p1a: Snorlax|Curse|p1a: Snorlax","|-unboost|p1a: Snorlax|spe|1","|-boost|p1a: Snorlax|atk|1","|-boost|p1a: Snorlax|def|1","|move|p2a: Skarmory|Drill Peck|p1a: Snorlax","|-damage|p1a: Snorlax|374/497","|","|-weather|Sandstorm|[upkeep]","|-damage|p1a: Snorlax|343/497|[from] Sandstorm","|-heal|p1a: Snorlax|374/497|[from] item: Leftovers","|upkeep","|turn|84","||adding 10 for new turn","|","|t:|1753079243","|move|p1a: Snorlax|Return|p2a: Skarmory","|-resisted|p2a: Skarmory","|-damage|p2a: Skarmory|259/333 par","|move|p2a: Skarmory|Spikes|p1a: Snorlax","|-sidestart|p1: foultestchallenge1|Spikes","|","|-weather|Sandstorm|[upkeep]","|-damage|p1a: Snorlax|343/497|[from] Sandstorm","|-heal|p1a: Snorlax|374/497|[from] item: Leftovers","|-heal|p2a: Skarmory|279/333 par|[from] item: Leftovers","|upkeep","|turn|85","||adding 10 for new turn","|","|t:|1753079252","|move|p1a: Snorlax|Return|p2a: Skarmory","|-resisted|p2a: Skarmory","|-damage|p2a: Skarmory|195/333 par","|move|p2a: Skarmory|Spikes|p1a: Snorlax","|-sidestart|p1: foultestchallenge1|Spikes","|","|-weather|Sandstorm|[upkeep]","|-damage|p1a: Snorlax|343/497|[from] Sandstorm","|-heal|p1a: Snorlax|374/497|[from] item: Leftovers","|-heal|p2a: Skarmory|215/333 par|[from] item: Leftovers","|upkeep","|turn|86","||adding 10 for new turn","|","|t:|1753079260","|move|p1a: Snorlax|Return|p2a: Skarmory","|-resisted|p2a: Skarmory","|-damage|p2a: Skarmory|141/333 par","|move|p2a: Skarmory|Roar|p1a: Snorlax","|drag|p1a: Claydol|Claydol|324/324 slp","|","|-weather|Sandstorm|[upkeep]","|-heal|p2a: Skarmory|161/333 par|[from] item: Leftovers","|upkeep","|turn|87","||adding 10 for new turn","|","|t:|1753079268","|cant|p1a: Claydol|slp","|move|p2a: Skarmory|Roar|p1a: Claydol","|drag|p1a: Snorlax|Snorlax, F|374/497","|-damage|p1a: Snorlax|250/497|[from] Spikes","|","|-weather|Sandstorm|[upkeep]","|-damage|p1a: Snorlax|219/497|[from] Sandstorm","|-heal|p1a: Snorlax|250/497|[from] item: Leftovers","|-heal|p2a: Skarmory|181/333 par|[from] item: Leftovers","|upkeep","|turn|88","||adding 10 for new turn","|","|t:|1753079277","|move|p1a: Snorlax|Return|p2a: Skarmory","|-resisted|p2a: Skarmory","|-damage|p2a: Skarmory|126/333 par","|move|p2a: Skarmory|Drill Peck|p1a: Snorlax","|-damage|p1a: Snorlax|148/497","|","|-weather|Sandstorm|[upkeep]","|-damage|p1a: Snorlax|117/497|[from] Sandstorm","|-heal|p1a: Snorlax|148/497|[from] item: Leftovers","|-heal|p2a: Skarmory|146/333 par|[from] item: Leftovers","|upkeep","|turn|89","||adding 10 for new turn","|","|t:|1753079285","|move|p1a: Snorlax|Rest|p1a: Snorlax","|-status|p1a: Snorlax|slp|[from] move: Rest","|-heal|p1a: Snorlax|497/497 slp|[silent]","|move|p2a: Skarmory|Drill Peck|p1a: Snorlax","|-damage|p1a: Snorlax|403/497 slp","|","|-weather|Sandstorm|[upkeep]","|-damage|p1a: Snorlax|372/497 slp|[from] Sandstorm","|-heal|p1a: Snorlax|403/497 slp|[from] item: Leftovers","|-heal|p2a: Skarmory|166/333 par|[from] item: Leftovers","|upkeep","|turn|90","||adding 10 for new turn","|","|t:|1753079290","|switch|p1a: Claydol|Claydol|324/324 slp","|move|p2a: Skarmory|Roar|p1a: Claydol","|drag|p1a: Suicune|Suicune|351/401","|-damage|p1a: Suicune|251/401|[from] Spikes","|-ability|p1a: Suicune|Pressure|[silent]","|","|-weather|Sandstorm|[upkeep]","|-damage|p1a: Suicune|226/401|[from] Sandstorm","|-heal|p1a: Suicune|251/401|[from] item: Leftovers","|-heal|p2a: Skarmory|186/333 par|[from] item: Leftovers","|upkeep","|turn|91","||adding 10 for new turn","|","|t:|1753079295","|move|p1a: Suicune|Surf|p2a: Skarmory","|-damage|p2a: Skarmory|93/333 par","|move|p2a: Skarmory|Roar|p1a: Suicune","|drag|p1a: Claydol|Claydol|324/324 slp","|","|-weather|Sandstorm|[upkeep]","|-heal|p2a: Skarmory|113/333 par|[from] item: Leftovers","|upkeep","|turn|92","||adding 10 for new turn","|","|t:|1753079303","|cant|p1a: Claydol|slp","|move|p2a: Skarmory|Roar|p1a: Claydol","|drag|p1a: Suicune|Suicune|251/401","|-damage|p1a: Suicune|151/401|[from] Spikes","|-ability|p1a: Suicune|Pressure|[silent]","|","|-weather|Sandstorm|[upkeep]","|-damage|p1a: Suicune|126/401|[from] Sandstorm","|-heal|p1a: Suicune|151/401|[from] item: Leftovers","|-heal|p2a: Skarmory|133/333 par|[from] item: Leftovers","|upkeep","|turn|93","||adding 10 for new turn","|","|t:|1753079308","|move|p1a: Suicune|Surf|p2a: Skarmory","|-damage|p2a: Skarmory|36/333 par","|move|p2a: Skarmory|Roar|p1a: Suicune","|drag|p1a: Blissey|Blissey, F|595/714","|-damage|p1a: Blissey|417/714|[from] Spikes","|","|-weather|Sandstorm|[upkeep]","|-damage|p1a: Blissey|373/714|[from] Sandstorm","|-heal|p1a: Blissey|417/714|[from] item: Leftovers","|-heal|p2a: Skarmory|56/333 par|[from] item: Leftovers","|upkeep","|turn|94","||adding 10 for new turn","|","|t:|1753079316","|move|p1a: Blissey|Soft-Boiled|p1a: Blissey","|-heal|p1a: Blissey|714/714","|move|p2a: Skarmory|Drill Peck|p1a: Blissey","|-damage|p1a: Blissey|570/714","|","|-weather|Sandstorm|[upkeep]","|-damage|p1a: Blissey|526/714|[from] Sandstorm","|-heal|p1a: Blissey|570/714|[from] item: Leftovers","|-heal|p2a: Skarmory|76/333 par|[from] item: Leftovers","|upkeep","|turn|95","||adding 10 for new turn","|","|t:|1753079322","|move|p1a: Blissey|Aromatherapy|p1a: Blissey","|-cureteam|p1a: Blissey|[from] move: Aromatherapy","|cant|p2a: Skarmory|par","|","|-weather|Sandstorm|[upkeep]","|-damage|p1a: Blissey|526/714|[from] Sandstorm","|-heal|p1a: Blissey|570/714|[from] item: Leftovers","|-heal|p2a: Skarmory|96/333 par|[from] item: Leftovers","|upkeep","|turn|96","||adding 10 for new turn","|","|t:|1753079326","|switch|p1a: Claydol|Claydol|324/324","|switch|p2a: Claydol|Claydol|210/317","|","|-weather|Sandstorm|[upkeep]","|-heal|p2a: Claydol|229/317|[from] item: Leftovers","|upkeep","|turn|97","||adding 10 for new turn","|","|t:|1753079335","|move|p2a: Claydol|Rapid Spin|p1a: Claydol","|-damage|p1a: Claydol|304/324","|-sideend|p2: foultestacceptor1|Spikes|[from] move: Rapid Spin|[of] p2a: Claydol","|move|p1a: Claydol|Rapid Spin|p2a: Claydol","|-damage|p2a: Claydol|211/317","|-sideend|p1: foultestchallenge1|Spikes|[from] move: Rapid Spin|[of] p1a: Claydol","|","|-weather|Sandstorm|[upkeep]","|-heal|p2a: Claydol|230/317|[from] item: Leftovers","|-heal|p1a: Claydol|324/324|[from] item: Leftovers","|upkeep","|turn|98","||adding 10 for new turn","|","|t:|1753079344","|switch|p1a: Suicune|Suicune|151/401","|-ability|p1a: Suicune|Pressure|[silent]","|move|p2a: Claydol|Earthquake|p1a: Suicune","|-damage|p1a: Suicune|66/401","|","|-weather|Sandstorm|[upkeep]","|-damage|p1a: Suicune|41/401|[from] Sandstorm","|-heal|p1a: Suicune|66/401|[from] item: Leftovers","|-heal|p2a: Claydol|249/317|[from] item: Leftovers","|upkeep","|turn|99","||adding 10 for new turn","|","|t:|1753079353","|switch|p2a: Blissey|Blissey, F|661/661","|move|p1a: Suicune|Surf|p2a: Blissey","|-damage|p2a: Blissey|582/661","|","|-weather|Sandstorm|[upkeep]","|-damage|p1a: Suicune|41/401|[from] Sandstorm","|-damage|p2a: Blissey|541/661|[from] Sandstorm","|-heal|p1a: Suicune|66/401|[from] item: Leftovers","|-heal|p2a: Blissey|582/661|[from] item: Leftovers","|upkeep","|turn|100","||adding 10 for new turn","|","|t:|1753079362","|move|p1a: Suicune|Rest|p1a: Suicune","|-status|p1a: Suicune|slp|[from] move: Rest","|-heal|p1a: Suicune|401/401 slp|[silent]","|move|p2a: Blissey|Seismic Toss|p1a: Suicune","|-damage|p1a: Suicune|301/401 slp","|","|-weather|Sandstorm|[upkeep]","|-damage|p1a: Suicune|276/401 slp|[from] Sandstorm","|-damage|p2a: Blissey|541/661|[from] Sandstorm","|-heal|p1a: Suicune|301/401 slp|[from] item: Leftovers","|-heal|p2a: Blissey|582/661|[from] item: Leftovers","|upkeep","|turn|101","||adding 10 for new turn","|","|t:|1753079371","|switch|p1a: Blissey|Blissey, F|570/714","|switch|p2a: Skarmory|Skarmory, M|96/333 par","|","|-weather|Sandstorm|[upkeep]","|-damage|p1a: Blissey|526/714|[from] Sandstorm","|-heal|p1a: Blissey|570/714|[from] item: Leftovers","|-heal|p2a: Skarmory|116/333 par|[from] item: Leftovers","|upkeep","|turn|102","||adding 10 for new turn","|","|t:|1753079375","|move|p1a: Blissey|Seismic Toss|p2a: Skarmory","|-damage|p2a: Skarmory|16/333 par","|move|p2a: Skarmory|Spikes|p1a: Blissey","|-sidestart|p1: foultestchallenge1|Spikes","|","|-weather|Sandstorm|[upkeep]","|-damage|p1a: Blissey|526/714|[from] Sandstorm","|-heal|p1a: Blissey|570/714|[from] item: Leftovers","|-heal|p2a: Skarmory|36/333 par|[from] item: Leftovers","|upkeep","|turn|103","||adding 10 for new turn","|","|t:|1753079381","|switch|p2a: Blissey|Blissey, F|582/661","|move|p1a: Blissey|Seismic Toss|p2a: Blissey","|-damage|p2a: Blissey|482/661","|","|-weather|Sandstorm|[upkeep]","|-damage|p2a: Blissey|441/661|[from] Sandstorm","|-damage|p1a: Blissey|526/714|[from] Sandstorm","|-heal|p2a: Blissey|482/661|[from] item: Leftovers","|-heal|p1a: Blissey|570/714|[from] item: Leftovers","|upkeep","|turn|104","||adding 10 for new turn","|","|t:|1753079390","|move|p2a: Blissey|Soft-Boiled|p2a: Blissey","|-heal|p2a: Blissey|661/661","|move|p1a: Blissey|Aromatherapy|p1a: Blissey","|-cureteam|p1a: Blissey|[from] move: Aromatherapy","|","|-weather|Sandstorm|[upkeep]","|-damage|p2a: Blissey|620/661|[from] Sandstorm","|-damage|p1a: Blissey|526/714|[from] Sandstorm","|-heal|p2a: Blissey|661/661|[from] item: Leftovers","|-heal|p1a: Blissey|570/714|[from] item: Leftovers","|upkeep","|turn|105","||adding 10 for new turn","|","|t:|1753079398","|move|p2a: Blissey|Thunder Wave|p1a: Blissey","|-status|p1a: Blissey|par","|cant|p1a: Blissey|par","|","|-weather|Sandstorm|[upkeep]","|-damage|p2a: Blissey|620/661|[from] Sandstorm","|-damage|p1a: Blissey|526/714 par|[from] Sandstorm","|-heal|p2a: Blissey|661/661|[from] item: Leftovers","|-heal|p1a: Blissey|570/714 par|[from] item: Leftovers","|upkeep","|turn|106","||adding 10 for new turn","|","|t:|1753079402","|move|p2a: Blissey|Thunder Wave|p1a: Blissey","|-fail|p1a: Blissey|par","|move|p1a: Blissey|Seismic Toss|p2a: Blissey","|-damage|p2a: Blissey|561/661","|","|-weather|Sandstorm|[upkeep]","|-damage|p2a: Blissey|520/661|[from] Sandstorm","|-damage|p1a: Blissey|526/714 par|[from] Sandstorm","|-heal|p2a: Blissey|561/661|[from] item: Leftovers","|-heal|p1a: Blissey|570/714 par|[from] item: Leftovers","|upkeep","|turn|107","||adding 10 for new turn","|","|t:|1753079408","|move|p2a: Blissey|Thunder Wave|p1a: Blissey","|-fail|p1a: Blissey|par","|move|p1a: Blissey|Soft-Boiled|p1a: Blissey","|-heal|p1a: Blissey|714/714 par","|","|-weather|Sandstorm|[upkeep]","|-damage|p2a: Blissey|520/661|[from] Sandstorm","|-damage|p1a: Blissey|670/714 par|[from] Sandstorm","|-heal|p2a: Blissey|561/661|[from] item: Leftovers","|-heal|p1a: Blissey|714/714 par|[from] item: Leftovers","|upkeep","|turn|108","||adding 10 for new turn","|","|t:|1753079412","|move|p2a: Blissey|Thunder Wave|p1a: Blissey","|-fail|p1a: Blissey|par","|cant|p1a: Blissey|par","|","|-weather|Sandstorm|[upkeep]","|-damage|p2a: Blissey|520/661|[from] Sandstorm","|-damage|p1a: Blissey|670/714 par|[from] Sandstorm","|-heal|p2a: Blissey|561/661|[from] item: Leftovers","|-heal|p1a: Blissey|714/714 par|[from] item: Leftovers","|upkeep","|turn|109","||adding 10 for new turn","|","|t:|1753079417","|-curestatus|p1a: Blissey|par|[from] ability: Natural Cure","|switch|p1a: Claydol|Claydol|324/324","|move|p2a: Blissey|Thunder Wave|p1a: Claydol","|-immune|p1a: Claydol","|","|-weather|Sandstorm|[upkeep]","|-damage|p2a: Blissey|520/661|[from] Sandstorm","|-heal|p2a: Blissey|561/661|[from] item: Leftovers","|upkeep","|turn|110","||adding 10 for new turn","|","|t:|1753079425","|move|p1a: Claydol|Rapid Spin|p2a: Blissey","|-damage|p2a: Blissey|527/661","|-sideend|p1: foultestchallenge1|Spikes|[from] move: Rapid Spin|[of] p1a: Claydol","|move|p2a: Blissey|Ice Beam|p1a: Claydol","|-supereffective|p1a: Claydol","|-damage|p1a: Claydol|184/324","|","|-weather|Sandstorm|[upkeep]","|-damage|p2a: Blissey|486/661|[from] Sandstorm","|-heal|p1a: Claydol|204/324|[from] item: Leftovers","|-heal|p2a: Blissey|527/661|[from] item: Leftovers","|upkeep","|turn|111","||adding 10 for new turn","|","|t:|1753079434","|switch|p1a: Forretress|Forretress, F|306/354","|move|p2a: Blissey|Ice Beam|p1a: Forretress","|-resisted|p1a: Forretress","|-damage|p1a: Forretress|272/354","|","|-weather|Sandstorm|[upkeep]","|-damage|p2a: Blissey|486/661|[from] Sandstorm","|-heal|p2a: Blissey|527/661|[from] item: Leftovers","|-heal|p1a: Forretress|294/354|[from] item: Leftovers","|upkeep","|turn|112","||adding 10 for new turn","|","|t:|1753079442","|move|p2a: Blissey|Thunder Wave|p1a: Forretress","|-status|p1a: Forretress|par","|move|p1a: Forretress|Spikes|p2a: Blissey","|-sidestart|p2: foultestacceptor1|Spikes","|","|-weather|Sandstorm|[upkeep]","|-damage|p2a: Blissey|486/661|[from] Sandstorm","|-heal|p2a: Blissey|527/661|[from] item: Leftovers","|-heal|p1a: Forretress|316/354 par|[from] item: Leftovers","|upkeep","|turn|113","||adding 10 for new turn","|","|t:|1753079451","|switch|p2a: Skarmory|Skarmory, M|36/333 par","|cant|p1a: Forretress|par","|","|-weather|Sandstorm|[upkeep]","|-heal|p2a: Skarmory|56/333 par|[from] item: Leftovers","|-heal|p1a: Forretress|338/354 par|[from] item: Leftovers","|upkeep","|turn|114","||adding 10 for new turn","|","|t:|1753079459","|switch|p1a: Suicune|Suicune|301/401","|-ability|p1a: Suicune|Pressure|[silent]","|move|p2a: Skarmory|Spikes|p1a: Suicune","|-sidestart|p1: foultestchallenge1|Spikes","|","|-weather|Sandstorm|[upkeep]","|-damage|p1a: Suicune|276/401|[from] Sandstorm","|-heal|p1a: Suicune|301/401|[from] item: Leftovers","|-heal|p2a: Skarmory|76/333 par|[from] item: Leftovers","|upkeep","|turn|115","||adding 10 for new turn","|","|t:|1753079463","|switch|p2a: Blissey|Blissey, F|527/661","|-damage|p2a: Blissey|445/661|[from] Spikes","|move|p1a: Suicune|Surf|p2a: Blissey","|-damage|p2a: Blissey|361/661","|","|-weather|Sandstorm|[upkeep]","|-damage|p1a: Suicune|276/401|[from] Sandstorm","|-damage|p2a: Blissey|320/661|[from] Sandstorm","|-heal|p1a: Suicune|301/401|[from] item: Leftovers","|-heal|p2a: Blissey|361/661|[from] item: Leftovers","|upkeep","|turn|116","||adding 10 for new turn","|","|t:|1753079469","|move|p1a: Suicune|Calm Mind|p1a: Suicune","|-boost|p1a: Suicune|spa|1","|-boost|p1a: Suicune|spd|1","|move|p2a: Blissey|Thunder Wave|p1a: Suicune","|-status|p1a: Suicune|par","|","|-weather|Sandstorm|[upkeep]","|-damage|p2a: Blissey|320/661|[from] Sandstorm","|-damage|p1a: Suicune|276/401 par|[from] Sandstorm","|-heal|p2a: Blissey|361/661|[from] item: Leftovers","|-heal|p1a: Suicune|301/401 par|[from] item: Leftovers","|upkeep","|turn|117","||adding 10 for new turn","|","|t:|1753079473","|move|p2a: Blissey|Soft-Boiled|p2a: Blissey","|-heal|p2a: Blissey|661/661","|move|p1a: Suicune|Calm Mind|p1a: Suicune","|-boost|p1a: Suicune|spa|1","|-boost|p1a: Suicune|spd|1","|","|-weather|Sandstorm|[upkeep]","|-damage|p2a: Blissey|620/661|[from] Sandstorm","|-damage|p1a: Suicune|276/401 par|[from] Sandstorm","|-heal|p2a: Blissey|661/661|[from] item: Leftovers","|-heal|p1a: Suicune|301/401 par|[from] item: Leftovers","|upkeep","|turn|118","||adding 10 for new turn","|","|t:|1753079478","|move|p2a: Blissey|Ice Beam|p1a: Suicune","|-resisted|p1a: Suicune","|-damage|p1a: Suicune|285/401 par","|cant|p1a: Suicune|par","|","|-weather|Sandstorm|[upkeep]","|-damage|p2a: Blissey|620/661|[from] Sandstorm","|-damage|p1a: Suicune|260/401 par|[from] Sandstorm","|-heal|p2a: Blissey|661/661|[from] item: Leftovers","|-heal|p1a: Suicune|285/401 par|[from] item: Leftovers","|upkeep","|turn|119","||adding 10 for new turn","|","|t:|1753079483","|move|p2a: Blissey|Ice Beam|p1a: Suicune","|-resisted|p1a: Suicune","|-damage|p1a: Suicune|270/401 par","|move|p1a: Suicune|Surf|p2a: Blissey","|-damage|p2a: Blissey|513/661","|","|-weather|Sandstorm|[upkeep]","|-damage|p2a: Blissey|472/661|[from] Sandstorm","|-damage|p1a: Suicune|245/401 par|[from] Sandstorm","|-heal|p2a: Blissey|513/661|[from] item: Leftovers","|-heal|p1a: Suicune|270/401 par|[from] item: Leftovers","|upkeep","|turn|120","||adding 10 for new turn","|","|t:|1753079489","|move|p2a: Blissey|Soft-Boiled|p2a: Blissey","|-heal|p2a: Blissey|661/661","|move|p1a: Suicune|Calm Mind|p1a: Suicune","|-boost|p1a: Suicune|spa|1","|-boost|p1a: Suicune|spd|1","|","|-weather|Sandstorm|[upkeep]","|-damage|p2a: Blissey|620/661|[from] Sandstorm","|-damage|p1a: Suicune|245/401 par|[from] Sandstorm","|-heal|p2a: Blissey|661/661|[from] item: Leftovers","|-heal|p1a: Suicune|270/401 par|[from] item: Leftovers","|upkeep","|turn|121","||adding 10 for new turn","|","|t:|1753079493","|move|p2a: Blissey|Ice Beam|p1a: Suicune","|-resisted|p1a: Suicune","|-damage|p1a: Suicune|257/401 par","|move|p1a: Suicune|Surf|p2a: Blissey","|-damage|p2a: Blissey|448/661","|","|-weather|Sandstorm|[upkeep]","|-damage|p2a: Blissey|407/661|[from] Sandstorm","|-damage|p1a: Suicune|232/401 par|[from] Sandstorm","|-heal|p2a: Blissey|448/661|[from] item: Leftovers","|-heal|p1a: Suicune|257/401 par|[from] item: Leftovers","|upkeep","|turn|122","||adding 10 for new turn","|","|t:|1753079499","|move|p2a: Blissey|Soft-Boiled|p2a: Blissey","|-heal|p2a: Blissey|661/661","|move|p1a: Suicune|Ice Beam|p2a: Blissey","|-damage|p2a: Blissey|531/661","|","|-weather|Sandstorm|[upkeep]","|-damage|p2a: Blissey|490/661|[from] Sandstorm","|-damage|p1a: Suicune|232/401 par|[from] Sandstorm","|-heal|p2a: Blissey|531/661|[from] item: Leftovers","|-heal|p1a: Suicune|257/401 par|[from] item: Leftovers","|upkeep","|turn|123","||adding 10 for new turn","|","|t:|1753079504","|move|p2a: Blissey|Soft-Boiled|p2a: Blissey","|-heal|p2a: Blissey|661/661","|move|p1a: Suicune|Calm Mind|p1a: Suicune","|-boost|p1a: Suicune|spa|1","|-boost|p1a: Suicune|spd|1","|","|-weather|Sandstorm|[upkeep]","|-damage|p2a: Blissey|620/661|[from] Sandstorm","|-damage|p1a: Suicune|232/401 par|[from] Sandstorm","|-heal|p2a: Blissey|661/661|[from] item: Leftovers","|-heal|p1a: Suicune|257/401 par|[from] item: Leftovers","|upkeep","|turn|124","||adding 10 for new turn","|","|t:|1753079509","|switch|p2a: Milotic|Milotic, M|367/393","|-damage|p2a: Milotic|318/393|[from] Spikes","|move|p1a: Suicune|Surf|p2a: Milotic","|-resisted|p2a: Milotic","|-damage|p2a: Milotic|200/393","|","|-weather|Sandstorm|[upkeep]","|-damage|p2a: Milotic|176/393|[from] Sandstorm","|-damage|p1a: Suicune|232/401 par|[from] Sandstorm","|-heal|p2a: Milotic|200/393|[from] item: Leftovers","|-heal|p1a: Suicune|257/401 par|[from] item: Leftovers","|upkeep","|turn|125","||adding 10 for new turn","|","|t:|1753079517","|move|p2a: Milotic|Recover|p2a: Milotic","|-heal|p2a: Milotic|393/393","|move|p1a: Suicune|Ice Beam|p2a: Milotic","|-resisted|p2a: Milotic","|-damage|p2a: Milotic|309/393","|","|-weather|Sandstorm|[upkeep]","|-damage|p2a: Milotic|285/393|[from] Sandstorm","|-damage|p1a: Suicune|232/401 par|[from] Sandstorm","|-heal|p2a: Milotic|309/393|[from] item: Leftovers","|-heal|p1a: Suicune|257/401 par|[from] item: Leftovers","|upkeep","|turn|126","||adding 10 for new turn","|","|t:|1753079526","|move|p2a: Milotic|Recover|p2a: Milotic","|-heal|p2a: Milotic|393/393","|cant|p1a: Suicune|par","|","|-weather|Sandstorm|[upkeep]","|-damage|p2a: Milotic|369/393|[from] Sandstorm","|-damage|p1a: Suicune|232/401 par|[from] Sandstorm","|-heal|p2a: Milotic|393/393|[from] item: Leftovers","|-heal|p1a: Suicune|257/401 par|[from] item: Leftovers","|upkeep","|turn|127","||adding 10 for new turn","|","|t:|1753079534","|move|p2a: Milotic|Surf|p1a: Suicune","|-resisted|p1a: Suicune","|-damage|p1a: Suicune|241/401 par","|cant|p1a: Suicune|par","|","|-weather|Sandstorm|[upkeep]","|-damage|p2a: Milotic|369/393|[from] Sandstorm","|-damage|p1a: Suicune|216/401 par|[from] Sandstorm","|-heal|p2a: Milotic|393/393|[from] item: Leftovers","|-heal|p1a: Suicune|241/401 par|[from] item: Leftovers","|upkeep","|turn|128","||adding 10 for new turn","|","|t:|1753079539","|move|p2a: Milotic|Surf|p1a: Suicune","|-resisted|p1a: Suicune","|-damage|p1a: Suicune|226/401 par","|cant|p1a: Suicune|par","|","|-weather|Sandstorm|[upkeep]","|-damage|p2a: Milotic|369/393|[from] Sandstorm","|-damage|p1a: Suicune|201/401 par|[from] Sandstorm","|-heal|p2a: Milotic|393/393|[from] item: Leftovers","|-heal|p1a: Suicune|226/401 par|[from] item: Leftovers","|upkeep","|turn|129","||adding 10 for new turn","|","|t:|1753079544","|move|p2a: Milotic|Surf|p1a: Suicune","|-resisted|p1a: Suicune","|-damage|p1a: Suicune|210/401 par","|cant|p1a: Suicune|par","|","|-weather|Sandstorm|[upkeep]","|-damage|p2a: Milotic|369/393|[from] Sandstorm","|-damage|p1a: Suicune|185/401 par|[from] Sandstorm","|-heal|p2a: Milotic|393/393|[from] item: Leftovers","|-heal|p1a: Suicune|210/401 par|[from] item: Leftovers","|upkeep","|turn|130","||adding 10 for new turn","|","|t:|1753079549","|switch|p2a: Blissey|Blissey, F|661/661","|-damage|p2a: Blissey|579/661|[from] Spikes","|move|p1a: Suicune|Ice Beam|p2a: Blissey","|-damage|p2a: Blissey|420/661","|-status|p2a: Blissey|frz","|","|-weather|Sandstorm|[upkeep]","|-damage|p2a: Blissey|379/661 frz|[from] Sandstorm","|-damage|p1a: Suicune|185/401 par|[from] Sandstorm","|-heal|p2a: Blissey|420/661 frz|[from] item: Leftovers","|-heal|p1a: Suicune|210/401 par|[from] item: Leftovers","|upkeep","|turn|131","||adding 10 for new turn","|","|t:|1753079554","|cant|p2a: Blissey|frz","|move|p1a: Suicune|Surf|p2a: Blissey","|-damage|p2a: Blissey|178/661 frz","|","|-weather|Sandstorm|[upkeep]","|-damage|p2a: Blissey|137/661 frz|[from] Sandstorm","|-damage|p1a: Suicune|185/401 par|[from] Sandstorm","|-heal|p2a: Blissey|178/661 frz|[from] item: Leftovers","|-heal|p1a: Suicune|210/401 par|[from] item: Leftovers","|upkeep","|turn|132","||adding 10 for new turn","|","|t:|1753079559","|cant|p2a: Blissey|frz","|move|p1a: Suicune|Ice Beam|p2a: Blissey","|-crit|p2a: Blissey","|-damage|p2a: Blissey|0 fnt","|faint|p2a: Blissey","||adding 5 to each for mid turn request","|","|t:|1753079564","|switch|p2a: Milotic|Milotic, M|393/393","|-damage|p2a: Milotic|344/393|[from] Spikes","|","|-weather|Sandstorm|[upkeep]","|-damage|p2a: Milotic|320/393|[from] Sandstorm","|-damage|p1a: Suicune|185/401 par|[from] Sandstorm","|-heal|p2a: Milotic|344/393|[from] item: Leftovers","|-heal|p1a: Suicune|210/401 par|[from] item: Leftovers","|upkeep","|turn|133","||adding 10 for new turn","|","|t:|1753079568","|move|p2a: Milotic|Recover|p2a: Milotic","|-heal|p2a: Milotic|393/393","|move|p1a: Suicune|Ice Beam|p2a: Milotic","|-resisted|p2a: Milotic","|-damage|p2a: Milotic|316/393","|","|-weather|Sandstorm|[upkeep]","|-damage|p2a: Milotic|292/393|[from] Sandstorm","|-damage|p1a: Suicune|185/401 par|[from] Sandstorm","|-heal|p2a: Milotic|316/393|[from] item: Leftovers","|-heal|p1a: Suicune|210/401 par|[from] item: Leftovers","|upkeep","|turn|134","||adding 10 for new turn","|","|t:|1753079573","|move|p2a: Milotic|Recover|p2a: Milotic","|-heal|p2a: Milotic|393/393","|cant|p1a: Suicune|par","|","|-weather|Sandstorm|[upkeep]","|-damage|p2a: Milotic|369/393|[from] Sandstorm","|-damage|p1a: Suicune|185/401 par|[from] Sandstorm","|-heal|p2a: Milotic|393/393|[from] item: Leftovers","|-heal|p1a: Suicune|210/401 par|[from] item: Leftovers","|upkeep","|turn|135","||adding 10 for new turn","|","|t:|1753079578","|move|p2a: Milotic|Surf|p1a: Suicune","|-resisted|p1a: Suicune","|-damage|p1a: Suicune|194/401 par","|move|p1a: Suicune|Ice Beam|p2a: Milotic","|-resisted|p2a: Milotic","|-damage|p2a: Milotic|305/393","|","|-weather|Sandstorm|[upkeep]","|-damage|p2a: Milotic|281/393|[from] Sandstorm","|-damage|p1a: Suicune|169/401 par|[from] Sandstorm","|-heal|p2a: Milotic|305/393|[from] item: Leftovers","|-heal|p1a: Suicune|194/401 par|[from] item: Leftovers","|upkeep","|turn|136","||adding 10 for new turn","|","|t:|1753079583","|move|p2a: Milotic|Recover|p2a: Milotic","|-heal|p2a: Milotic|393/393","|move|p1a: Suicune|Ice Beam|p2a: Milotic","|-resisted|p2a: Milotic","|-damage|p2a: Milotic|315/393","|","|-weather|Sandstorm|[upkeep]","|-damage|p2a: Milotic|291/393|[from] Sandstorm","|-damage|p1a: Suicune|169/401 par|[from] Sandstorm","|-heal|p2a: Milotic|315/393|[from] item: Leftovers","|-heal|p1a: Suicune|194/401 par|[from] item: Leftovers","|upkeep","|turn|137","||adding 10 for new turn","|","|t:|1753079588","|move|p2a: Milotic|Recover|p2a: Milotic","|-heal|p2a: Milotic|393/393","|move|p1a: Suicune|Ice Beam|p2a: Milotic","|-resisted|p2a: Milotic","|-damage|p2a: Milotic|314/393","|-status|p2a: Milotic|frz","|","|-weather|Sandstorm|[upkeep]","|-damage|p2a: Milotic|290/393 frz|[from] Sandstorm","|-damage|p1a: Suicune|169/401 par|[from] Sandstorm","|-heal|p2a: Milotic|314/393 frz|[from] item: Leftovers","|-heal|p1a: Suicune|194/401 par|[from] item: Leftovers","|upkeep","|turn|138","||adding 10 for new turn","|","|t:|1753079593","|cant|p2a: Milotic|frz","|move|p1a: Suicune|Ice Beam|p2a: Milotic","|-resisted|p2a: Milotic","|-crit|p2a: Milotic","|-damage|p2a: Milotic|147/393 frz","|","|-weather|Sandstorm|[upkeep]","|-damage|p2a: Milotic|123/393 frz|[from] Sandstorm","|-damage|p1a: Suicune|169/401 par|[from] Sandstorm","|-heal|p2a: Milotic|147/393 frz|[from] item: Leftovers","|-heal|p1a: Suicune|194/401 par|[from] item: Leftovers","|upkeep","|turn|139","||adding 10 for new turn","|","|t:|1753079598","|-curestatus|p2a: Milotic|frz|[msg]","|move|p2a: Milotic|Recover|p2a: Milotic","|-heal|p2a: Milotic|343/393","|move|p1a: Suicune|Surf|p2a: Milotic","|-resisted|p2a: Milotic","|-damage|p2a: Milotic|214/393","|","|-weather|Sandstorm|[upkeep]","|-damage|p2a: Milotic|190/393|[from] Sandstorm","|-damage|p1a: Suicune|169/401 par|[from] Sandstorm","|-heal|p2a: Milotic|214/393|[from] item: Leftovers","|-heal|p1a: Suicune|194/401 par|[from] item: Leftovers","|upkeep","|turn|140","||adding 10 for new turn","|","|t:|1753079602","|move|p2a: Milotic|Recover|p2a: Milotic","|-heal|p2a: Milotic|393/393","|move|p1a: Suicune|Ice Beam|p2a: Milotic","|-resisted|p2a: Milotic","|-damage|p2a: Milotic|304/393","|-status|p2a: Milotic|frz","|","|-weather|Sandstorm|[upkeep]","|-damage|p2a: Milotic|280/393 frz|[from] Sandstorm","|-damage|p1a: Suicune|169/401 par|[from] Sandstorm","|-heal|p2a: Milotic|304/393 frz|[from] item: Leftovers","|-heal|p1a: Suicune|194/401 par|[from] item: Leftovers","|upkeep","|turn|141","||adding 10 for new turn","|","|t:|1753079607","|cant|p2a: Milotic|frz","|move|p1a: Suicune|Ice Beam|p2a: Milotic","|-resisted|p2a: Milotic","|-damage|p2a: Milotic|221/393 frz","|","|-weather|Sandstorm|[upkeep]","|-damage|p2a: Milotic|197/393 frz|[from] Sandstorm","|-damage|p1a: Suicune|169/401 par|[from] Sandstorm","|-heal|p2a: Milotic|221/393 frz|[from] item: Leftovers","|-heal|p1a: Suicune|194/401 par|[from] item: Leftovers","|upkeep","|turn|142","||adding 10 for new turn","|","|t:|1753079611","|cant|p2a: Milotic|frz","|cant|p1a: Suicune|par","|","|-weather|Sandstorm|[upkeep]","|-damage|p2a: Milotic|197/393 frz|[from] Sandstorm","|-damage|p1a: Suicune|169/401 par|[from] Sandstorm","|-heal|p2a: Milotic|221/393 frz|[from] item: Leftovers","|-heal|p1a: Suicune|194/401 par|[from] item: Leftovers","|upkeep","|turn|143","||adding 10 for new turn","|","|t:|1753079616","|cant|p2a: Milotic|frz","|move|p1a: Suicune|Ice Beam|p2a: Milotic","|-resisted|p2a: Milotic","|-damage|p2a: Milotic|142/393 frz","|","|-weather|Sandstorm|[upkeep]","|-damage|p2a: Milotic|118/393 frz|[from] Sandstorm","|-damage|p1a: Suicune|169/401 par|[from] Sandstorm","|-heal|p2a: Milotic|142/393 frz|[from] item: Leftovers","|-heal|p1a: Suicune|194/401 par|[from] item: Leftovers","|upkeep","|turn|144","||adding 10 for new turn","|","|t:|1753079620","|cant|p2a: Milotic|frz","|cant|p1a: Suicune|par","|","|-weather|Sandstorm|[upkeep]","|-damage|p2a: Milotic|118/393 frz|[from] Sandstorm","|-damage|p1a: Suicune|169/401 par|[from] Sandstorm","|-heal|p2a: Milotic|142/393 frz|[from] item: Leftovers","|-heal|p1a: Suicune|194/401 par|[from] item: Leftovers","|upkeep","|turn|145","||adding 10 for new turn","|","|t:|1753079625","|-curestatus|p2a: Milotic|frz|[msg]","|move|p2a: Milotic|Recover|p2a: Milotic","|-heal|p2a: Milotic|338/393","|cant|p1a: Suicune|par","|","|-weather|Sandstorm|[upkeep]","|-damage|p2a: Milotic|314/393|[from] Sandstorm","|-damage|p1a: Suicune|169/401 par|[from] Sandstorm","|-heal|p2a: Milotic|338/393|[from] item: Leftovers","|-heal|p1a: Suicune|194/401 par|[from] item: Leftovers","|upkeep","|turn|146","||adding 10 for new turn","|","|t:|1753079629","|move|p2a: Milotic|Recover|p2a: Milotic","|-heal|p2a: Milotic|393/393","|move|p1a: Suicune|Ice Beam|p2a: Milotic","|-resisted|p2a: Milotic","|-damage|p2a: Milotic|308/393","|-status|p2a: Milotic|frz","|","|-weather|Sandstorm|[upkeep]","|-damage|p2a: Milotic|284/393 frz|[from] Sandstorm","|-damage|p1a: Suicune|169/401 par|[from] Sandstorm","|-heal|p2a: Milotic|308/393 frz|[from] item: Leftovers","|-heal|p1a: Suicune|194/401 par|[from] item: Leftovers","|upkeep","|turn|147","||adding 10 for new turn","|","|t:|1753079634","|cant|p2a: Milotic|frz","|move|p1a: Suicune|Calm Mind|p1a: Suicune","|-boost|p1a: Suicune|spa|1","|-boost|p1a: Suicune|spd|1","|","|-weather|Sandstorm|[upkeep]","|-damage|p2a: Milotic|284/393 frz|[from] Sandstorm","|-damage|p1a: Suicune|169/401 par|[from] Sandstorm","|-heal|p2a: Milotic|308/393 frz|[from] item: Leftovers","|-heal|p1a: Suicune|194/401 par|[from] item: Leftovers","|upkeep","|turn|148","||adding 10 for new turn","|","|t:|1753079638","|-curestatus|p2a: Milotic|frz|[msg]","|move|p2a: Milotic|Recover|p2a: Milotic","|-heal|p2a: Milotic|393/393","|cant|p1a: Suicune|par","|","|-weather|Sandstorm|[upkeep]","|-damage|p2a: Milotic|369/393|[from] Sandstorm","|-damage|p1a: Suicune|169/401 par|[from] Sandstorm","|-heal|p2a: Milotic|393/393|[from] item: Leftovers","|-heal|p1a: Suicune|194/401 par|[from] item: Leftovers","|upkeep","|turn|149","||adding 10 for new turn","|","|t:|1753079643","|move|p2a: Milotic|Surf|p1a: Suicune","|-resisted|p1a: Suicune","|-crit|p1a: Suicune","|-damage|p1a: Suicune|89/401 par","|cant|p1a: Suicune|par","|","|-weather|Sandstorm|[upkeep]","|-damage|p2a: Milotic|369/393|[from] Sandstorm","|-damage|p1a: Suicune|64/401 par|[from] Sandstorm","|-heal|p2a: Milotic|393/393|[from] item: Leftovers","|-heal|p1a: Suicune|89/401 par|[from] item: Leftovers","|upkeep","|turn|150","||adding 10 for new turn","|","|t:|1753079647","|switch|p2a: Skarmory|Skarmory, M|76/333 par","|move|p1a: Suicune|Ice Beam|p2a: Skarmory","|-damage|p2a: Skarmory|0 fnt","|faint|p2a: Skarmory","||adding 5 to each for mid turn request","|","|t:|1753079651","|switch|p2a: Dugtrio|Dugtrio, F|211/211","|-damage|p2a: Dugtrio|185/211|[from] Spikes","|","|-weather|Sandstorm|[upkeep]","|-damage|p1a: Suicune|64/401 par|[from] Sandstorm","|-heal|p1a: Suicune|89/401 par|[from] item: Leftovers","|upkeep","|turn|151","||adding 10 for new turn","|","|t:|1753079659","|move|p2a: Dugtrio|Earthquake|p1a: Suicune","|-damage|p1a: Suicune|0 fnt","|faint|p1a: Suicune","||adding 5 to each for mid turn request","|","|t:|1753079667","|switch|p1a: Snorlax|Snorlax, F|403/497","|-damage|p1a: Snorlax|341/497|[from] Spikes","|","|-weather|Sandstorm|[upkeep]","|-damage|p1a: Snorlax|310/497|[from] Sandstorm","|-heal|p1a: Snorlax|341/497|[from] item: Leftovers","|upkeep","|turn|152","||adding 10 for new turn","|","|t:|1753079675","|move|p2a: Dugtrio|Earthquake|p1a: Snorlax","|-damage|p1a: Snorlax|114/497","|move|p1a: Snorlax|Return|p2a: Dugtrio","|-damage|p2a: Dugtrio|0 fnt","|faint|p2a: Dugtrio","||adding 5 to each for mid turn request","|","|t:|1753079679","|switch|p2a: Claydol|Claydol|249/317","|","|-weather|Sandstorm|[upkeep]","|-damage|p1a: Snorlax|83/497|[from] Sandstorm","|-heal|p2a: Claydol|268/317|[from] item: Leftovers","|-heal|p1a: Snorlax|114/497|[from] item: Leftovers","|upkeep","|turn|153","||adding 10 for new turn","|","|t:|1753079687","|switch|p2a: Milotic|Milotic, M|393/393","|-damage|p2a: Milotic|344/393|[from] Spikes","|switch|p1a: Claydol|Claydol|204/324","|","|-weather|Sandstorm|[upkeep]","|-damage|p2a: Milotic|320/393|[from] Sandstorm","|-heal|p2a: Milotic|344/393|[from] item: Leftovers","|-heal|p1a: Claydol|224/324|[from] item: Leftovers","|upkeep","|turn|154","||adding 10 for new turn","|","|t:|1753079695","|switch|p1a: Blissey|Blissey, F|714/714","|-damage|p1a: Blissey|625/714|[from] Spikes","|move|p2a: Milotic|Surf|p1a: Blissey","|-damage|p1a: Blissey|542/714","|","|-weather|Sandstorm|[upkeep]","|-damage|p2a: Milotic|320/393|[from] Sandstorm","|-damage|p1a: Blissey|498/714|[from] Sandstorm","|-heal|p2a: Milotic|344/393|[from] item: Leftovers","|-heal|p1a: Blissey|542/714|[from] item: Leftovers","|upkeep","|turn|155","||adding 10 for new turn","|","|t:|1753079700","|switch|p2a: Claydol|Claydol|268/317","|move|p1a: Blissey|Seismic Toss|p2a: Claydol","|-damage|p2a: Claydol|168/317","|","|-weather|Sandstorm|[upkeep]","|-damage|p1a: Blissey|498/714|[from] Sandstorm","|-heal|p2a: Claydol|187/317|[from] item: Leftovers","|-heal|p1a: Blissey|542/714|[from] item: Leftovers","|upkeep","|turn|156","||adding 10 for new turn","|","|t:|1753079708","|switch|p1a: Claydol|Claydol|224/324","|move|p2a: Claydol|Earthquake|p1a: Claydol","|-immune|p1a: Claydol","|","|-weather|Sandstorm|[upkeep]","|-heal|p2a: Claydol|206/317|[from] item: Leftovers","|-heal|p1a: Claydol|244/324|[from] item: Leftovers","|upkeep","|turn|157","||adding 10 for new turn","|","|t:|1753079717","|move|p2a: Claydol|Rapid Spin|p1a: Claydol","|-damage|p1a: Claydol|226/324","|-sideend|p2: foultestacceptor1|Spikes|[from] move: Rapid Spin|[of] p2a: Claydol","|move|p1a: Claydol|Rapid Spin|p2a: Claydol","|-damage|p2a: Claydol|189/317","|-sideend|p1: foultestchallenge1|Spikes|[from] move: Rapid Spin|[of] p1a: Claydol","|","|-weather|Sandstorm|[upkeep]","|-heal|p2a: Claydol|208/317|[from] item: Leftovers","|-heal|p1a: Claydol|246/324|[from] item: Leftovers","|upkeep","|turn|158","||adding 10 for new turn","|","|t:|1753079725","|switch|p2a: Milotic|Milotic, M|344/393","|move|p1a: Claydol|Psychic|p2a: Milotic","|-damage|p2a: Milotic|270/393","|","|-weather|Sandstorm|[upkeep]","|-damage|p2a: Milotic|246/393|[from] Sandstorm","|-heal|p2a: Milotic|270/393|[from] item: Leftovers","|-heal|p1a: Claydol|266/324|[from] item: Leftovers","|upkeep","|turn|159","||adding 10 for new turn","|","|t:|1753079730","|switch|p1a: Blissey|Blissey, F|542/714","|move|p2a: Milotic|Recover|p2a: Milotic","|-heal|p2a: Milotic|393/393","|","|-weather|Sandstorm|[upkeep]","|-damage|p2a: Milotic|369/393|[from] Sandstorm","|-damage|p1a: Blissey|498/714|[from] Sandstorm","|-heal|p2a: Milotic|393/393|[from] item: Leftovers","|-heal|p1a: Blissey|542/714|[from] item: Leftovers","|upkeep","|turn|160","||adding 10 for new turn","|","|t:|1753079734","|move|p2a: Milotic|Surf|p1a: Blissey","|-damage|p1a: Blissey|455/714","|move|p1a: Blissey|Seismic Toss|p2a: Milotic","|-damage|p2a: Milotic|293/393","|","|-weather|Sandstorm|[upkeep]","|-damage|p2a: Milotic|269/393|[from] Sandstorm","|-damage|p1a: Blissey|411/714|[from] Sandstorm","|-heal|p2a: Milotic|293/393|[from] item: Leftovers","|-heal|p1a: Blissey|455/714|[from] item: Leftovers","|upkeep","|turn|161","||adding 10 for new turn","|","|t:|1753079739","|move|p2a: Milotic|Recover|p2a: Milotic","|-heal|p2a: Milotic|393/393","|move|p1a: Blissey|Seismic Toss|p2a: Milotic","|-damage|p2a: Milotic|293/393","|","|-weather|Sandstorm|[upkeep]","|-damage|p2a: Milotic|269/393|[from] Sandstorm","|-damage|p1a: Blissey|411/714|[from] Sandstorm","|-heal|p2a: Milotic|293/393|[from] item: Leftovers","|-heal|p1a: Blissey|455/714|[from] item: Leftovers","|upkeep","|turn|162","||adding 10 for new turn","|","|t:|1753079744","|move|p2a: Milotic|Recover|p2a: Milotic","|-heal|p2a: Milotic|393/393","|move|p1a: Blissey|Seismic Toss|p2a: Milotic","|-damage|p2a: Milotic|293/393","|","|-weather|Sandstorm|[upkeep]","|-damage|p2a: Milotic|269/393|[from] Sandstorm","|-damage|p1a: Blissey|411/714|[from] Sandstorm","|-heal|p2a: Milotic|293/393|[from] item: Leftovers","|-heal|p1a: Blissey|455/714|[from] item: Leftovers","|upkeep","|turn|163","||adding 10 for new turn","|","|t:|1753079749","|move|p2a: Milotic|Recover|p2a: Milotic","|-heal|p2a: Milotic|393/393","|move|p1a: Blissey|Seismic Toss|p2a: Milotic","|-damage|p2a: Milotic|293/393","|","|-weather|Sandstorm|[upkeep]","|-damage|p2a: Milotic|269/393|[from] Sandstorm","|-damage|p1a: Blissey|411/714|[from] Sandstorm","|-heal|p2a: Milotic|293/393|[from] item: Leftovers","|-heal|p1a: Blissey|455/714|[from] item: Leftovers","|upkeep","|turn|164","||adding 10 for new turn","|","|t:|1753079753","|move|p2a: Milotic|Recover|p2a: Milotic","|-heal|p2a: Milotic|393/393","|move|p1a: Blissey|Seismic Toss|p2a: Milotic","|-damage|p2a: Milotic|293/393","|","|-weather|Sandstorm|[upkeep]","|-damage|p2a: Milotic|269/393|[from] Sandstorm","|-damage|p1a: Blissey|411/714|[from] Sandstorm","|-heal|p2a: Milotic|293/393|[from] item: Leftovers","|-heal|p1a: Blissey|455/714|[from] item: Leftovers","|upkeep","|turn|165","||adding 10 for new turn","|","|t:|1753079758","|move|p2a: Milotic|Recover|p2a: Milotic","|-heal|p2a: Milotic|393/393","|move|p1a: Blissey|Seismic Toss|p2a: Milotic","|-damage|p2a: Milotic|293/393","|","|-weather|Sandstorm|[upkeep]","|-damage|p2a: Milotic|269/393|[from] Sandstorm","|-damage|p1a: Blissey|411/714|[from] Sandstorm","|-heal|p2a: Milotic|293/393|[from] item: Leftovers","|-heal|p1a: Blissey|455/714|[from] item: Leftovers","|upkeep","|turn|166","||adding 10 for new turn","|","|t:|1753079763","|move|p2a: Milotic|Recover|p2a: Milotic","|-heal|p2a: Milotic|393/393","|move|p1a: Blissey|Soft-Boiled|p1a: Blissey","|-heal|p1a: Blissey|714/714","|","|-weather|Sandstorm|[upkeep]","|-damage|p2a: Milotic|369/393|[from] Sandstorm","|-damage|p1a: Blissey|670/714|[from] Sandstorm","|-heal|p2a: Milotic|393/393|[from] item: Leftovers","|-heal|p1a: Blissey|714/714|[from] item: Leftovers","|upkeep","|turn|167","||adding 10 for new turn","|","|t:|1753079767","|move|p2a: Milotic|Surf|p1a: Blissey","|-damage|p1a: Blissey|633/714","|move|p1a: Blissey|Seismic Toss|p2a: Milotic","|-damage|p2a: Milotic|293/393","|","|-weather|Sandstorm|[upkeep]","|-damage|p2a: Milotic|269/393|[from] Sandstorm","|-damage|p1a: Blissey|589/714|[from] Sandstorm","|-heal|p2a: Milotic|293/393|[from] item: Leftovers","|-heal|p1a: Blissey|633/714|[from] item: Leftovers","|upkeep","|turn|168","||adding 10 for new turn","|","|t:|1753079772","|move|p2a: Milotic|Recover|p2a: Milotic","|-heal|p2a: Milotic|393/393","|move|p1a: Blissey|Seismic Toss|p2a: Milotic","|-damage|p2a: Milotic|293/393","|","|-weather|Sandstorm|[upkeep]","|-damage|p2a: Milotic|269/393|[from] Sandstorm","|-damage|p1a: Blissey|589/714|[from] Sandstorm","|-heal|p2a: Milotic|293/393|[from] item: Leftovers","|-heal|p1a: Blissey|633/714|[from] item: Leftovers","|upkeep","|turn|169","||adding 10 for new turn","|","|t:|1753079777","|move|p2a: Milotic|Recover|p2a: Milotic","|-heal|p2a: Milotic|393/393","|move|p1a: Blissey|Seismic Toss|p2a: Milotic","|-damage|p2a: Milotic|293/393","|","|-weather|Sandstorm|[upkeep]","|-damage|p2a: Milotic|269/393|[from] Sandstorm","|-damage|p1a: Blissey|589/714|[from] Sandstorm","|-heal|p2a: Milotic|293/393|[from] item: Leftovers","|-heal|p1a: Blissey|633/714|[from] item: Leftovers","|upkeep","|turn|170","||adding 10 for new turn","|","|t:|1753079782","|move|p2a: Milotic|Recover|p2a: Milotic","|-heal|p2a: Milotic|393/393","|move|p1a: Blissey|Seismic Toss|p2a: Milotic","|-damage|p2a: Milotic|293/393","|","|-weather|Sandstorm|[upkeep]","|-damage|p2a: Milotic|269/393|[from] Sandstorm","|-damage|p1a: Blissey|589/714|[from] Sandstorm","|-heal|p2a: Milotic|293/393|[from] item: Leftovers","|-heal|p1a: Blissey|633/714|[from] item: Leftovers","|upkeep","|turn|171","||adding 10 for new turn","|","|t:|1753079786","|move|p2a: Milotic|Recover|p2a: Milotic","|-heal|p2a: Milotic|393/393","|move|p1a: Blissey|Aromatherapy|p1a: Blissey","|-cureteam|p1a: Blissey|[from] move: Aromatherapy","|","|-weather|Sandstorm|[upkeep]","|-damage|p2a: Milotic|369/393|[from] Sandstorm","|-damage|p1a: Blissey|589/714|[from] Sandstorm","|-heal|p2a: Milotic|393/393|[from] item: Leftovers","|-heal|p1a: Blissey|633/714|[from] item: Leftovers","|upkeep","|turn|172","||adding 10 for new turn","|","|t:|1753079790","|move|p2a: Milotic|Toxic|p1a: Blissey","|-status|p1a: Blissey|tox","|move|p1a: Blissey|Seismic Toss|p2a: Milotic","|-damage|p2a: Milotic|293/393","|","|-weather|Sandstorm|[upkeep]","|-damage|p2a: Milotic|269/393|[from] Sandstorm","|-damage|p1a: Blissey|589/714 tox|[from] Sandstorm","|-heal|p2a: Milotic|293/393|[from] item: Leftovers","|-heal|p1a: Blissey|633/714 tox|[from] item: Leftovers","|-damage|p1a: Blissey|589/714 tox|[from] psn","|upkeep","|turn|173","||adding 10 for new turn","|","|t:|1753079795","|move|p2a: Milotic|Recover|p2a: Milotic","|-heal|p2a: Milotic|393/393","|move|p1a: Blissey|Aromatherapy|p1a: Blissey","|-cureteam|p1a: Blissey|[from] move: Aromatherapy","|","|-weather|Sandstorm|[upkeep]","|-damage|p2a: Milotic|369/393|[from] Sandstorm","|-damage|p1a: Blissey|545/714|[from] Sandstorm","|-heal|p2a: Milotic|393/393|[from] item: Leftovers","|-heal|p1a: Blissey|589/714|[from] item: Leftovers","|upkeep","|turn|174","||adding 10 for new turn","|","|t:|1753079799","|move|p2a: Milotic|Toxic|p1a: Blissey","|-status|p1a: Blissey|tox","|move|p1a: Blissey|Seismic Toss|p2a: Milotic","|-damage|p2a: Milotic|293/393","|","|-weather|Sandstorm|[upkeep]","|-damage|p2a: Milotic|269/393|[from] Sandstorm","|-damage|p1a: Blissey|545/714 tox|[from] Sandstorm","|-heal|p2a: Milotic|293/393|[from] item: Leftovers","|-heal|p1a: Blissey|589/714 tox|[from] item: Leftovers","|-damage|p1a: Blissey|545/714 tox|[from] psn","|upkeep","|turn|175","||adding 10 for new turn","|","|t:|1753079804","|move|p2a: Milotic|Recover|p2a: Milotic","|-heal|p2a: Milotic|393/393","|move|p1a: Blissey|Aromatherapy|p1a: Blissey","|-cureteam|p1a: Blissey|[from] move: Aromatherapy","|","|-weather|Sandstorm|[upkeep]","|-damage|p2a: Milotic|369/393|[from] Sandstorm","|-damage|p1a: Blissey|501/714|[from] Sandstorm","|-heal|p2a: Milotic|393/393|[from] item: Leftovers","|-heal|p1a: Blissey|545/714|[from] item: Leftovers","|upkeep","|turn|176","||adding 10 for new turn","|","|t:|1753079808","|move|p2a: Milotic|Toxic|p1a: Blissey","|-status|p1a: Blissey|tox","|move|p1a: Blissey|Soft-Boiled|p1a: Blissey","|-heal|p1a: Blissey|714/714 tox","|","|-weather|Sandstorm|[upkeep]","|-damage|p2a: Milotic|369/393|[from] Sandstorm","|-damage|p1a: Blissey|670/714 tox|[from] Sandstorm","|-heal|p2a: Milotic|393/393|[from] item: Leftovers","|-heal|p1a: Blissey|714/714 tox|[from] item: Leftovers","|-damage|p1a: Blissey|670/714 tox|[from] psn","|upkeep","|turn|177","||adding 10 for new turn","|","|t:|1753079813","|move|p2a: Milotic|Surf|p1a: Blissey","|-damage|p1a: Blissey|586/714 tox","|move|p1a: Blissey|Aromatherapy|p1a: Blissey","|-cureteam|p1a: Blissey|[from] move: Aromatherapy","|","|-weather|Sandstorm|[upkeep]","|-damage|p2a: Milotic|369/393|[from] Sandstorm","|-damage|p1a: Blissey|542/714|[from] Sandstorm","|-heal|p2a: Milotic|393/393|[from] item: Leftovers","|-heal|p1a: Blissey|586/714|[from] item: Leftovers","|upkeep","|turn|178","||adding 10 for new turn","|","|t:|1753079818","|move|p2a: Milotic|Toxic|p1a: Blissey","|-status|p1a: Blissey|tox","|move|p1a: Blissey|Thunder Wave|p2a: Milotic","|-status|p2a: Milotic|par","|","|-weather|Sandstorm|[upkeep]","|-damage|p1a: Blissey|542/714 tox|[from] Sandstorm","|-damage|p2a: Milotic|369/393 par|[from] Sandstorm","|-heal|p1a: Blissey|586/714 tox|[from] item: Leftovers","|-damage|p1a: Blissey|542/714 tox|[from] psn","|-heal|p2a: Milotic|393/393 par|[from] item: Leftovers","|upkeep","|turn|179","||adding 10 for new turn","|","|t:|1753079822","|-curestatus|p1a: Blissey|tox|[from] ability: Natural Cure","|switch|p1a: Forretress|Forretress, F|338/354","|cant|p2a: Milotic|par","|","|-weather|Sandstorm|[upkeep]","|-damage|p2a: Milotic|369/393 par|[from] Sandstorm","|-heal|p1a: Forretress|354/354|[from] item: Leftovers","|-heal|p2a: Milotic|393/393 par|[from] item: Leftovers","|upkeep","|turn|180","||adding 10 for new turn","|","|t:|1753079830","|switch|p1a: Blissey|Blissey, F|542/714","|cant|p2a: Milotic|par","|","|-weather|Sandstorm|[upkeep]","|-damage|p1a: Blissey|498/714|[from] Sandstorm","|-damage|p2a: Milotic|369/393 par|[from] Sandstorm","|-heal|p1a: Blissey|542/714|[from] item: Leftovers","|-heal|p2a: Milotic|393/393 par|[from] item: Leftovers","|upkeep","|turn|181","||adding 10 for new turn","|","|t:|1753079835","|move|p1a: Blissey|Soft-Boiled|p1a: Blissey","|-heal|p1a: Blissey|714/714","|cant|p2a: Milotic|par","|","|-weather|Sandstorm|[upkeep]","|-damage|p1a: Blissey|670/714|[from] Sandstorm","|-damage|p2a: Milotic|369/393 par|[from] Sandstorm","|-heal|p1a: Blissey|714/714|[from] item: Leftovers","|-heal|p2a: Milotic|393/393 par|[from] item: Leftovers","|upkeep","|turn|182","||adding 10 for new turn","|","|t:|1753079839","|move|p1a: Blissey|Seismic Toss|p2a: Milotic","|-damage|p2a: Milotic|293/393 par","|move|p2a: Milotic|Surf|p1a: Blissey","|-damage|p1a: Blissey|635/714","|","|-weather|Sandstorm|[upkeep]","|-damage|p1a: Blissey|591/714|[from] Sandstorm","|-damage|p2a: Milotic|269/393 par|[from] Sandstorm","|-heal|p1a: Blissey|635/714|[from] item: Leftovers","|-heal|p2a: Milotic|293/393 par|[from] item: Leftovers","|upkeep","|turn|183","||adding 10 for new turn","|","|t:|1753079844","|move|p1a: Blissey|Seismic Toss|p2a: Milotic","|-damage|p2a: Milotic|193/393 par","|move|p2a: Milotic|Surf|p1a: Blissey","|-damage|p1a: Blissey|546/714","|","|-weather|Sandstorm|[upkeep]","|-damage|p1a: Blissey|502/714|[from] Sandstorm","|-damage|p2a: Milotic|169/393 par|[from] Sandstorm","|-heal|p1a: Blissey|546/714|[from] item: Leftovers","|-heal|p2a: Milotic|193/393 par|[from] item: Leftovers","|upkeep","|turn|184","||adding 10 for new turn","|","|t:|1753079849","|move|p1a: Blissey|Seismic Toss|p2a: Milotic","|-damage|p2a: Milotic|93/393 par","|cant|p2a: Milotic|par","|","|-weather|Sandstorm|[upkeep]","|-damage|p1a: Blissey|502/714|[from] Sandstorm","|-damage|p2a: Milotic|69/393 par|[from] Sandstorm","|-heal|p1a: Blissey|546/714|[from] item: Leftovers","|-heal|p2a: Milotic|93/393 par|[from] item: Leftovers","|upkeep","|turn|185","||adding 10 for new turn","|","|t:|1753079853","|switch|p2a: Claydol|Claydol|208/317","|move|p1a: Blissey|Seismic Toss|p2a: Claydol","|-damage|p2a: Claydol|108/317","|","|-weather|Sandstorm|[upkeep]","|-damage|p1a: Blissey|502/714|[from] Sandstorm","|-heal|p2a: Claydol|127/317|[from] item: Leftovers","|-heal|p1a: Blissey|546/714|[from] item: Leftovers","|upkeep","|turn|186","||adding 10 for new turn","|","|t:|1753079861","|move|p2a: Claydol|Earthquake|p1a: Blissey","|-damage|p1a: Blissey|306/714","|move|p1a: Blissey|Seismic Toss|p2a: Claydol","|-damage|p2a: Claydol|27/317","|","|-weather|Sandstorm|[upkeep]","|-damage|p1a: Blissey|262/714|[from] Sandstorm","|-heal|p2a: Claydol|46/317|[from] item: Leftovers","|-heal|p1a: Blissey|306/714|[from] item: Leftovers","|upkeep","|turn|187","||adding 10 for new turn","|","|t:|1753079869","|move|p2a: Claydol|Earthquake|p1a: Blissey","|-damage|p1a: Blissey|74/714","|move|p1a: Blissey|Seismic Toss|p2a: Claydol","|-damage|p2a: Claydol|0 fnt","|faint|p2a: Claydol","||adding 5 to each for mid turn request","|","|t:|1753079873","|switch|p2a: Milotic|Milotic, M|93/393 par","|","|-weather|Sandstorm|[upkeep]","|-damage|p1a: Blissey|30/714|[from] Sandstorm","|-damage|p2a: Milotic|69/393 par|[from] Sandstorm","|-heal|p1a: Blissey|74/714|[from] item: Leftovers","|-heal|p2a: Milotic|93/393 par|[from] item: Leftovers","|upkeep","|turn|188","||adding 10 for new turn","|","|t:|1753079876","|move|p1a: Blissey|Seismic Toss|p2a: Milotic","|-damage|p2a: Milotic|0 fnt","|faint|p2a: Milotic","|","|win|foultestchallenge1",""],"p1rating":null,"p2rating":null,"endType":"normal","ladderError":true,"timestamp":"Sun Jul 20 2025 23:37:56 GMT-0700 (アメリカ太平洋夏時間)","roomid":"battle-gen3ou-1135","format":"gen3ou"}