{"winner":"foultestchallenge1","seed":"sodium,37ca67893121261c35da44fbf54810f3","turns":71,"p1":"foultestchallenge1","p2":"foultestacceptor1","p1team":[{"name":"Zapdos","species":"Zapdos","item":"Leftovers","ability":"Pressure","moves":["Thunderbolt","Hidden Power Grass","Baton Pass","Roar"],"nature":"Modest","evs":{"hp":0,"atk":0,"def":0,"spa":220,"spd":48,"spe":240},"gender":"N","ivs":{"hp":31,"atk":2,"def":31,"spa":30,"spd":31,"spe":31},"happiness":255,"hpType":"Grass","pokeball":"","gigantamax":false,"dynamaxLevel":10,"teraType":"","level":100},{"name":"Metagross","species":"Metagross","item":"Choice Band","ability":"Clear Body","moves":["Meteor Mash","Explosion","Earthquake","Rock Slide"],"nature":"Adamant","evs":{"hp":128,"atk":252,"def":0,"spa":0,"spd":0,"spe":128},"gender":"N","level":100,"ivs":{"hp":31,"atk":31,"def":31,"spa":31,"spd":31,"spe":31}},{"name":"Celebi","species":"Celebi","item":"Leftovers","ability":"Natural Cure","moves":["Calm Mind","Giga Drain","Hidden Power Ice","Baton Pass"],"nature":"Timid","evs":{"hp":208,"atk":0,"def":84,"spa":36,"spd":0,"spe":180},"gender":"N","ivs":{"hp":31,"atk":3,"def":31,"spa":31,"spd":31,"spe":30},"happiness":255,"hpType":"Ice","pokeball":"","gigantamax":false,"dynamaxLevel":10,"teraType":"","level":100},{"name":"Gengar","species":"Gengar","item":"Leftovers","ability":"Levitate","moves":["Thunderbolt","Ice Punch","Giga Drain","Explosion"],"nature":"Timid","evs":{"hp":8,"atk":0,"def":200,"spa":116,"spd":0,"spe":184},"gender":"F","level":100,"ivs":{"hp":31,"atk":31,"def":31,"spa":31,"spd":31,"spe":31}},{"name":"Swampert","species":"Swampert","item":"Leftovers","ability":"Torrent","moves":["Hydro Pump","Earthquake","Ice Beam","Refresh"],"nature":"Quiet","evs":{"hp":240,"atk":0,"def":12,"spa":216,"spd":0,"spe":40},"gender":"M","level":100,"ivs":{"hp":31,"atk":31,"def":31,"spa":31,"spd":31,"spe":31}},{"name":"Charizard","species":"Charizard","item":"Leftovers","ability":"Blaze","moves":["Substitute","Hidden Power Grass","Fire Blast","Focus Punch"],"nature":"Mild","evs":{"hp":0,"atk":4,"def":0,"spa":252,"spd":0,"spe":252},"gender":"M","ivs":{"hp":31,"atk":30,"def":31,"spa":30,"spd":31,"spe":31},"happiness":255,"hpType":"Grass","pokeball":"","gigantamax":false,"dynamaxLevel":10,"teraType":"","level":100}],"p2team":[{"name":"Dugtrio","species":"Dugtrio","item":"Choice Band","ability":"Arena Trap","moves":["Earthquake","Hidden Power Bug","Aerial Ace","Sunny Day"],"nature":"Adamant","evs":{"hp":96,"atk":168,"def":20,"spa":0,"spd":0,"spe":224},"gender":"M","ivs":{"hp":31,"atk":30,"def":30,"spa":31,"spd":30,"spe":31},"happiness":255,"hpType":"Bug","pokeball":"","gigantamax":false,"dynamaxLevel":10,"teraType":"","level":100},{"name":"Forretress","species":"Forretress","item":"Leftovers","ability":"Sturdy","moves":["Spikes","Zap Cannon","Explosion","Hidden Power Bug"],"nature":"Careful","evs":{"hp":252,"atk":0,"def":4,"spa":0,"spd":252,"spe":0},"gender":"M","ivs":{"hp":31,"atk":30,"def":30,"spa":31,"spd":30,"spe":31},"happiness":255,"hpType":"Bug","pokeball":"","gigantamax":false,"dynamaxLevel":10,"teraType":"","level":100},{"name":"Snorlax","species":"Snorlax","item":"Leftovers","ability":"Immunity","moves":["Return","Curse","Rest","Shadow Ball"],"nature":"Careful","evs":{"hp":144,"atk":96,"def":132,"spa":0,"spd":136,"spe":0},"gender":"M","level":100,"ivs":{"hp":31,"atk":31,"def":31,"spa":31,"spd":31,"spe":31}},{"name":"Suicune","species":"Suicune","item":"Leftovers","ability":"Pressure","moves":["Calm Mind","Rest","Ice Beam","Surf"],"nature":"Bold","evs":{"hp":240,"atk":0,"def":252,"spa":0,"spd":0,"spe":16},"gender":"N","ivs":{"hp":31,"atk":0,"def":31,"spa":31,"spd":31,"spe":31},"level":100},{"name":"Claydol","species":"Claydol","item":"Leftovers","ability":"Levitate","moves":["Earthquake","Psychic","Rapid Spin","Rest"],"nature":"Lonely","evs":{"hp":252,"atk":224,"def":0,"spa":24,"spd":0,"spe":8},"gender":"N","level":100,"ivs":{"hp":31,"atk":31,"def":31,"spa":31,"spd":31,"spe":31}},{"name":"Blissey","species":"Blissey","item":"Leftovers","ability":"Natural Cure","moves":["Soft-Boiled","Seismic Toss","Thunder Wave","Aromatherapy"],"nature":"Bold","evs":{"hp":252,"atk":0,"def":252,"spa":0,"spd":0,"spe":4},"gender":"F","ivs":{"hp":31,"atk":0,"def":31,"spa":31,"spd":31,"spe":31},"level":100}],"score":[4,0],"inputLog":[">version 372d05e49c92a79eecdf6c8dddb208bd1765c00f",">start {\"formatid\":\"gen3ou\",\"seed\":\"sodium,37ca67893121261c35da44fbf54810f3\"}",">player p1 {\"name\":\"foultestchallenge1\",\"avatar\":\"169\",\"team\":\"Zapdos||Leftovers|Pressure|Thunderbolt,HiddenPowerGrass,BatonPass,Roar|Modest|,,,220,48,240|N|,2,,30,,|||,Grass,,,,]Metagross||ChoiceBand|ClearBody|MeteorMash,Explosion,Earthquake,RockSlide|Adamant|128,252,,,,128|N||||]Celebi||Leftovers|NaturalCure|CalmMind,GigaDrain,HiddenPowerIce,BatonPass|Timid|208,,84,36,,180|N|,3,,,,30|||,Ice,,,,]Gengar||Leftovers|Levitate|Thunderbolt,IcePunch,GigaDrain,Explosion|Timid|8,,200,116,,184|F||||]Swampert||Leftovers|Torrent|HydroPump,Earthquake,IceBeam,Refresh|Quiet|240,,12,216,,40|M||||]Charizard||Leftovers|Blaze|Substitute,HiddenPowerGrass,FireBlast,FocusPunch|Mild|,4,,252,,252|M|,30,,30,,|||,Grass,,,,\",\"rating\":0}",">player p2 {\"name\":\"foultestacceptor1\",\"avatar\":\"102\",\"team\":\"Dugtrio||ChoiceBand|ArenaTrap|Earthquake,HiddenPowerBug,AerialAce,SunnyDay|Adamant|96,168,20,,,224|M|,30,30,,30,|||,Bug,,,,]Forretress||Leftovers|Sturdy|Spikes,ZapCannon,Explosion,HiddenPowerBug|Careful|252,,4,,252,|M|,30,30,,30,|||,Bug,,,,]Snorlax||Leftovers|Immunity|Return,Curse,Rest,ShadowBall|Careful|144,96,132,,136,|M||||]Suicune||Leftovers|Pressure|CalmMind,Rest,IceBeam,Surf|Bold|240,,252,,,16|N|,0,,,,|||]Claydol||Leftovers|Levitate|Earthquake,Psychic,RapidSpin,Rest|Lonely|252,224,,24,,8|N||||]Blissey||Leftovers|NaturalCure|SoftBoiled,SeismicToss,ThunderWave,Aromatherapy|Bold|252,,252,,,4|F|,0,,,,|||\",\"rating\":0}",">p1 move hiddenpower",">p2 switch 6",">p1 switch 2",">p2 move thunderwave",">p1 move meteormash",">p2 switch 2",">p1 move meteormash",">p2 move spikes",">p1 move meteormash",">p2 move spikes",">p1 move meteormash",">p2 move spikes",">p1 move meteormash",">p2 move explosion",">p2 switch 4",">p1 switch 2",">p2 move calmmind",">p1 move thunderbolt",">p2 move icebeam",">p1 move thunderbolt",">p2 switch 2",">p1 move thunderbolt",">p2 move seismictoss",">p1 switch 6",">p2 move seismictoss",">p1 move focuspunch",">p2 switch 3",">p1 move fireblast",">p2 move return",">p1 move fireblast",">p2 move rest",">p2 switch 2",">p1 move hiddenpower",">p2 move surf",">p1 switch 3",">p1 move calmmind",">p2 switch 3",">p1 move calmmind",">p2 move thunderwave",">p1 move calmmind",">p2 move seismictoss",">p1 move gigadrain",">p2 move seismictoss",">p1 move gigadrain",">p2 move seismictoss",">p1 move gigadrain",">p2 move softboiled",">p1 move calmmind",">p2 move seismictoss",">p1 move gigadrain",">p2 move seismictoss",">p1 move gigadrain",">p2 move seismictoss",">p1 move batonpass",">p2 move seismictoss",">p1 switch 4",">p1 move thunderbolt",">p2 move thunderwave",">p1 move icepunch",">p2 move softboiled",">p1 move thunderbolt",">p2 move softboiled",">p1 move thunderbolt",">p2 move thunderwave",">p1 move thunderbolt",">p2 move softboiled",">p1 move thunderbolt",">p2 move softboiled",">p1 move thunderbolt",">p2 move seismictoss",">p1 move thunderbolt",">p2 move softboiled",">p1 move icepunch",">p2 move softboiled",">p1 move thunderbolt",">p2 move thunderwave",">p1 move icepunch",">p2 move softboiled",">p1 move thunderbolt",">p2 move seismictoss",">p1 move thunderbolt",">p2 move seismictoss",">p1 move thunderbolt",">p2 move softboiled",">p1 move icepunch",">p2 move softboiled",">p1 move thunderbolt",">p2 move softboiled",">p1 move thunderbolt",">p2 move softboiled",">p1 move thunderbolt",">p2 move softboiled",">p1 move thunderbolt",">p2 move softboiled",">p1 move icepunch",">p2 move softboiled",">p1 move thunderbolt",">p2 move softboiled",">p1 move thunderbolt",">p2 move softboiled",">p1 move thunderbolt",">p2 move softboiled",">p1 move icepunch",">p2 move seismictoss",">p1 move thunderbolt",">p2 move seismictoss",">p1 move thunderbolt",">p2 move seismictoss",">p1 move icepunch",">p2 move seismictoss",">p1 move thunderbolt",">p2 move seismictoss",">p1 move icepunch",">p2 move aromatherapy",">p1 move icepunch",">p2 move thunderwave",">p1 move thunderbolt",">p2 switch 6",">p1 move gigadrain",">p2 switch 6",">p1 move icepunch",">p2 move thunderwave",">p1 move icepunch",">p2 move seismictoss",">p1 move icepunch",">p2 move thunderwave",">p1 move thunderbolt",">p2 switch 6",">p1 move icepunch",">p2 switch 6",">p1 move thunderbolt",">p2 move seismictoss",">p1 move icepunch",">p2 move seismictoss",">p2 switch 3",">p1 move thunderbolt",">p2 switch 6",">p1 move gigadrain",">p2 switch 6",">p1 move thunderbolt",">p2 switch 5",">p1 move gigadrain",">p2 switch 5",">p2 switch 5",">p1 move icepunch",">p2 move psychic",">p2 switch 6",">p1 move explosion",">p2 move aerialace"],"log":["|j|☆foultestchallenge1","|j|☆foultestacceptor1","|t:|1753062000","|gametype|singles","|player|p1|foultestchallenge1|169|","|player|p2|foultestacceptor1|102|","|teamsize|p1|6","|teamsize|p2|6","|gen|3","|tier|[Gen 3] OU","|rule|Sleep Clause Mod: Limit one foe put to sleep","|rule|Switch Priority Clause Mod: Faster Pokémon switch first","|rule|Species Clause: Limit one of each Pokémon","|rule|OHKO Clause: OHKO moves are banned","|rule|Evasion Items Clause: Evasion items are banned","|rule|Evasion Moves Clause: Evasion moves are banned","|rule|Endless Battle Clause: Forcing endless battles is banned","|rule|HP Percentage Mod: HP is shown in percentages","|rule|One Boost Passer Clause: Limit one Baton Passer that has a way to boost its stats","|rule|Freeze Clause Mod: Limit one foe frozen","|","|t:|1753062000","|start","|switch|p1a: Zapdos|Zapdos|321/321","|switch|p2a: Dugtrio|Dugtrio, M|235/235","|-ability|p1a: Zapdos|Pressure|[silent]","|turn|1","|inactive|Battle timer is ON: inactive players will automatically lose when time's up. (requested by foultestacceptor1)","|inactive|foultestchallenge1 also wants the timer to be on.","|","|t:|1753062008","|switch|p2a: Blissey|Blissey, F|714/714","|move|p1a: Zapdos|Hidden Power|p2a: Blissey","|-crit|p2a: Blissey","|-damage|p2a: Blissey|586/714","|","|-heal|p2a: Blissey|630/714|[from] item: Leftovers","|upkeep","|turn|2","||adding 10 for new turn","|","|t:|1753062016","|switch|p1a: Metagross|Metagross|333/333","|move|p2a: Blissey|Thunder Wave|p1a: Metagross","|-status|p1a: Metagross|par","|","|-heal|p2a: Blissey|674/714|[from] item: Leftovers","|upkeep","|turn|3","||adding 10 for new turn","|","|t:|1753062024","|switch|p2a: Forretress|Forretress, M|354/354","|move|p1a: Metagross|Meteor Mash|p2a: Forretress","|-resisted|p2a: Forretress","|-damage|p2a: Forretress|235/354","|","|-heal|p2a: Forretress|257/354|[from] item: Leftovers","|upkeep","|turn|4","||adding 10 for new turn","|","|t:|1753062032","|move|p2a: Forretress|Spikes|p1a: Metagross","|-sidestart|p1: foultestchallenge1|Spikes","|move|p1a: Metagross|Meteor Mash|p2a: Forretress","|-resisted|p2a: Forretress","|-damage|p2a: Forretress|150/354","|","|-heal|p2a: Forretress|172/354|[from] item: Leftovers","|upkeep","|turn|5","||adding 10 for new turn","|","|t:|1753062040","|move|p2a: Forretress|Spikes|p1a: Metagross","|-sidestart|p1: foultestchallenge1|Spikes","|cant|p1a: Metagross|par","|","|-heal|p2a: Forretress|194/354|[from] item: Leftovers","|upkeep","|turn|6","||adding 10 for new turn","|","|t:|1753062048","|move|p2a: Forretress|Spikes|p1a: Metagross","|-sidestart|p1: foultestchallenge1|Spikes","|move|p1a: Metagross|Meteor Mash|p2a: Forretress","|-resisted|p2a: Forretress","|-damage|p2a: Forretress|79/354","|","|-heal|p2a: Forretress|101/354|[from] item: Leftovers","|upkeep","|turn|7","||adding 10 for new turn","|","|t:|1753062056","|move|p2a: Forretress|Explosion|p1a: Metagross","|-resisted|p1a: Metagross","|-damage|p1a: Metagross|199/333 par","|faint|p2a: Forretress","||adding 5 to each for mid turn request","|","|t:|1753062063","|switch|p2a: Suicune|Suicune|401/401","|-ability|p2a: Suicune|Pressure|[silent]","|","|upkeep","|turn|8","||adding 10 for new turn","|","|t:|1753062071","|switch|p1a: Zapdos|Zapdos|321/321","|-ability|p1a: Zapdos|Pressure|[silent]","|move|p2a: Suicune|Calm Mind|p2a: Suicune","|-boost|p2a: Suicune|spa|1","|-boost|p2a: Suicune|spd|1","|","|upkeep","|turn|9","||adding 10 for new turn","|","|t:|1753062078","|move|p1a: Zapdos|Thunderbolt|p2a: Suicune","|-supereffective|p2a: Suicune","|-damage|p2a: Suicune|183/401","|move|p2a: Suicune|Ice Beam|p1a: Zapdos","|-supereffective|p1a: Zapdos","|-damage|p1a: Zapdos|96/321","|","|-heal|p1a: Zapdos|116/321|[from] item: Leftovers","|-heal|p2a: Suicune|208/401|[from] item: Leftovers","|upkeep","|turn|10","||adding 10 for new turn","|","|t:|1753062087","|switch|p2a: Blissey|Blissey, F|674/714","|move|p1a: Zapdos|Thunderbolt|p2a: Blissey","|-damage|p2a: Blissey|532/714","|-status|p2a: Blissey|par","|","|-heal|p1a: Zapdos|136/321|[from] item: Leftovers","|-heal|p2a: Blissey|576/714 par|[from] item: Leftovers","|upkeep","|turn|11","||adding 10 for new turn","|","|t:|1753062095","|move|p1a: Zapdos|Thunderbolt|p2a: Blissey","|-crit|p2a: Blissey","|-damage|p2a: Blissey|306/714 par","|move|p2a: Blissey|Seismic Toss|p1a: Zapdos","|-damage|p1a: Zapdos|36/321","|","|-heal|p1a: Zapdos|56/321|[from] item: Leftovers","|-heal|p2a: Blissey|350/714 par|[from] item: Leftovers","|upkeep","|turn|12","||adding 10 for new turn","|","|t:|1753062104","|switch|p1a: Charizard|Charizard, M|297/297","|move|p2a: Blissey|Seismic Toss|p1a: Charizard","|-damage|p1a: Charizard|197/297","|","|-heal|p1a: Charizard|215/297|[from] item: Leftovers","|-heal|p2a: Blissey|394/714 par|[from] item: Leftovers","|upkeep","|turn|13","||adding 10 for new turn","|","|t:|1753062112","|-singleturn|p1a: Charizard|move: Focus Punch","|-curestatus|p2a: Blissey|par|[from] ability: Natural Cure","|switch|p2a: Snorlax|Snorlax, M|497/497","|move|p1a: Charizard|Focus Punch|p2a: Snorlax","|-supereffective|p2a: Snorlax","|-damage|p2a: Snorlax|275/497","|","|-heal|p1a: Charizard|233/297|[from] item: Leftovers","|-heal|p2a: Snorlax|306/497|[from] item: Leftovers","|upkeep","|turn|14","||adding 10 for new turn","|","|t:|1753062120","|move|p1a: Charizard|Fire Blast|p2a: Snorlax","|-damage|p2a: Snorlax|159/497","|-status|p2a: Snorlax|brn","|move|p2a: Snorlax|Return|p1a: Charizard","|-damage|p1a: Charizard|142/297","|","|-heal|p1a: Charizard|160/297|[from] item: Leftovers","|-heal|p2a: Snorlax|190/497 brn|[from] item: Leftovers","|-damage|p2a: Snorlax|128/497 brn|[from] brn","|upkeep","|turn|15","||adding 10 for new turn","|","|t:|1753062128","|move|p1a: Charizard|Fire Blast|p2a: Snorlax","|-damage|p2a: Snorlax|0 fnt","|faint|p2a: Snorlax","||adding 5 to each for mid turn request","|","|t:|1753062136","|switch|p2a: Suicune|Suicune|208/401","|-ability|p2a: Suicune|Pressure|[silent]","|","|-heal|p1a: Charizard|178/297|[from] item: Leftovers","|-heal|p2a: Suicune|233/401|[from] item: Leftovers","|upkeep","|turn|16","||adding 10 for new turn","|","|t:|1753062143","|move|p1a: Charizard|Hidden Power|p2a: Suicune","|-supereffective|p2a: Suicune","|-damage|p2a: Suicune|87/401","|move|p2a: Suicune|Surf|p1a: Charizard","|-supereffective|p1a: Charizard","|-damage|p1a: Charizard|0 fnt","|faint|p1a: Charizard","||adding 5 to each for mid turn request","|","|t:|1753062147","|switch|p1a: Celebi|Celebi|393/393","|-damage|p1a: Celebi|295/393|[from] Spikes","|","|-heal|p1a: Celebi|319/393|[from] item: Leftovers","|-heal|p2a: Suicune|112/401|[from] item: Leftovers","|upkeep","|turn|17","||adding 10 for new turn","|","|t:|1753062155","|switch|p2a: Blissey|Blissey, F|394/714","|move|p1a: Celebi|Calm Mind|p1a: Celebi","|-boost|p1a: Celebi|spa|1","|-boost|p1a: Celebi|spd|1","|","|-heal|p1a: Celebi|343/393|[from] item: Leftovers","|-heal|p2a: Blissey|438/714|[from] item: Leftovers","|upkeep","|turn|18","||adding 10 for new turn","|","|t:|1753062163","|move|p1a: Celebi|Calm Mind|p1a: Celebi","|-boost|p1a: Celebi|spa|1","|-boost|p1a: Celebi|spd|1","|move|p2a: Blissey|Thunder Wave|p1a: Celebi","|-status|p1a: Celebi|par","|","|-heal|p2a: Blissey|482/714|[from] item: Leftovers","|-heal|p1a: Celebi|367/393 par|[from] item: Leftovers","|upkeep","|turn|19","||adding 10 for new turn","|","|t:|1753062171","|move|p2a: Blissey|Seismic Toss|p1a: Celebi","|-damage|p1a: Celebi|267/393 par","|move|p1a: Celebi|Calm Mind|p1a: Celebi","|-boost|p1a: Celebi|spa|1","|-boost|p1a: Celebi|spd|1","|","|-heal|p2a: Blissey|526/714|[from] item: Leftovers","|-heal|p1a: Celebi|291/393 par|[from] item: Leftovers","|upkeep","|turn|20","||adding 10 for new turn","|","|t:|1753062179","|move|p2a: Blissey|Seismic Toss|p1a: Celebi","|-damage|p1a: Celebi|191/393 par","|move|p1a: Celebi|Giga Drain|p2a: Blissey","|-damage|p2a: Blissey|387/714","|-heal|p1a: Celebi|260/393 par|[from] drain|[of] p2a: Blissey","|","|-heal|p2a: Blissey|431/714|[from] item: Leftovers","|-heal|p1a: Celebi|284/393 par|[from] item: Leftovers","|upkeep","|turn|21","||adding 10 for new turn","|","|t:|1753062188","|move|p2a: Blissey|Seismic Toss|p1a: Celebi","|-damage|p1a: Celebi|184/393 par","|move|p1a: Celebi|Giga Drain|p2a: Blissey","|-damage|p2a: Blissey|295/714","|-heal|p1a: Celebi|252/393 par|[from] drain|[of] p2a: Blissey","|","|-heal|p2a: Blissey|339/714|[from] item: Leftovers","|-heal|p1a: Celebi|276/393 par|[from] item: Leftovers","|upkeep","|turn|22","||adding 10 for new turn","|","|t:|1753062196","|move|p2a: Blissey|Soft-Boiled|p2a: Blissey","|-heal|p2a: Blissey|696/714","|move|p1a: Celebi|Giga Drain|p2a: Blissey","|-damage|p2a: Blissey|550/714","|-heal|p1a: Celebi|349/393 par|[from] drain|[of] p2a: Blissey","|","|-heal|p2a: Blissey|594/714|[from] item: Leftovers","|-heal|p1a: Celebi|373/393 par|[from] item: Leftovers","|upkeep","|turn|23","||adding 10 for new turn","|","|t:|1753062204","|move|p2a: Blissey|Seismic Toss|p1a: Celebi","|-damage|p1a: Celebi|273/393 par","|move|p1a: Celebi|Calm Mind|p1a: Celebi","|-boost|p1a: Celebi|spa|1","|-boost|p1a: Celebi|spd|1","|","|-heal|p2a: Blissey|638/714|[from] item: Leftovers","|-heal|p1a: Celebi|297/393 par|[from] item: Leftovers","|upkeep","|turn|24","||adding 10 for new turn","|","|t:|1753062212","|move|p2a: Blissey|Seismic Toss|p1a: Celebi","|-damage|p1a: Celebi|197/393 par","|cant|p1a: Celebi|par","|","|-heal|p2a: Blissey|682/714|[from] item: Leftovers","|-heal|p1a: Celebi|221/393 par|[from] item: Leftovers","|upkeep","|turn|25","||adding 10 for new turn","|","|t:|1753062220","|move|p2a: Blissey|Seismic Toss|p1a: Celebi","|-damage|p1a: Celebi|121/393 par","|cant|p1a: Celebi|par","|","|-heal|p2a: Blissey|714/714|[from] item: Leftovers","|-heal|p1a: Celebi|145/393 par|[from] item: Leftovers","|upkeep","|turn|26","||adding 10 for new turn","|","|t:|1753062227","|move|p2a: Blissey|Seismic Toss|p1a: Celebi","|-damage|p1a: Celebi|45/393 par","|move|p1a: Celebi|Baton Pass|p1a: Celebi","||adding 5 to each for mid turn request","|","|t:|1753062232","|-curestatus|p1a: Celebi|par|[from] ability: Natural Cure","|switch|p1a: Gengar|Gengar, F|263/263|[from] Baton Pass","|","|upkeep","|turn|27","||adding 10 for new turn","|","|t:|1753062240","|move|p1a: Gengar|Thunderbolt|p2a: Blissey","|-damage|p2a: Blissey|489/714","|move|p2a: Blissey|Thunder Wave|p1a: Gengar","|-status|p1a: Gengar|par","|","|-heal|p2a: Blissey|533/714|[from] item: Leftovers","|upkeep","|turn|28","||adding 10 for new turn","|","|t:|1753062248","|move|p2a: Blissey|Soft-Boiled|p2a: Blissey","|-heal|p2a: Blissey|714/714","|move|p1a: Gengar|Ice Punch|p2a: Blissey","|-damage|p2a: Blissey|519/714","|","|-heal|p2a: Blissey|563/714|[from] item: Leftovers","|upkeep","|turn|29","||adding 10 for new turn","|","|t:|1753062256","|move|p2a: Blissey|Soft-Boiled|p2a: Blissey","|-heal|p2a: Blissey|714/714","|cant|p1a: Gengar|par","|","|upkeep","|turn|30","||adding 10 for new turn","|","|t:|1753062264","|move|p2a: Blissey|Thunder Wave|p1a: Gengar","|-fail|p1a: Gengar|par","|move|p1a: Gengar|Thunderbolt|p2a: Blissey","|-damage|p2a: Blissey|482/714","|","|-heal|p2a: Blissey|526/714|[from] item: Leftovers","|upkeep","|turn|31","||adding 10 for new turn","|","|t:|1753062271","|move|p2a: Blissey|Soft-Boiled|p2a: Blissey","|-heal|p2a: Blissey|714/714","|move|p1a: Gengar|Thunderbolt|p2a: Blissey","|-damage|p2a: Blissey|492/714","|","|-heal|p2a: Blissey|536/714|[from] item: Leftovers","|upkeep","|turn|32","||adding 10 for new turn","|","|t:|1753062279","|move|p2a: Blissey|Soft-Boiled|p2a: Blissey","|-heal|p2a: Blissey|714/714","|cant|p1a: Gengar|par","|","|upkeep","|turn|33","||adding 10 for new turn","|","|t:|1753062287","|move|p2a: Blissey|Seismic Toss|p1a: Gengar","|-immune|p1a: Gengar","|cant|p1a: Gengar|par","|","|upkeep","|turn|34","||adding 10 for new turn","|","|t:|1753062295","|move|p2a: Blissey|Soft-Boiled||[still]","|-fail|p2a: Blissey|heal","|move|p1a: Gengar|Thunderbolt|p2a: Blissey","|-damage|p2a: Blissey|461/714","|","|-heal|p2a: Blissey|505/714|[from] item: Leftovers","|upkeep","|turn|35","||adding 10 for new turn","|","|t:|1753062303","|move|p2a: Blissey|Soft-Boiled|p2a: Blissey","|-heal|p2a: Blissey|714/714","|cant|p1a: Gengar|par","|","|upkeep","|turn|36","||adding 10 for new turn","|","|t:|1753062311","|move|p2a: Blissey|Thunder Wave|p1a: Gengar","|-fail|p1a: Gengar|par","|move|p1a: Gengar|Thunderbolt|p2a: Blissey","|-damage|p2a: Blissey|476/714","|","|-heal|p2a: Blissey|520/714|[from] item: Leftovers","|upkeep","|turn|37","||adding 10 for new turn","|","|t:|1753062318","|move|p2a: Blissey|Soft-Boiled|p2a: Blissey","|-heal|p2a: Blissey|714/714","|cant|p1a: Gengar|par","|","|upkeep","|turn|38","||adding 10 for new turn","|","|t:|1753062326","|move|p2a: Blissey|Seismic Toss|p1a: Gengar","|-immune|p1a: Gengar","|cant|p1a: Gengar|par","|","|upkeep","|turn|39","||adding 10 for new turn","|","|t:|1753062334","|move|p2a: Blissey|Seismic Toss|p1a: Gengar","|-immune|p1a: Gengar","|move|p1a: Gengar|Thunderbolt|p2a: Blissey","|-damage|p2a: Blissey|464/714","|","|-heal|p2a: Blissey|508/714|[from] item: Leftovers","|upkeep","|turn|40","||adding 10 for new turn","|","|t:|1753062342","|move|p2a: Blissey|Soft-Boiled|p2a: Blissey","|-heal|p2a: Blissey|714/714","|move|p1a: Gengar|Thunderbolt|p2a: Blissey","|-crit|p2a: Blissey","|-damage|p2a: Blissey|218/714","|","|-heal|p2a: Blissey|262/714|[from] item: Leftovers","|upkeep","|turn|41","||adding 10 for new turn","|","|t:|1753062350","|move|p2a: Blissey|Soft-Boiled|p2a: Blissey","|-heal|p2a: Blissey|619/714","|move|p1a: Gengar|Ice Punch|p2a: Blissey","|-damage|p2a: Blissey|424/714","|","|-heal|p2a: Blissey|468/714|[from] item: Leftovers","|upkeep","|turn|42","||adding 10 for new turn","|","|t:|1753062357","|move|p2a: Blissey|Soft-Boiled|p2a: Blissey","|-heal|p2a: Blissey|714/714","|move|p1a: Gengar|Thunderbolt|p2a: Blissey","|-crit|p2a: Blissey","|-damage|p2a: Blissey|269/714","|-status|p2a: Blissey|par","|","|-heal|p2a: Blissey|313/714 par|[from] item: Leftovers","|upkeep","|turn|43","||adding 10 for new turn","|","|t:|1753062365","|move|p1a: Gengar|Thunderbolt|p2a: Blissey","|-damage|p2a: Blissey|93/714 par","|move|p2a: Blissey|Soft-Boiled|p2a: Blissey","|-heal|p2a: Blissey|450/714 par","|","|-heal|p2a: Blissey|494/714 par|[from] item: Leftovers","|upkeep","|turn|44","||adding 10 for new turn","|","|t:|1753062373","|move|p1a: Gengar|Thunderbolt|p2a: Blissey","|-damage|p2a: Blissey|264/714 par","|move|p2a: Blissey|Soft-Boiled|p2a: Blissey","|-heal|p2a: Blissey|621/714 par","|","|-heal|p2a: Blissey|665/714 par|[from] item: Leftovers","|upkeep","|turn|45","||adding 10 for new turn","|","|t:|1753062381","|move|p1a: Gengar|Thunderbolt|p2a: Blissey","|-damage|p2a: Blissey|435/714 par","|move|p2a: Blissey|Soft-Boiled|p2a: Blissey","|-heal|p2a: Blissey|714/714 par","|","|upkeep","|turn|46","||adding 10 for new turn","|","|t:|1753062389","|move|p1a: Gengar|Ice Punch|p2a: Blissey","|-damage|p2a: Blissey|527/714 par","|cant|p2a: Blissey|par","|","|-heal|p2a: Blissey|571/714 par|[from] item: Leftovers","|upkeep","|turn|47","||adding 10 for new turn","|","|t:|1753062397","|move|p1a: Gengar|Thunderbolt|p2a: Blissey","|-damage|p2a: Blissey|326/714 par","|cant|p2a: Blissey|par","|","|-heal|p2a: Blissey|370/714 par|[from] item: Leftovers","|upkeep","|turn|48","||adding 10 for new turn","|","|t:|1753062404","|move|p1a: Gengar|Thunderbolt|p2a: Blissey","|-damage|p2a: Blissey|117/714 par","|move|p2a: Blissey|Soft-Boiled|p2a: Blissey","|-heal|p2a: Blissey|474/714 par","|","|-heal|p2a: Blissey|518/714 par|[from] item: Leftovers","|upkeep","|turn|49","||adding 10 for new turn","|","|t:|1753062412","|cant|p1a: Gengar|par","|move|p2a: Blissey|Soft-Boiled|p2a: Blissey","|-heal|p2a: Blissey|714/714 par","|","|upkeep","|turn|50","||adding 10 for new turn","|","|t:|1753062420","|move|p1a: Gengar|Ice Punch|p2a: Blissey","|-damage|p2a: Blissey|541/714 par","|move|p2a: Blissey|Seismic Toss|p1a: Gengar","|-immune|p1a: Gengar","|","|-heal|p2a: Blissey|585/714 par|[from] item: Leftovers","|upkeep","|turn|51","||adding 10 for new turn","|","|t:|1753062428","|cant|p1a: Gengar|par","|move|p2a: Blissey|Seismic Toss|p1a: Gengar","|-immune|p1a: Gengar","|","|-heal|p2a: Blissey|629/714 par|[from] item: Leftovers","|upkeep","|turn|52","||adding 10 for new turn","|","|t:|1753062435","|cant|p1a: Gengar|par","|move|p2a: Blissey|Seismic Toss|p1a: Gengar","|-immune|p1a: Gengar","|","|-heal|p2a: Blissey|673/714 par|[from] item: Leftovers","|upkeep","|turn|53","||adding 10 for new turn","|","|t:|1753062443","|move|p1a: Gengar|Ice Punch|p2a: Blissey","|-damage|p2a: Blissey|471/714 par","|cant|p2a: Blissey|par","|","|-heal|p2a: Blissey|515/714 par|[from] item: Leftovers","|upkeep","|turn|54","||adding 10 for new turn","|","|t:|1753062451","|move|p1a: Gengar|Thunderbolt|p2a: Blissey","|-damage|p2a: Blissey|267/714 par","|cant|p2a: Blissey|par","|","|-heal|p2a: Blissey|311/714 par|[from] item: Leftovers","|upkeep","|turn|55","||adding 10 for new turn","|","|t:|1753062459","|move|p1a: Gengar|Ice Punch|p2a: Blissey","|-damage|p2a: Blissey|118/714 par","|move|p2a: Blissey|Aromatherapy|p2a: Blissey","|-cureteam|p2a: Blissey|[from] move: Aromatherapy","|","|-heal|p2a: Blissey|162/714|[from] item: Leftovers","|upkeep","|turn|56","||adding 10 for new turn","|","|t:|1753062466","|move|p2a: Blissey|Thunder Wave|p1a: Gengar","|-fail|p1a: Gengar|par","|cant|p1a: Gengar|par","|","|-heal|p2a: Blissey|206/714|[from] item: Leftovers","|upkeep","|turn|57","||adding 10 for new turn","|","|t:|1753062474","|switch|p2a: Dugtrio|Dugtrio, M|235/235","|move|p1a: Gengar|Thunderbolt|p2a: Dugtrio","|-immune|p2a: Dugtrio","|","|upkeep","|turn|58","||adding 10 for new turn","|","|t:|1753062482","|switch|p2a: Blissey|Blissey, F|206/714","|cant|p1a: Gengar|par","|","|-heal|p2a: Blissey|250/714|[from] item: Leftovers","|upkeep","|turn|59","||adding 10 for new turn","|","|t:|1753062489","|move|p2a: Blissey|Thunder Wave|p1a: Gengar","|-fail|p1a: Gengar|par","|move|p1a: Gengar|Ice Punch|p2a: Blissey","|-damage|p2a: Blissey|71/714","|-status|p2a: Blissey|frz","|","|-heal|p2a: Blissey|115/714 frz|[from] item: Leftovers","|upkeep","|turn|60","||adding 10 for new turn","|","|t:|1753062497","|cant|p2a: Blissey|frz","|cant|p1a: Gengar|par","|","|-heal|p2a: Blissey|159/714 frz|[from] item: Leftovers","|upkeep","|turn|61","||adding 10 for new turn","|","|t:|1753062505","|-curestatus|p2a: Blissey|frz|[msg]","|move|p2a: Blissey|Thunder Wave|p1a: Gengar","|-fail|p1a: Gengar|par","|cant|p1a: Gengar|par","|","|-heal|p2a: Blissey|203/714|[from] item: Leftovers","|upkeep","|turn|62","||adding 10 for new turn","|","|t:|1753062512","|switch|p2a: Dugtrio|Dugtrio, M|235/235","|move|p1a: Gengar|Thunderbolt|p2a: Dugtrio","|-immune|p2a: Dugtrio","|","|upkeep","|turn|63","||adding 10 for new turn","|","|t:|1753062520","|switch|p2a: Blissey|Blissey, F|203/714","|cant|p1a: Gengar|par","|","|-heal|p2a: Blissey|247/714|[from] item: Leftovers","|upkeep","|turn|64","||adding 10 for new turn","|","|t:|1753062528","|move|p2a: Blissey|Seismic Toss|p1a: Gengar","|-immune|p1a: Gengar","|move|p1a: Gengar|Thunderbolt|p2a: Blissey","|-damage|p2a: Blissey|22/714","|","|-heal|p2a: Blissey|66/714|[from] item: Leftovers","|upkeep","|turn|65","||adding 10 for new turn","|","|t:|1753062535","|move|p2a: Blissey|Seismic Toss|p1a: Gengar","|-immune|p1a: Gengar","|move|p1a: Gengar|Ice Punch|p2a: Blissey","|-damage|p2a: Blissey|0 fnt","|faint|p2a: Blissey","||adding 5 to each for mid turn request","|","|t:|1753062543","|switch|p2a: Suicune|Suicune|112/401","|-ability|p2a: Suicune|Pressure|[silent]","|","|-heal|p2a: Suicune|137/401|[from] item: Leftovers","|upkeep","|turn|66","||adding 10 for new turn","|","|t:|1753062550","|switch|p2a: Dugtrio|Dugtrio, M|235/235","|cant|p1a: Gengar|par","|","|upkeep","|turn|67","||adding 10 for new turn","|","|t:|1753062558","|switch|p2a: Suicune|Suicune|137/401","|-ability|p2a: Suicune|Pressure|[silent]","|cant|p1a: Gengar|par","|","|-heal|p2a: Suicune|162/401|[from] item: Leftovers","|upkeep","|turn|68","||adding 10 for new turn","|","|t:|1753062566","|switch|p2a: Claydol|Claydol|324/324","|cant|p1a: Gengar|par","|","|upkeep","|turn|69","||adding 10 for new turn","|","|t:|1753062573","|switch|p2a: Suicune|Suicune|162/401","|-ability|p2a: Suicune|Pressure|[silent]","|move|p1a: Gengar|Giga Drain|p2a: Suicune","|-supereffective|p2a: Suicune","|-damage|p2a: Suicune|0 fnt","|faint|p2a: Suicune","||adding 5 to each for mid turn request","|","|t:|1753062577","|switch|p2a: Claydol|Claydol|324/324","|","|upkeep","|turn|70","||adding 10 for new turn","|","|t:|1753062584","|move|p2a: Claydol|Psychic|p1a: Gengar","|-supereffective|p1a: Gengar","|-damage|p1a: Gengar|192/263 par","|move|p1a: Gengar|Ice Punch|p2a: Claydol","|-supereffective|p2a: Claydol","|-damage|p2a: Claydol|0 fnt","|faint|p2a: Claydol","||adding 5 to each for mid turn request","|","|t:|1753062588","|switch|p2a: Dugtrio|Dugtrio, M|235/235","|","|-heal|p1a: Gengar|208/263 par|[from] item: Leftovers","|upkeep","|turn|71","||adding 10 for new turn","|","|t:|1753062595","|move|p2a: Dugtrio|Aerial Ace|p1a: Gengar","|-damage|p1a: Gengar|125/263 par","|move|p1a: Gengar|Explosion|p2a: Dugtrio","|-damage|p2a: Dugtrio|0 fnt","|faint|p1a: Gengar","|faint|p2a: Dugtrio","|","|win|foultestchallenge1",""],"p1rating":null,"p2rating":null,"endType":"normal","ladderError":true,"timestamp":"Sun Jul 20 2025 18:49:55 GMT-0700 (アメリカ太平洋夏時間)","roomid":"battle-gen3ou-1092","format":"gen3ou"}