{"winner":"foultestacceptor1","seed":"sodium,8f3924dec75a57c54a2397b472d3ca41","turns":51,"p1":"foultestchallenge1","p2":"foultestacceptor1","p1team":[{"name":"Skarmory","species":"Skarmory","item":"Leftovers","ability":"Keen Eye","moves":["Spikes","Protect","Roar","Toxic"],"nature":"Careful","evs":{"hp":252,"atk":0,"def":8,"spa":0,"spd":248,"spe":0},"gender":"F","ivs":{"hp":31,"atk":0,"def":31,"spa":31,"spd":31,"spe":31},"level":100},{"name":"Blissey","species":"Blissey","item":"Leftovers","ability":"Natural Cure","moves":["Soft-Boiled","Ice Beam","Toxic","Fire Blast"],"nature":"Modest","evs":{"hp":0,"atk":0,"def":252,"spa":252,"spd":0,"spe":4},"gender":"F","ivs":{"hp":31,"atk":0,"def":31,"spa":31,"spd":31,"spe":31},"shiny":true,"level":100},{"name":"Tyranitar","species":"Tyranitar","item":"Leftovers","ability":"Sand Stream","moves":["Focus Punch","Rock Slide","Hidden Power Bug","Earthquake"],"nature":"Adamant","evs":{"hp":248,"atk":196,"def":12,"spa":0,"spd":52,"spe":0},"gender":"F","ivs":{"hp":31,"atk":30,"def":30,"spa":31,"spd":30,"spe":31},"happiness":255,"hpType":"Bug","pokeball":"","gigantamax":false,"dynamaxLevel":10,"teraType":"","level":100},{"name":"Swampert","species":"Swampert","item":"Leftovers","ability":"Torrent","moves":["Earthquake","Ice Beam","Hydro Pump","Protect"],"nature":"Relaxed","evs":{"hp":240,"atk":0,"def":136,"spa":40,"spd":48,"spe":44},"gender":"F","level":100,"ivs":{"hp":31,"atk":31,"def":31,"spa":31,"spd":31,"spe":31}},{"name":"Gengar","species":"Gengar","item":"Leftovers","ability":"Levitate","moves":["Will-O-Wisp","Thunderbolt","Ice Punch","Explosion"],"nature":"Timid","evs":{"hp":168,"atk":0,"def":0,"spa":0,"spd":164,"spe":176},"gender":"F","level":100,"ivs":{"hp":31,"atk":31,"def":31,"spa":31,"spd":31,"spe":31}},{"name":"Starmie","species":"Starmie","item":"Leftovers","ability":"Natural Cure","moves":["Hydro Pump","Ice Beam","Thunderbolt","Rapid Spin"],"nature":"Timid","evs":{"hp":4,"atk":0,"def":0,"spa":252,"spd":0,"spe":252},"gender":"N","ivs":{"hp":31,"atk":0,"def":31,"spa":31,"spd":31,"spe":31},"level":100}],"p2team":[{"name":"Zapdos","species":"Zapdos","item":"Leftovers","ability":"Pressure","moves":["Thunderbolt","Hidden Power Grass","Baton Pass","Roar"],"nature":"Modest","evs":{"hp":0,"atk":0,"def":0,"spa":220,"spd":48,"spe":240},"gender":"N","ivs":{"hp":31,"atk":2,"def":31,"spa":30,"spd":31,"spe":31},"happiness":255,"hpType":"Grass","pokeball":"","gigantamax":false,"dynamaxLevel":10,"teraType":"","level":100},{"name":"Metagross","species":"Metagross","item":"Choice Band","ability":"Clear Body","moves":["Meteor Mash","Explosion","Earthquake","Rock Slide"],"nature":"Adamant","evs":{"hp":128,"atk":252,"def":0,"spa":0,"spd":0,"spe":128},"gender":"N","level":100,"ivs":{"hp":31,"atk":31,"def":31,"spa":31,"spd":31,"spe":31}},{"name":"Celebi","species":"Celebi","item":"Leftovers","ability":"Natural Cure","moves":["Calm Mind","Giga Drain","Hidden Power Ice","Baton Pass"],"nature":"Timid","evs":{"hp":208,"atk":0,"def":84,"spa":36,"spd":0,"spe":180},"gender":"N","ivs":{"hp":31,"atk":3,"def":31,"spa":31,"spd":31,"spe":30},"happiness":255,"hpType":"Ice","pokeball":"","gigantamax":false,"dynamaxLevel":10,"teraType":"","level":100},{"name":"Gengar","species":"Gengar","item":"Leftovers","ability":"Levitate","moves":["Thunderbolt","Ice Punch","Giga Drain","Explosion"],"nature":"Timid","evs":{"hp":8,"atk":0,"def":200,"spa":116,"spd":0,"spe":184},"gender":"M","level":100,"ivs":{"hp":31,"atk":31,"def":31,"spa":31,"spd":31,"spe":31}},{"name":"Swampert","species":"Swampert","item":"Leftovers","ability":"Torrent","moves":["Hydro Pump","Earthquake","Ice Beam","Refresh"],"nature":"Quiet","evs":{"hp":240,"atk":0,"def":12,"spa":216,"spd":0,"spe":40},"gender":"F","level":100,"ivs":{"hp":31,"atk":31,"def":31,"spa":31,"spd":31,"spe":31}},{"name":"Charizard","species":"Charizard","item":"Leftovers","ability":"Blaze","moves":["Substitute","Hidden Power Grass","Fire Blast","Focus Punch"],"nature":"Mild","evs":{"hp":0,"atk":4,"def":0,"spa":252,"spd":0,"spe":252},"gender":"F","ivs":{"hp":31,"atk":30,"def":31,"spa":30,"spd":31,"spe":31},"happiness":255,"hpType":"Grass","pokeball":"","gigantamax":false,"dynamaxLevel":10,"teraType":"","level":100}],"score":[0,2],"inputLog":[">version 372d05e49c92a79eecdf6c8dddb208bd1765c00f",">start {\"formatid\":\"gen3ou\",\"seed\":\"sodium,8f3924dec75a57c54a2397b472d3ca41\"}",">player p1 {\"name\":\"foultestchallenge1\",\"avatar\":\"169\",\"team\":\"Skarmory||Leftovers|KeenEye|Spikes,Protect,Roar,Toxic|Careful|252,,8,,248,|F|,0,,,,|||]Blissey||Leftovers|NaturalCure|SoftBoiled,IceBeam,Toxic,FireBlast|Modest|,,252,252,,4|F|,0,,,,|S||]Tyranitar||Leftovers|SandStream|FocusPunch,RockSlide,HiddenPowerBug,Earthquake|Adamant|248,196,12,,52,|F|,30,30,,30,|||,Bug,,,,]Swampert||Leftovers|Torrent|Earthquake,IceBeam,HydroPump,Protect|Relaxed|240,,136,40,48,44|F||||]Gengar||Leftovers|Levitate|WillOWisp,Thunderbolt,IcePunch,Explosion|Timid|168,,,,164,176|F||||]Starmie||Leftovers|NaturalCure|HydroPump,IceBeam,Thunderbolt,RapidSpin|Timid|4,,,252,,252|N|,0,,,,|||\",\"rating\":0}",">player p2 {\"name\":\"foultestacceptor1\",\"avatar\":\"102\",\"team\":\"Zapdos||Leftovers|Pressure|Thunderbolt,HiddenPowerGrass,BatonPass,Roar|Modest|,,,220,48,240|N|,2,,30,,|||,Grass,,,,]Metagross||ChoiceBand|ClearBody|MeteorMash,Explosion,Earthquake,RockSlide|Adamant|128,252,,,,128|N||||]Celebi||Leftovers|NaturalCure|CalmMind,GigaDrain,HiddenPowerIce,BatonPass|Timid|208,,84,36,,180|N|,3,,,,30|||,Ice,,,,]Gengar||Leftovers|Levitate|Thunderbolt,IcePunch,GigaDrain,Explosion|Timid|8,,200,116,,184|M||||]Swampert||Leftovers|Torrent|HydroPump,Earthquake,IceBeam,Refresh|Quiet|240,,12,216,,40|F||||]Charizard||Leftovers|Blaze|Substitute,HiddenPowerGrass,FireBlast,FocusPunch|Mild|,4,,252,,252|F|,30,,30,,|||,Grass,,,,\",\"rating\":0}",">p1 switch 2",">p2 move thunderbolt",">p1 move icebeam",">p2 switch 2",">p1 switch 4",">p2 move meteormash",">p1 move earthquake",">p2 move meteormash",">p1 move earthquake",">p2 move meteormash",">p2 switch 3",">p1 switch 3",">p2 move calmmind",">p1 move hiddenpower",">p2 move batonpass",">p2 switch 5",">p1 switch 4",">p2 move earthquake",">p1 move softboiled",">p2 move earthquake",">p1 move softboiled",">p2 move earthquake",">p1 move softboiled",">p2 move earthquake",">p1 move toxic",">p2 move earthquake",">p1 move softboiled",">p2 move earthquake",">p1 move softboiled",">p2 move earthquake",">p1 move softboiled",">p2 move earthquake",">p1 move softboiled",">p2 move earthquake",">p1 move toxic",">p2 move icebeam",">p1 move softboiled",">p2 move refresh",">p1 move toxic",">p2 move earthquake",">p1 move softboiled",">p2 move refresh",">p1 move toxic",">p2 move earthquake",">p1 move softboiled",">p2 move refresh",">p1 move toxic",">p2 move earthquake",">p1 move softboiled",">p2 move refresh",">p1 move toxic",">p2 move earthquake",">p1 move softboiled",">p2 move refresh",">p1 move toxic",">p2 move earthquake",">p1 move softboiled",">p2 move refresh",">p1 move toxic",">p2 move icebeam",">p1 move icebeam",">p2 move refresh",">p1 move icebeam",">p2 move icebeam",">p1 move icebeam",">p2 move icebeam",">p1 move softboiled",">p2 move earthquake",">p1 move softboiled",">p2 move icebeam",">p1 move icebeam",">p2 move hydropump",">p1 move softboiled",">p2 move earthquake",">p1 switch 2",">p1 move roar",">p2 move hydropump",">p1 switch 5",">p1 move explosion",">p2 move hydropump",">p1 switch 6",">p1 move hydropump",">p2 move hydropump",">p2 switch 5",">p1 move icebeam",">p2 move calmmind",">p1 move icebeam",">p2 move gigadrain",">p1 move icebeam",">p2 move gigadrain",">p2 switch 4",">p1 move hydropump",">p2 move gigadrain",">p1 switch 4",">p1 move rockslide",">p2 move gigadrain",">p2 switch 6",">p1 move rockslide",">p2 move substitute",">p1 switch 3",">p2 move focuspunch",">p1 move protect",">p2 move hiddenpower",">p1 move protect",">p2 move hiddenpower",">p1 switch 3",">p2 move hiddenpower",">p1 switch 3",">p2 move focuspunch",">p1 switch 3",">p1 move rockslide",">p2 move focuspunch"],"log":["|j|☆foultestchallenge1","|j|☆foultestacceptor1","|t:|1753061201","|gametype|singles","|player|p1|foultestchallenge1|169|","|player|p2|foultestacceptor1|102|","|teamsize|p1|6","|teamsize|p2|6","|gen|3","|tier|[Gen 3] OU","|rule|Sleep Clause Mod: Limit one foe put to sleep","|rule|Switch Priority Clause Mod: Faster Pokémon switch first","|rule|Species Clause: Limit one of each Pokémon","|rule|OHKO Clause: OHKO moves are banned","|rule|Evasion Items Clause: Evasion items are banned","|rule|Evasion Moves Clause: Evasion moves are banned","|rule|Endless Battle Clause: Forcing endless battles is banned","|rule|HP Percentage Mod: HP is shown in percentages","|rule|One Boost Passer Clause: Limit one Baton Passer that has a way to boost its stats","|rule|Freeze Clause Mod: Limit one foe frozen","|","|t:|1753061201","|start","|switch|p1a: Skarmory|Skarmory, F|334/334","|switch|p2a: Zapdos|Zapdos|321/321","|-ability|p2a: Zapdos|Pressure|[silent]","|turn|1","|inactive|Battle timer is ON: inactive players will automatically lose when time's up. (requested by foultestacceptor1)","|inactive|foultestchallenge1 also wants the timer to be on.","|","|t:|1753061209","|switch|p1a: Blissey|Blissey, F, shiny|651/651","|move|p2a: Zapdos|Thunderbolt|p1a: Blissey","|-damage|p1a: Blissey|518/651","|","|-heal|p1a: Blissey|558/651|[from] item: Leftovers","|upkeep","|turn|2","||adding 10 for new turn","|","|t:|1753061218","|switch|p2a: Metagross|Metagross|333/333","|move|p1a: Blissey|Ice Beam|p2a: Metagross","|-resisted|p2a: Metagross","|-damage|p2a: Metagross|290/333","|","|-heal|p1a: Blissey|598/651|[from] item: Leftovers","|upkeep","|turn|3","||adding 10 for new turn","|","|t:|1753061226","|switch|p1a: Swampert|Swampert, F|401/401","|move|p2a: Metagross|Meteor Mash|p1a: Swampert","|-resisted|p1a: Swampert","|-damage|p1a: Swampert|267/401","|","|-heal|p1a: Swampert|292/401|[from] item: Leftovers","|upkeep","|turn|4","||adding 10 for new turn","|","|t:|1753061234","|move|p2a: Metagross|Meteor Mash|p1a: Swampert","|-resisted|p1a: Swampert","|-damage|p1a: Swampert|161/401","|move|p1a: Swampert|Earthquake|p2a: Metagross","|-supereffective|p2a: Metagross","|-damage|p2a: Metagross|73/333","|","|-heal|p1a: Swampert|186/401|[from] item: Leftovers","|upkeep","|turn|5","||adding 10 for new turn","|","|t:|1753061243","|move|p2a: Metagross|Meteor Mash|p1a: Swampert","|-resisted|p1a: Swampert","|-damage|p1a: Swampert|67/401","|move|p1a: Swampert|Earthquake|p2a: Metagross","|-supereffective|p2a: Metagross","|-damage|p2a: Metagross|0 fnt","|faint|p2a: Metagross","||adding 5 to each for mid turn request","|","|t:|1753061250","|switch|p2a: Celebi|Celebi|393/393","|","|-heal|p1a: Swampert|92/401|[from] item: Leftovers","|upkeep","|turn|6","||adding 10 for new turn","|","|t:|1753061258","|switch|p1a: Tyranitar|Tyranitar, F|403/403","|-weather|Sandstorm|[from] ability: Sand Stream|[of] p1a: Tyranitar","|move|p2a: Celebi|Calm Mind|p2a: Celebi","|-boost|p2a: Celebi|spa|1","|-boost|p2a: Celebi|spd|1","|","|-weather|Sandstorm|[upkeep]","|-damage|p2a: Celebi|369/393|[from] Sandstorm","|-heal|p2a: Celebi|393/393|[from] item: Leftovers","|upkeep","|turn|7","||adding 10 for new turn","|","|t:|1753061266","|move|p2a: Celebi|Baton Pass|p2a: Celebi","||adding 5 to each for mid turn request","|","|t:|1753061274","|switch|p2a: Swampert|Swampert, F|401/401|[from] Baton Pass","|move|p1a: Tyranitar|Hidden Power|p2a: Swampert","|-damage|p2a: Swampert|305/401","|","|-weather|Sandstorm|[upkeep]","|-heal|p2a: Swampert|330/401|[from] item: Leftovers","|upkeep","|turn|8","||adding 10 for new turn","|","|t:|1753061281","|switch|p1a: Blissey|Blissey, F, shiny|598/651","|move|p2a: Swampert|Earthquake|p1a: Blissey","|-damage|p1a: Blissey|334/651","|","|-weather|Sandstorm|[upkeep]","|-damage|p1a: Blissey|294/651|[from] Sandstorm","|-heal|p2a: Swampert|355/401|[from] item: Leftovers","|-heal|p1a: Blissey|334/651|[from] item: Leftovers","|upkeep","|turn|9","||adding 10 for new turn","|","|t:|1753061290","|move|p2a: Swampert|Earthquake|p1a: Blissey","|-damage|p1a: Blissey|83/651","|move|p1a: Blissey|Soft-Boiled|p1a: Blissey","|-heal|p1a: Blissey|408/651","|","|-weather|Sandstorm|[upkeep]","|-damage|p1a: Blissey|368/651|[from] Sandstorm","|-heal|p2a: Swampert|380/401|[from] item: Leftovers","|-heal|p1a: Blissey|408/651|[from] item: Leftovers","|upkeep","|turn|10","||adding 10 for new turn","|","|t:|1753061298","|move|p2a: Swampert|Earthquake|p1a: Blissey","|-damage|p1a: Blissey|155/651","|move|p1a: Blissey|Soft-Boiled|p1a: Blissey","|-heal|p1a: Blissey|480/651","|","|-weather|Sandstorm|[upkeep]","|-damage|p1a: Blissey|440/651|[from] Sandstorm","|-heal|p2a: Swampert|401/401|[from] item: Leftovers","|-heal|p1a: Blissey|480/651|[from] item: Leftovers","|upkeep","|turn|11","||adding 10 for new turn","|","|t:|1753061306","|move|p2a: Swampert|Earthquake|p1a: Blissey","|-damage|p1a: Blissey|229/651","|move|p1a: Blissey|Soft-Boiled|p1a: Blissey","|-heal|p1a: Blissey|554/651","|","|-weather|Sandstorm|[upkeep]","|-damage|p1a: Blissey|514/651|[from] Sandstorm","|-heal|p1a: Blissey|554/651|[from] item: Leftovers","|upkeep","|turn|12","||adding 10 for new turn","|","|t:|1753061314","|move|p2a: Swampert|Earthquake|p1a: Blissey","|-damage|p1a: Blissey|281/651","|move|p1a: Blissey|Toxic|p2a: Swampert|[miss]","|-miss|p1a: Blissey|p2a: Swampert","|","|-weather|Sandstorm|[upkeep]","|-damage|p1a: Blissey|241/651|[from] Sandstorm","|-heal|p1a: Blissey|281/651|[from] item: Leftovers","|upkeep","|turn|13","||adding 10 for new turn","|","|t:|1753061322","|move|p2a: Swampert|Earthquake|p1a: Blissey","|-damage|p1a: Blissey|8/651","|move|p1a: Blissey|Soft-Boiled|p1a: Blissey","|-heal|p1a: Blissey|333/651","|","|-weather|Sandstorm|[upkeep]","|-damage|p1a: Blissey|293/651|[from] Sandstorm","|-heal|p1a: Blissey|333/651|[from] item: Leftovers","|upkeep","|turn|14","||adding 10 for new turn","|","|t:|1753061330","|move|p2a: Swampert|Earthquake|p1a: Blissey","|-damage|p1a: Blissey|91/651","|move|p1a: Blissey|Soft-Boiled|p1a: Blissey","|-heal|p1a: Blissey|416/651","|","|-weather|Sandstorm|[upkeep]","|-damage|p1a: Blissey|376/651|[from] Sandstorm","|-heal|p1a: Blissey|416/651|[from] item: Leftovers","|upkeep","|turn|15","||adding 10 for new turn","|","|t:|1753061338","|move|p2a: Swampert|Earthquake|p1a: Blissey","|-damage|p1a: Blissey|149/651","|move|p1a: Blissey|Soft-Boiled|p1a: Blissey","|-heal|p1a: Blissey|474/651","|","|-weather|Sandstorm|[upkeep]","|-damage|p1a: Blissey|434/651|[from] Sandstorm","|-heal|p1a: Blissey|474/651|[from] item: Leftovers","|upkeep","|turn|16","||adding 10 for new turn","|","|t:|1753061346","|move|p2a: Swampert|Earthquake|p1a: Blissey","|-damage|p1a: Blissey|237/651","|move|p1a: Blissey|Soft-Boiled|p1a: Blissey","|-heal|p1a: Blissey|562/651","|","|-weather|Sandstorm|[upkeep]","|-damage|p1a: Blissey|522/651|[from] Sandstorm","|-heal|p1a: Blissey|562/651|[from] item: Leftovers","|upkeep","|turn|17","||adding 10 for new turn","|","|t:|1753061354","|move|p2a: Swampert|Ice Beam|p1a: Blissey","|-damage|p1a: Blissey|449/651","|move|p1a: Blissey|Toxic|p2a: Swampert","|-status|p2a: Swampert|tox","|","|-weather|Sandstorm|[upkeep]","|-damage|p1a: Blissey|409/651|[from] Sandstorm","|-damage|p2a: Swampert|376/401 tox|[from] psn","|-heal|p1a: Blissey|449/651|[from] item: Leftovers","|upkeep","|turn|18","||adding 10 for new turn","|","|t:|1753061362","|move|p2a: Swampert|Refresh|p2a: Swampert","|-curestatus|p2a: Swampert|tox|[msg]","|move|p1a: Blissey|Soft-Boiled|p1a: Blissey","|-heal|p1a: Blissey|651/651","|","|-weather|Sandstorm|[upkeep]","|-damage|p1a: Blissey|611/651|[from] Sandstorm","|-heal|p2a: Swampert|401/401|[from] item: Leftovers","|-heal|p1a: Blissey|651/651|[from] item: Leftovers","|upkeep","|turn|19","||adding 10 for new turn","|","|t:|1753061366","|move|p2a: Swampert|Earthquake|p1a: Blissey","|-damage|p1a: Blissey|398/651","|move|p1a: Blissey|Toxic|p2a: Swampert","|-status|p2a: Swampert|tox","|","|-weather|Sandstorm|[upkeep]","|-damage|p1a: Blissey|358/651|[from] Sandstorm","|-damage|p2a: Swampert|376/401 tox|[from] psn","|-heal|p1a: Blissey|398/651|[from] item: Leftovers","|upkeep","|turn|20","||adding 10 for new turn","|","|t:|1753061370","|move|p2a: Swampert|Refresh|p2a: Swampert","|-curestatus|p2a: Swampert|tox|[msg]","|move|p1a: Blissey|Soft-Boiled|p1a: Blissey","|-heal|p1a: Blissey|651/651","|","|-weather|Sandstorm|[upkeep]","|-damage|p1a: Blissey|611/651|[from] Sandstorm","|-heal|p2a: Swampert|401/401|[from] item: Leftovers","|-heal|p1a: Blissey|651/651|[from] item: Leftovers","|upkeep","|turn|21","||adding 10 for new turn","|","|t:|1753061375","|move|p2a: Swampert|Earthquake|p1a: Blissey","|-damage|p1a: Blissey|381/651","|move|p1a: Blissey|Toxic|p2a: Swampert","|-status|p2a: Swampert|tox","|","|-weather|Sandstorm|[upkeep]","|-damage|p1a: Blissey|341/651|[from] Sandstorm","|-damage|p2a: Swampert|376/401 tox|[from] psn","|-heal|p1a: Blissey|381/651|[from] item: Leftovers","|upkeep","|turn|22","||adding 10 for new turn","|","|t:|1753061379","|move|p2a: Swampert|Refresh|p2a: Swampert","|-curestatus|p2a: Swampert|tox|[msg]","|move|p1a: Blissey|Soft-Boiled|p1a: Blissey","|-heal|p1a: Blissey|651/651","|","|-weather|Sandstorm|[upkeep]","|-damage|p1a: Blissey|611/651|[from] Sandstorm","|-heal|p2a: Swampert|401/401|[from] item: Leftovers","|-heal|p1a: Blissey|651/651|[from] item: Leftovers","|upkeep","|turn|23","||adding 10 for new turn","|","|t:|1753061383","|move|p2a: Swampert|Earthquake|p1a: Blissey","|-damage|p1a: Blissey|398/651","|move|p1a: Blissey|Toxic|p2a: Swampert","|-status|p2a: Swampert|tox","|","|-weather|Sandstorm|[upkeep]","|-damage|p1a: Blissey|358/651|[from] Sandstorm","|-damage|p2a: Swampert|376/401 tox|[from] psn","|-heal|p1a: Blissey|398/651|[from] item: Leftovers","|upkeep","|turn|24","||adding 10 for new turn","|","|t:|1753061387","|move|p2a: Swampert|Refresh|p2a: Swampert","|-curestatus|p2a: Swampert|tox|[msg]","|move|p1a: Blissey|Soft-Boiled|p1a: Blissey","|-heal|p1a: Blissey|651/651","|","|-weather|Sandstorm|[upkeep]","|-damage|p1a: Blissey|611/651|[from] Sandstorm","|-heal|p2a: Swampert|401/401|[from] item: Leftovers","|-heal|p1a: Blissey|651/651|[from] item: Leftovers","|upkeep","|turn|25","||adding 10 for new turn","|","|t:|1753061392","|move|p2a: Swampert|Earthquake|p1a: Blissey","|-damage|p1a: Blissey|417/651","|move|p1a: Blissey|Toxic|p2a: Swampert","|-status|p2a: Swampert|tox","|","|-weather|Sandstorm|[upkeep]","|-damage|p1a: Blissey|377/651|[from] Sandstorm","|-damage|p2a: Swampert|376/401 tox|[from] psn","|-heal|p1a: Blissey|417/651|[from] item: Leftovers","|upkeep","|turn|26","||adding 10 for new turn","|","|t:|1753061396","|move|p2a: Swampert|Refresh|p2a: Swampert","|-curestatus|p2a: Swampert|tox|[msg]","|move|p1a: Blissey|Soft-Boiled|p1a: Blissey","|-heal|p1a: Blissey|651/651","|","|-weather|Sandstorm|[upkeep]","|-damage|p1a: Blissey|611/651|[from] Sandstorm","|-heal|p2a: Swampert|401/401|[from] item: Leftovers","|-heal|p1a: Blissey|651/651|[from] item: Leftovers","|upkeep","|turn|27","||adding 10 for new turn","|","|t:|1753061400","|move|p2a: Swampert|Earthquake|p1a: Blissey","|-damage|p1a: Blissey|419/651","|move|p1a: Blissey|Toxic|p2a: Swampert","|-status|p2a: Swampert|tox","|","|-weather|Sandstorm|[upkeep]","|-damage|p1a: Blissey|379/651|[from] Sandstorm","|-damage|p2a: Swampert|376/401 tox|[from] psn","|-heal|p1a: Blissey|419/651|[from] item: Leftovers","|upkeep","|turn|28","||adding 10 for new turn","|","|t:|1753061404","|move|p2a: Swampert|Refresh|p2a: Swampert","|-curestatus|p2a: Swampert|tox|[msg]","|move|p1a: Blissey|Soft-Boiled|p1a: Blissey","|-heal|p1a: Blissey|651/651","|","|-weather|Sandstorm|[upkeep]","|-damage|p1a: Blissey|611/651|[from] Sandstorm","|-heal|p2a: Swampert|401/401|[from] item: Leftovers","|-heal|p1a: Blissey|651/651|[from] item: Leftovers","|upkeep","|turn|29","||adding 10 for new turn","|","|t:|1753061409","|move|p2a: Swampert|Ice Beam|p1a: Blissey","|-damage|p1a: Blissey|551/651","|move|p1a: Blissey|Toxic|p2a: Swampert","|-status|p2a: Swampert|tox","|","|-weather|Sandstorm|[upkeep]","|-damage|p1a: Blissey|511/651|[from] Sandstorm","|-damage|p2a: Swampert|376/401 tox|[from] psn","|-heal|p1a: Blissey|551/651|[from] item: Leftovers","|upkeep","|turn|30","||adding 10 for new turn","|","|t:|1753061413","|move|p2a: Swampert|Refresh|p2a: Swampert","|-curestatus|p2a: Swampert|tox|[msg]","|move|p1a: Blissey|Ice Beam|p2a: Swampert","|-damage|p2a: Swampert|309/401","|-status|p2a: Swampert|frz","|","|-weather|Sandstorm|[upkeep]","|-damage|p1a: Blissey|511/651|[from] Sandstorm","|-heal|p2a: Swampert|334/401 frz|[from] item: Leftovers","|-heal|p1a: Blissey|551/651|[from] item: Leftovers","|upkeep","|turn|31","||adding 10 for new turn","|","|t:|1753061417","|cant|p2a: Swampert|frz","|move|p1a: Blissey|Ice Beam|p2a: Swampert","|-damage|p2a: Swampert|271/401 frz","|","|-weather|Sandstorm|[upkeep]","|-damage|p1a: Blissey|511/651|[from] Sandstorm","|-heal|p2a: Swampert|296/401 frz|[from] item: Leftovers","|-heal|p1a: Blissey|551/651|[from] item: Leftovers","|upkeep","|turn|32","||adding 10 for new turn","|","|t:|1753061422","|-curestatus|p2a: Swampert|frz|[msg]","|move|p2a: Swampert|Ice Beam|p1a: Blissey","|-damage|p1a: Blissey|451/651","|move|p1a: Blissey|Ice Beam|p2a: Swampert","|-damage|p2a: Swampert|234/401","|","|-weather|Sandstorm|[upkeep]","|-damage|p1a: Blissey|411/651|[from] Sandstorm","|-heal|p2a: Swampert|259/401|[from] item: Leftovers","|-heal|p1a: Blissey|451/651|[from] item: Leftovers","|upkeep","|turn|33","||adding 10 for new turn","|","|t:|1753061426","|move|p2a: Swampert|Earthquake|p1a: Blissey","|-damage|p1a: Blissey|209/651","|move|p1a: Blissey|Soft-Boiled|p1a: Blissey","|-heal|p1a: Blissey|534/651","|","|-weather|Sandstorm|[upkeep]","|-damage|p1a: Blissey|494/651|[from] Sandstorm","|-heal|p2a: Swampert|284/401|[from] item: Leftovers","|-heal|p1a: Blissey|534/651|[from] item: Leftovers","|upkeep","|turn|34","||adding 10 for new turn","|","|t:|1753061431","|move|p2a: Swampert|Ice Beam|p1a: Blissey","|-damage|p1a: Blissey|427/651","|move|p1a: Blissey|Soft-Boiled|p1a: Blissey","|-heal|p1a: Blissey|651/651","|","|-weather|Sandstorm|[upkeep]","|-damage|p1a: Blissey|611/651|[from] Sandstorm","|-heal|p2a: Swampert|309/401|[from] item: Leftovers","|-heal|p1a: Blissey|651/651|[from] item: Leftovers","|upkeep","|turn|35","||adding 10 for new turn","|","|t:|1753061435","|move|p2a: Swampert|Hydro Pump|p1a: Blissey","|-damage|p1a: Blissey|461/651","|move|p1a: Blissey|Ice Beam|p2a: Swampert","|-damage|p2a: Swampert|244/401","|","|-weather|Sandstorm|[upkeep]","|-damage|p1a: Blissey|421/651|[from] Sandstorm","|-heal|p2a: Swampert|269/401|[from] item: Leftovers","|-heal|p1a: Blissey|461/651|[from] item: Leftovers","|upkeep","|turn|36","||adding 10 for new turn","|","|t:|1753061439","|move|p2a: Swampert|Earthquake|p1a: Blissey","|-crit|p1a: Blissey","|-damage|p1a: Blissey|0 fnt","|faint|p1a: Blissey","||adding 5 to each for mid turn request","|","|t:|1753061443","|switch|p1a: Skarmory|Skarmory, F|334/334","|","|-weather|Sandstorm|[upkeep]","|-heal|p2a: Swampert|294/401|[from] item: Leftovers","|upkeep","|turn|37","||adding 10 for new turn","|","|t:|1753061451","|move|p2a: Swampert|Hydro Pump|p1a: Skarmory","|-crit|p1a: Skarmory","|-damage|p1a: Skarmory|0 fnt","|faint|p1a: Skarmory","||adding 5 to each for mid turn request","|","|t:|1753061455","|switch|p1a: Gengar|Gengar, F|303/303","|","|-weather|Sandstorm|[upkeep]","|-damage|p1a: Gengar|285/303|[from] Sandstorm","|-heal|p1a: Gengar|303/303|[from] item: Leftovers","|-heal|p2a: Swampert|319/401|[from] item: Leftovers","|upkeep","|turn|38","||adding 10 for new turn","|","|t:|1753061463","|move|p1a: Gengar|Explosion|p2a: Swampert","|-damage|p2a: Swampert|74/401","|faint|p1a: Gengar","||adding 5 to each for mid turn request","|","|t:|1753061467","|switch|p1a: Starmie|Starmie|262/262","|","|-weather|Sandstorm|[upkeep]","|-damage|p1a: Starmie|246/262|[from] Sandstorm","|-heal|p1a: Starmie|262/262|[from] item: Leftovers","|-heal|p2a: Swampert|99/401|[from] item: Leftovers","|upkeep","|turn|39","||adding 10 for new turn","|","|t:|1753061474","|move|p1a: Starmie|Hydro Pump|p2a: Swampert","|-damage|p2a: Swampert|0 fnt","|faint|p2a: Swampert","||adding 5 to each for mid turn request","|","|t:|1753061482","|switch|p2a: Celebi|Celebi|393/393","|","|-weather|Sandstorm|[upkeep]","|-damage|p1a: Starmie|246/262|[from] Sandstorm","|-damage|p2a: Celebi|369/393|[from] Sandstorm","|-heal|p1a: Starmie|262/262|[from] item: Leftovers","|-heal|p2a: Celebi|393/393|[from] item: Leftovers","|upkeep","|turn|40","||adding 10 for new turn","|","|t:|1753061490","|move|p1a: Starmie|Ice Beam|p2a: Celebi","|-supereffective|p2a: Celebi","|-damage|p2a: Celebi|192/393","|-status|p2a: Celebi|frz","|cant|p2a: Celebi|frz","|","|-weather|Sandstorm|[upkeep]","|-damage|p1a: Starmie|246/262|[from] Sandstorm","|-damage|p2a: Celebi|168/393 frz|[from] Sandstorm","|-heal|p1a: Starmie|262/262|[from] item: Leftovers","|-heal|p2a: Celebi|192/393 frz|[from] item: Leftovers","|upkeep","|turn|41","||adding 10 for new turn","|","|t:|1753061498","|move|p1a: Starmie|Ice Beam|p2a: Celebi","|-supereffective|p2a: Celebi","|-damage|p2a: Celebi|11/393 frz","|-curestatus|p2a: Celebi|frz|[msg]","|move|p2a: Celebi|Giga Drain|p1a: Starmie","|-supereffective|p1a: Starmie","|-damage|p1a: Starmie|95/262","|-heal|p2a: Celebi|94/393|[from] drain|[of] p1a: Starmie","|","|-weather|Sandstorm|[upkeep]","|-damage|p1a: Starmie|79/262|[from] Sandstorm","|-damage|p2a: Celebi|70/393|[from] Sandstorm","|-heal|p1a: Starmie|95/262|[from] item: Leftovers","|-heal|p2a: Celebi|94/393|[from] item: Leftovers","|upkeep","|turn|42","||adding 10 for new turn","|","|t:|1753061506","|move|p1a: Starmie|Ice Beam|p2a: Celebi","|-supereffective|p2a: Celebi","|-damage|p2a: Celebi|0 fnt","|faint|p2a: Celebi","||adding 5 to each for mid turn request","|","|t:|1753061513","|switch|p2a: Gengar|Gengar, M|263/263","|","|-weather|Sandstorm|[upkeep]","|-damage|p1a: Starmie|79/262|[from] Sandstorm","|-damage|p2a: Gengar|247/263|[from] Sandstorm","|-heal|p1a: Starmie|95/262|[from] item: Leftovers","|-heal|p2a: Gengar|263/263|[from] item: Leftovers","|upkeep","|turn|43","||adding 10 for new turn","|","|t:|1753061521","|move|p1a: Starmie|Hydro Pump|p2a: Gengar","|-damage|p2a: Gengar|37/263","|move|p2a: Gengar|Giga Drain|p1a: Starmie","|-supereffective|p1a: Starmie","|-damage|p1a: Starmie|0 fnt","|-heal|p2a: Gengar|84/263|[from] drain|[of] p1a: Starmie","|faint|p1a: Starmie","||adding 5 to each for mid turn request","|","|t:|1753061528","|switch|p1a: Tyranitar|Tyranitar, F|403/403","|","|-weather|Sandstorm|[upkeep]","|-damage|p2a: Gengar|68/263|[from] Sandstorm","|-heal|p2a: Gengar|84/263|[from] item: Leftovers","|upkeep","|turn|44","||adding 10 for new turn","|","|t:|1753061536","|move|p2a: Gengar|Giga Drain|p1a: Tyranitar","|-supereffective|p1a: Tyranitar","|-damage|p1a: Tyranitar|281/403","|-heal|p2a: Gengar|145/263|[from] drain|[of] p1a: Tyranitar","|move|p1a: Tyranitar|Rock Slide|p2a: Gengar","|-crit|p2a: Gengar","|-damage|p2a: Gengar|0 fnt","|faint|p2a: Gengar","||adding 5 to each for mid turn request","|","|t:|1753061544","|switch|p2a: Charizard|Charizard, F|297/297","|","|-weather|Sandstorm|[upkeep]","|-damage|p2a: Charizard|279/297|[from] Sandstorm","|-heal|p2a: Charizard|297/297|[from] item: Leftovers","|-heal|p1a: Tyranitar|306/403|[from] item: Leftovers","|upkeep","|turn|45","||adding 10 for new turn","|","|t:|1753061551","|move|p2a: Charizard|Substitute|p2a: Charizard","|-start|p2a: Charizard|Substitute","|-damage|p2a: Charizard|223/297","|move|p1a: Tyranitar|Rock Slide|p2a: Charizard|[miss]","|-miss|p1a: Tyranitar|p2a: Charizard","|","|-weather|Sandstorm|[upkeep]","|-damage|p2a: Charizard|205/297|[from] Sandstorm","|-heal|p2a: Charizard|223/297|[from] item: Leftovers","|-heal|p1a: Tyranitar|331/403|[from] item: Leftovers","|upkeep","|turn|46","||adding 10 for new turn","|","|t:|1753061558","|-singleturn|p2a: Charizard|move: Focus Punch","|switch|p1a: Swampert|Swampert, F|92/401","|move|p2a: Charizard|Focus Punch|p1a: Swampert","|-damage|p1a: Swampert|11/401","|","|-weather|Sandstorm|[upkeep]","|-damage|p2a: Charizard|205/297|[from] Sandstorm","|-heal|p2a: Charizard|223/297|[from] item: Leftovers","|-heal|p1a: Swampert|36/401|[from] item: Leftovers","|upkeep","|turn|47","||adding 10 for new turn","|","|t:|1753061565","|move|p1a: Swampert|Protect|p1a: Swampert","|-singleturn|p1a: Swampert|Protect","|move|p2a: Charizard|Hidden Power|p1a: Swampert","|-activate|p1a: Swampert|Protect","|","|-weather|Sandstorm|[upkeep]","|-damage|p2a: Charizard|205/297|[from] Sandstorm","|-heal|p2a: Charizard|223/297|[from] item: Leftovers","|-heal|p1a: Swampert|61/401|[from] item: Leftovers","|upkeep","|turn|48","||adding 10 for new turn","|","|t:|1753061572","|move|p1a: Swampert|Protect|p1a: Swampert","|-singleturn|p1a: Swampert|Protect","|move|p2a: Charizard|Hidden Power|p1a: Swampert","|-activate|p1a: Swampert|Protect","|","|-weather|Sandstorm|[upkeep]","|-damage|p2a: Charizard|205/297|[from] Sandstorm","|-heal|p2a: Charizard|223/297|[from] item: Leftovers","|-heal|p1a: Swampert|86/401|[from] item: Leftovers","|upkeep","|turn|49","||adding 10 for new turn","|","|t:|1753061579","|switch|p1a: Tyranitar|Tyranitar, F|331/403","|move|p2a: Charizard|Hidden Power|p1a: Tyranitar","|-supereffective|p1a: Tyranitar","|-damage|p1a: Tyranitar|165/403","|","|-weather|Sandstorm|[upkeep]","|-damage|p2a: Charizard|205/297|[from] Sandstorm","|-heal|p2a: Charizard|223/297|[from] item: Leftovers","|-heal|p1a: Tyranitar|190/403|[from] item: Leftovers","|upkeep","|turn|50","||adding 10 for new turn","|","|t:|1753061586","|-singleturn|p2a: Charizard|move: Focus Punch","|switch|p1a: Swampert|Swampert, F|86/401","|move|p2a: Charizard|Focus Punch|p1a: Swampert","|-damage|p1a: Swampert|0 fnt","|faint|p1a: Swampert","||adding 5 to each for mid turn request","|","|t:|1753061589","|switch|p1a: Tyranitar|Tyranitar, F|190/403","|","|-weather|Sandstorm|[upkeep]","|-damage|p2a: Charizard|205/297|[from] Sandstorm","|-heal|p2a: Charizard|223/297|[from] item: Leftovers","|-heal|p1a: Tyranitar|215/403|[from] item: Leftovers","|upkeep","|turn|51","||adding 10 for new turn","|","|t:|1753061596","|-singleturn|p2a: Charizard|move: Focus Punch","|move|p1a: Tyranitar|Rock Slide|p2a: Charizard","|-supereffective|p2a: Charizard","|-end|p2a: Charizard|Substitute","|move|p2a: Charizard|Focus Punch|p1a: Tyranitar","|-supereffective|p1a: Tyranitar","|-damage|p1a: Tyranitar|0 fnt","|faint|p1a: Tyranitar","|","|win|foultestacceptor1",""],"p1rating":null,"p2rating":null,"endType":"normal","ladderError":true,"timestamp":"Sun Jul 20 2025 18:33:16 GMT-0700 (アメリカ太平洋夏時間)","roomid":"battle-gen3ou-1090","format":"gen3ou"}