{"winner":"foultestchallenge1","seed":"sodium,b7193f925daa75440f36802adf0f336b","turns":38,"p1":"foultestchallenge1","p2":"foultestacceptor1","p1team":[{"name":"Skarmory","species":"Skarmory","item":"Leftovers","ability":"Keen Eye","moves":["Spikes","Roar","Toxic","Protect"],"nature":"Careful","evs":{"hp":252,"atk":0,"def":0,"spa":0,"spd":252,"spe":4},"gender":"M","ivs":{"hp":31,"atk":0,"def":31,"spa":31,"spd":31,"spe":31},"level":100},{"name":"Jolteon","species":"Jolteon","item":"Leftovers","ability":"Volt Absorb","moves":["Thunderbolt","Thunder Wave","Hidden Power Grass","Baton Pass"],"nature":"Timid","evs":{"hp":4,"atk":0,"def":0,"spa":252,"spd":0,"spe":252},"gender":"M","ivs":{"hp":31,"atk":2,"def":31,"spa":30,"spd":31,"spe":31},"happiness":255,"hpType":"Grass","pokeball":"","gigantamax":false,"dynamaxLevel":10,"teraType":"","level":100},{"name":"Tyranitar","species":"Tyranitar","item":"Leftovers","ability":"Sand Stream","moves":["Focus Punch","Earthquake","Hidden Power Bug","Rock Slide"],"nature":"Adamant","evs":{"hp":252,"atk":252,"def":4,"spa":0,"spd":0,"spe":0},"gender":"F","ivs":{"hp":31,"atk":31,"def":31,"spa":31,"spd":30,"spe":30},"happiness":255,"hpType":"Bug","pokeball":"","gigantamax":false,"dynamaxLevel":10,"teraType":"","level":100},{"name":"Gengar","species":"Gengar","item":"Leftovers","ability":"Levitate","moves":["Ice Punch","Fire Punch","Hidden Power Grass","Explosion"],"nature":"Hasty","evs":{"hp":40,"atk":0,"def":0,"spa":252,"spd":0,"spe":216},"gender":"M","ivs":{"hp":31,"atk":30,"def":31,"spa":30,"spd":31,"spe":31},"happiness":255,"hpType":"Grass","pokeball":"","gigantamax":false,"dynamaxLevel":10,"teraType":"","level":100},{"name":"Metagross","species":"Metagross","item":"Choice Band","ability":"Clear Body","moves":["Meteor Mash","Earthquake","Rock Slide","Explosion"],"nature":"Adamant","evs":{"hp":68,"atk":252,"def":0,"spa":0,"spd":0,"spe":188},"gender":"N","level":100,"ivs":{"hp":31,"atk":31,"def":31,"spa":31,"spd":31,"spe":31}},{"name":"Starmie","species":"Starmie","item":"Leftovers","ability":"Natural Cure","moves":["Hydro Pump","Thunderbolt","Ice Beam","Psychic"],"nature":"Timid","evs":{"hp":4,"atk":0,"def":0,"spa":252,"spd":0,"spe":252},"gender":"N","ivs":{"hp":31,"atk":0,"def":31,"spa":31,"spd":31,"spe":31},"level":100}],"p2team":[{"name":"Salamence","species":"Salamence","item":"Choice Band","ability":"Intimidate","moves":["Earthquake","Hidden Power Flying","Brick Break","Rock Slide"],"nature":"Adamant","evs":{"hp":120,"atk":252,"def":0,"spa":0,"spd":0,"spe":136},"gender":"M","ivs":{"hp":30,"atk":30,"def":30,"spa":30,"spd":30,"spe":31},"happiness":255,"hpType":"Flying","pokeball":"","gigantamax":false,"dynamaxLevel":10,"teraType":"","level":100},{"name":"Magneton","species":"Magneton","item":"Magnet","ability":"Magnet Pull","moves":["Thunderbolt","Toxic","Hidden Power Fire","Protect"],"nature":"Modest","evs":{"hp":4,"atk":0,"def":0,"spa":252,"spd":0,"spe":252},"gender":"N","ivs":{"hp":31,"atk":2,"def":31,"spa":30,"spd":31,"spe":30},"happiness":255,"hpType":"Fire","pokeball":"","gigantamax":false,"dynamaxLevel":10,"teraType":"","level":100},{"name":"Tyranitar","species":"Tyranitar","item":"Leftovers","ability":"Sand Stream","moves":["Crunch","Pursuit","Hidden Power Grass","Fire Blast"],"nature":"Modest","evs":{"hp":240,"atk":0,"def":0,"spa":188,"spd":48,"spe":32},"gender":"M","ivs":{"hp":31,"atk":2,"def":31,"spa":30,"spd":31,"spe":31},"happiness":255,"hpType":"Grass","pokeball":"","gigantamax":false,"dynamaxLevel":10,"teraType":"","level":100},{"name":"Blissey","species":"Blissey","item":"Leftovers","ability":"Natural Cure","moves":["Seismic Toss","Wish","Protect","Toxic"],"nature":"","evs":{"hp":4,"atk":0,"def":252,"spa":0,"spd":252,"spe":0},"gender":"F","ivs":{"hp":31,"atk":0,"def":31,"spa":31,"spd":31,"spe":31},"level":100},{"name":"Metagross","species":"Metagross","item":"Leftovers","ability":"Clear Body","moves":["Agility","Meteor Mash","Earthquake","Explosion"],"nature":"Adamant","evs":{"hp":168,"atk":252,"def":0,"spa":0,"spd":0,"spe":88},"gender":"N","level":100,"ivs":{"hp":31,"atk":31,"def":31,"spa":31,"spd":31,"spe":31}},{"name":"Swampert","species":"Swampert","item":"Leftovers","ability":"Torrent","moves":["Surf","Ice Beam","Protect","Toxic"],"nature":"Bold","evs":{"hp":252,"atk":0,"def":160,"spa":0,"spd":96,"spe":0},"gender":"M","ivs":{"hp":31,"atk":0,"def":31,"spa":31,"spd":31,"spe":31},"level":100}],"score":[2,0],"inputLog":[">version 372d05e49c92a79eecdf6c8dddb208bd1765c00f",">start {\"formatid\":\"gen3ou\",\"seed\":\"sodium,b7193f925daa75440f36802adf0f336b\"}",">player p1 {\"name\":\"foultestchallenge1\",\"avatar\":\"169\",\"team\":\"Skarmory||Leftovers|KeenEye|Spikes,Roar,Toxic,Protect|Careful|252,,,,252,4|M|,0,,,,|||]Jolteon||Leftovers|VoltAbsorb|Thunderbolt,ThunderWave,HiddenPowerGrass,BatonPass|Timid|4,,,252,,252|M|,2,,30,,|||,Grass,,,,]Tyranitar||Leftovers|SandStream|FocusPunch,Earthquake,HiddenPowerBug,RockSlide|Adamant|252,252,4,,,|F|,,,,30,30|||,Bug,,,,]Gengar||Leftovers|Levitate|IcePunch,FirePunch,HiddenPowerGrass,Explosion|Hasty|40,,,252,,216|M|,30,,30,,|||,Grass,,,,]Metagross||ChoiceBand|ClearBody|MeteorMash,Earthquake,RockSlide,Explosion|Adamant|68,252,,,,188|N||||]Starmie||Leftovers|NaturalCure|HydroPump,Thunderbolt,IceBeam,Psychic|Timid|4,,,252,,252|N|,0,,,,|||\",\"rating\":0}",">player p2 {\"name\":\"foultestacceptor1\",\"avatar\":\"265\",\"team\":\"Salamence||ChoiceBand|Intimidate|Earthquake,HiddenPowerFlying,BrickBreak,RockSlide|Adamant|120,252,,,,136|M|30,30,30,30,30,|||,Flying,,,,]Magneton||Magnet|MagnetPull|Thunderbolt,Toxic,HiddenPowerFire,Protect|Modest|4,,,252,,252|N|,2,,30,,30|||,Fire,,,,]Tyranitar||Leftovers|SandStream|Crunch,Pursuit,HiddenPowerGrass,FireBlast|Modest|240,,,188,48,32|M|,2,,30,,|||,Grass,,,,]Blissey||Leftovers|NaturalCure|SeismicToss,Wish,Protect,Toxic||4,,252,,252,|F|,0,,,,|||]Metagross||Leftovers|ClearBody|Agility,MeteorMash,Earthquake,Explosion|Adamant|168,252,,,,88|N||||]Swampert||Leftovers|Torrent|Surf,IceBeam,Protect,Toxic|Bold|252,,160,,96,|M|,0,,,,|||\",\"rating\":0}",">p1 move spikes",">p2 switch 2",">p1 move protect",">p2 move thunderbolt",">p1 move protect",">p2 move thunderbolt",">p1 move protect",">p2 move thunderbolt",">p1 switch 3",">p1 move earthquake",">p2 move thunderbolt",">p2 switch 5",">p1 switch 5",">p2 move meteormash",">p1 move earthquake",">p2 move earthquake",">p1 move earthquake",">p2 switch 2",">p1 move earthquake",">p2 move hiddenpower",">p1 switch 6",">p1 move icebeam",">p2 switch 2",">p2 switch 3",">p1 move hydropump",">p2 move crunch",">p1 switch 4",">p1 move icepunch",">p2 switch 6",">p1 move hiddenpower",">p2 switch 4",">p1 switch 5",">p2 move wish",">p1 move rockslide",">p2 move toxic",">p1 move rockslide",">p2 move wish",">p1 move focuspunch",">p2 move protect",">p1 move focuspunch",">p2 switch 4",">p1 switch 5",">p2 move icebeam",">p1 move hiddenpower",">p2 move protect",">p2 switch 4",">p1 switch 5",">p2 move wish",">p1 move rockslide",">p2 move protect",">p1 move focuspunch",">p2 move seismictoss",">p1 switch 5",">p1 move icepunch",">p2 move wish",">p1 move icepunch",">p2 move toxic",">p1 move icepunch",">p2 move wish",">p1 move icepunch",">p2 move toxic",">p1 move icepunch",">p2 move wish",">p1 move icepunch",">p2 move wish",">p1 move icepunch",">p2 move wish",">p1 move icepunch",">p2 move wish",">p1 move icepunch",">p2 move wish",">p1 move icepunch",">p2 move wish",">p1 move icepunch",">p2 move wish",">p1 move icepunch",">p2 move wish",">p1 move icepunch",">p2 move protect",">p2 switch 6",">p1 move icepunch",">p2 move crunch",">p2 switch 2",">p1 move icepunch",">p2 move rockslide"],"log":["|j|☆foultestchallenge1","|j|☆foultestacceptor1","|t:|1753055275","|gametype|singles","|player|p1|foultestchallenge1|169|","|player|p2|foultestacceptor1|265|","|teamsize|p1|6","|teamsize|p2|6","|gen|3","|tier|[Gen 3] OU","|rule|Sleep Clause Mod: Limit one foe put to sleep","|rule|Switch Priority Clause Mod: Faster Pokémon switch first","|rule|Species Clause: Limit one of each Pokémon","|rule|OHKO Clause: OHKO moves are banned","|rule|Evasion Items Clause: Evasion items are banned","|rule|Evasion Moves Clause: Evasion moves are banned","|rule|Endless Battle Clause: Forcing endless battles is banned","|rule|HP Percentage Mod: HP is shown in percentages","|rule|One Boost Passer Clause: Limit one Baton Passer that has a way to boost its stats","|rule|Freeze Clause Mod: Limit one foe frozen","|","|t:|1753055275","|start","|switch|p1a: Skarmory|Skarmory, M|334/334","|switch|p2a: Salamence|Salamence, M|360/360","|-ability|p2a: Salamence|Intimidate|boost","|-unboost|p1a: Skarmory|atk|1","|turn|1","|inactive|Battle timer is ON: inactive players will automatically lose when time's up. (requested by foultestchallenge1)","|inactive|foultestacceptor1 also wants the timer to be on.","|","|t:|1753055276","|switch|p2a: Magneton|Magneton|242/242","|move|p1a: Skarmory|Spikes|p2a: Magneton","|-sidestart|p2: foultestacceptor1|Spikes","|","|upkeep","|turn|2","||adding 10 for new turn","|","|t:|1753055278","|move|p1a: Skarmory|Protect|p1a: Skarmory","|-singleturn|p1a: Skarmory|Protect","|move|p2a: Magneton|Thunderbolt|p1a: Skarmory","|-activate|p1a: Skarmory|Protect","|","|upkeep","|turn|3","||adding 10 for new turn","|","|t:|1753055279","|move|p1a: Skarmory|Protect|p1a: Skarmory","|-singleturn|p1a: Skarmory|Protect","|move|p2a: Magneton|Thunderbolt|p1a: Skarmory","|-activate|p1a: Skarmory|Protect","|","|upkeep","|turn|4","||adding 10 for new turn","|","|t:|1753055281","|move|p1a: Skarmory|Protect||[still]","|-fail|p1a: Skarmory","|move|p2a: Magneton|Thunderbolt|p1a: Skarmory","|-supereffective|p1a: Skarmory","|-damage|p1a: Skarmory|0 fnt","|faint|p1a: Skarmory","||adding 5 to each for mid turn request","|","|t:|1753055282","|switch|p1a: Tyranitar|Tyranitar, F|404/404","|-weather|Sandstorm|[from] ability: Sand Stream|[of] p1a: Tyranitar","|","|-weather|Sandstorm|[upkeep]","|upkeep","|turn|5","||adding 10 for new turn","|","|t:|1753055284","|move|p2a: Magneton|Thunderbolt|p1a: Tyranitar","|-damage|p1a: Tyranitar|203/404","|move|p1a: Tyranitar|Earthquake|p2a: Magneton","|-supereffective|p2a: Magneton","|-damage|p2a: Magneton|0 fnt","|faint|p2a: Magneton","||adding 5 to each for mid turn request","|","|t:|1753055286","|switch|p2a: Metagross|Metagross|343/343","|-damage|p2a: Metagross|301/343|[from] Spikes","|","|-weather|Sandstorm|[upkeep]","|-heal|p2a: Metagross|322/343|[from] item: Leftovers","|-heal|p1a: Tyranitar|228/404|[from] item: Leftovers","|upkeep","|turn|6","||adding 10 for new turn","|","|t:|1753055288","|switch|p1a: Metagross|Metagross|318/318","|move|p2a: Metagross|Meteor Mash|p1a: Metagross","|-resisted|p1a: Metagross","|-damage|p1a: Metagross|237/318","|","|-weather|Sandstorm|[upkeep]","|-heal|p2a: Metagross|343/343|[from] item: Leftovers","|upkeep","|turn|7","||adding 10 for new turn","|","|t:|1753055290","|move|p1a: Metagross|Earthquake|p2a: Metagross","|-supereffective|p2a: Metagross","|-damage|p2a: Metagross|27/343","|move|p2a: Metagross|Earthquake|p1a: Metagross","|-supereffective|p1a: Metagross","|-damage|p1a: Metagross|8/318","|","|-weather|Sandstorm|[upkeep]","|-heal|p2a: Metagross|48/343|[from] item: Leftovers","|upkeep","|turn|8","||adding 10 for new turn","|","|t:|1753055292","|switch|p2a: Salamence|Salamence, M|360/360","|-ability|p2a: Salamence|Intimidate|boost","|-fail|p1a: Metagross|unboost|[from] ability: Clear Body|[of] p1a: Metagross","|move|p1a: Metagross|Earthquake|p2a: Salamence","|-immune|p2a: Salamence","|","|-weather|Sandstorm|[upkeep]","|-damage|p2a: Salamence|338/360|[from] Sandstorm","|upkeep","|turn|9","||adding 10 for new turn","|","|t:|1753055293","|move|p2a: Salamence|Hidden Power|p1a: Metagross","|-resisted|p1a: Metagross","|-damage|p1a: Metagross|0 fnt","|faint|p1a: Metagross","||adding 5 to each for mid turn request","|","|t:|1753055294","|switch|p1a: Starmie|Starmie|262/262","|","|-weather|Sandstorm|[upkeep]","|-damage|p1a: Starmie|246/262|[from] Sandstorm","|-damage|p2a: Salamence|316/360|[from] Sandstorm","|-heal|p1a: Starmie|262/262|[from] item: Leftovers","|upkeep","|turn|10","||adding 10 for new turn","|","|t:|1753055296","|switch|p2a: Metagross|Metagross|48/343","|-damage|p2a: Metagross|6/343|[from] Spikes","|move|p1a: Starmie|Ice Beam|p2a: Metagross","|-resisted|p2a: Metagross","|-damage|p2a: Metagross|0 fnt","|faint|p2a: Metagross","||adding 5 to each for mid turn request","|","|t:|1753055297","|switch|p2a: Tyranitar|Tyranitar, M|401/401","|-damage|p2a: Tyranitar|351/401|[from] Spikes","|","|-weather|Sandstorm|[upkeep]","|-damage|p1a: Starmie|246/262|[from] Sandstorm","|-heal|p1a: Starmie|262/262|[from] item: Leftovers","|-heal|p2a: Tyranitar|376/401|[from] item: Leftovers","|upkeep","|turn|11","||adding 10 for new turn","|","|t:|1753055299","|move|p1a: Starmie|Hydro Pump|p2a: Tyranitar","|-supereffective|p2a: Tyranitar","|-damage|p2a: Tyranitar|38/401","|move|p2a: Tyranitar|Crunch|p1a: Starmie","|-supereffective|p1a: Starmie","|-crit|p1a: Starmie","|-damage|p1a: Starmie|0 fnt","|faint|p1a: Starmie","||adding 5 to each for mid turn request","|","|t:|1753055301","|switch|p1a: Gengar|Gengar, M|271/271","|","|-weather|Sandstorm|[upkeep]","|-damage|p1a: Gengar|255/271|[from] Sandstorm","|-heal|p1a: Gengar|271/271|[from] item: Leftovers","|-heal|p2a: Tyranitar|63/401|[from] item: Leftovers","|upkeep","|turn|12","||adding 10 for new turn","|","|t:|1753055303","|switch|p2a: Swampert|Swampert, M|404/404","|-damage|p2a: Swampert|354/404|[from] Spikes","|move|p1a: Gengar|Ice Punch|p2a: Swampert","|-damage|p2a: Swampert|260/404","|-status|p2a: Swampert|frz","|","|-weather|Sandstorm|[upkeep]","|-damage|p1a: Gengar|255/271|[from] Sandstorm","|-heal|p1a: Gengar|271/271|[from] item: Leftovers","|-heal|p2a: Swampert|285/404 frz|[from] item: Leftovers","|upkeep","|turn|13","||adding 10 for new turn","|","|t:|1753055305","|switch|p2a: Blissey|Blissey, F|652/652","|-damage|p2a: Blissey|571/652|[from] Spikes","|move|p1a: Gengar|Hidden Power|p2a: Blissey","|-damage|p2a: Blissey|521/652","|","|-weather|Sandstorm|[upkeep]","|-damage|p1a: Gengar|255/271|[from] Sandstorm","|-damage|p2a: Blissey|481/652|[from] Sandstorm","|-heal|p1a: Gengar|271/271|[from] item: Leftovers","|-heal|p2a: Blissey|521/652|[from] item: Leftovers","|upkeep","|turn|14","||adding 10 for new turn","|","|t:|1753055306","|switch|p1a: Tyranitar|Tyranitar, F|228/404","|move|p2a: Blissey|Wish|p2a: Blissey","|","|-weather|Sandstorm|[upkeep]","|-damage|p2a: Blissey|481/652|[from] Sandstorm","|-heal|p1a: Tyranitar|253/404|[from] item: Leftovers","|-heal|p2a: Blissey|521/652|[from] item: Leftovers","|upkeep","|turn|15","||adding 10 for new turn","|","|t:|1753055308","|move|p1a: Tyranitar|Rock Slide|p2a: Blissey|[miss]","|-miss|p1a: Tyranitar|p2a: Blissey","|move|p2a: Blissey|Toxic|p1a: Tyranitar","|-status|p1a: Tyranitar|tox","|","|-heal|p2a: Blissey|652/652|[from] move: Wish|[wisher] Blissey","|-weather|Sandstorm|[upkeep]","|-damage|p2a: Blissey|612/652|[from] Sandstorm","|-heal|p1a: Tyranitar|278/404 tox|[from] item: Leftovers","|-damage|p1a: Tyranitar|253/404 tox|[from] psn","|-heal|p2a: Blissey|652/652|[from] item: Leftovers","|upkeep","|turn|16","||adding 10 for new turn","|","|t:|1753055309","|move|p1a: Tyranitar|Rock Slide|p2a: Blissey","|-damage|p2a: Blissey|340/652","|cant|p2a: Blissey|flinch","|","|-weather|Sandstorm|[upkeep]","|-damage|p2a: Blissey|300/652|[from] Sandstorm","|-heal|p1a: Tyranitar|278/404 tox|[from] item: Leftovers","|-damage|p1a: Tyranitar|228/404 tox|[from] psn","|-heal|p2a: Blissey|340/652|[from] item: Leftovers","|upkeep","|turn|17","||adding 10 for new turn","|","|t:|1753055311","|-singleturn|p1a: Tyranitar|move: Focus Punch","|move|p2a: Blissey|Protect|p2a: Blissey","|-singleturn|p2a: Blissey|Protect","|move|p1a: Tyranitar|Focus Punch|p2a: Blissey","|-activate|p2a: Blissey|Protect","|","|-weather|Sandstorm|[upkeep]","|-damage|p2a: Blissey|300/652|[from] Sandstorm","|-heal|p1a: Tyranitar|253/404 tox|[from] item: Leftovers","|-damage|p1a: Tyranitar|178/404 tox|[from] psn","|-heal|p2a: Blissey|340/652|[from] item: Leftovers","|upkeep","|turn|18","||adding 10 for new turn","|","|t:|1753055312","|-singleturn|p1a: Tyranitar|move: Focus Punch","|switch|p2a: Swampert|Swampert, M|285/404 frz","|-damage|p2a: Swampert|235/404 frz|[from] Spikes","|move|p1a: Tyranitar|Focus Punch|p2a: Swampert","|-damage|p2a: Swampert|55/404 frz","|","|-weather|Sandstorm|[upkeep]","|-heal|p1a: Tyranitar|203/404 tox|[from] item: Leftovers","|-damage|p1a: Tyranitar|103/404 tox|[from] psn","|-heal|p2a: Swampert|80/404 frz|[from] item: Leftovers","|upkeep","|turn|19","||adding 10 for new turn","|","|t:|1753055314","|switch|p1a: Gengar|Gengar, M|271/271","|cant|p2a: Swampert|frz","|","|-weather|Sandstorm|[upkeep]","|-damage|p1a: Gengar|255/271|[from] Sandstorm","|-heal|p1a: Gengar|271/271|[from] item: Leftovers","|-heal|p2a: Swampert|105/404 frz|[from] item: Leftovers","|upkeep","|turn|20","||adding 10 for new turn","|","|t:|1753055315","|cant|p2a: Swampert|frz","|move|p1a: Gengar|Hidden Power|p2a: Swampert","|-supereffective|p2a: Swampert","|-damage|p2a: Swampert|0 fnt","|faint|p2a: Swampert","||adding 5 to each for mid turn request","|","|t:|1753055316","|switch|p2a: Blissey|Blissey, F|340/652","|-damage|p2a: Blissey|259/652|[from] Spikes","|","|-weather|Sandstorm|[upkeep]","|-damage|p1a: Gengar|255/271|[from] Sandstorm","|-damage|p2a: Blissey|219/652|[from] Sandstorm","|-heal|p1a: Gengar|271/271|[from] item: Leftovers","|-heal|p2a: Blissey|259/652|[from] item: Leftovers","|upkeep","|turn|21","||adding 10 for new turn","|","|t:|1753055317","|switch|p1a: Tyranitar|Tyranitar, F|103/404 tox","|move|p2a: Blissey|Wish|p2a: Blissey","|","|-weather|Sandstorm|[upkeep]","|-damage|p2a: Blissey|219/652|[from] Sandstorm","|-heal|p1a: Tyranitar|128/404 tox|[from] item: Leftovers","|-damage|p1a: Tyranitar|103/404 tox|[from] psn","|-heal|p2a: Blissey|259/652|[from] item: Leftovers","|upkeep","|turn|22","||adding 10 for new turn","|","|t:|1753055319","|move|p2a: Blissey|Protect|p2a: Blissey","|-singleturn|p2a: Blissey|Protect","|move|p1a: Tyranitar|Rock Slide|p2a: Blissey","|-activate|p2a: Blissey|Protect","|","|-heal|p2a: Blissey|585/652|[from] move: Wish|[wisher] Blissey","|-weather|Sandstorm|[upkeep]","|-damage|p2a: Blissey|545/652|[from] Sandstorm","|-heal|p1a: Tyranitar|128/404 tox|[from] item: Leftovers","|-damage|p1a: Tyranitar|78/404 tox|[from] psn","|-heal|p2a: Blissey|585/652|[from] item: Leftovers","|upkeep","|turn|23","||adding 10 for new turn","|","|t:|1753055320","|-singleturn|p1a: Tyranitar|move: Focus Punch","|move|p2a: Blissey|Seismic Toss|p1a: Tyranitar","|-damage|p1a: Tyranitar|0 fnt","|faint|p1a: Tyranitar","||adding 5 to each for mid turn request","|","|t:|1753055321","|switch|p1a: Gengar|Gengar, M|271/271","|","|-weather|Sandstorm|[upkeep]","|-damage|p1a: Gengar|255/271|[from] Sandstorm","|-damage|p2a: Blissey|545/652|[from] Sandstorm","|-heal|p1a: Gengar|271/271|[from] item: Leftovers","|-heal|p2a: Blissey|585/652|[from] item: Leftovers","|upkeep","|turn|24","||adding 10 for new turn","|","|t:|1753055322","|move|p1a: Gengar|Ice Punch|p2a: Blissey","|-damage|p2a: Blissey|524/652","|move|p2a: Blissey|Wish|p2a: Blissey","|","|-weather|Sandstorm|[upkeep]","|-damage|p1a: Gengar|255/271|[from] Sandstorm","|-damage|p2a: Blissey|484/652|[from] Sandstorm","|-heal|p1a: Gengar|271/271|[from] item: Leftovers","|-heal|p2a: Blissey|524/652|[from] item: Leftovers","|upkeep","|turn|25","||adding 10 for new turn","|","|t:|1753055323","|move|p1a: Gengar|Ice Punch|p2a: Blissey","|-crit|p2a: Blissey","|-damage|p2a: Blissey|398/652","|move|p2a: Blissey|Toxic|p1a: Gengar","|-immune|p1a: Gengar","|","|-heal|p2a: Blissey|652/652|[from] move: Wish|[wisher] Blissey","|-weather|Sandstorm|[upkeep]","|-damage|p1a: Gengar|255/271|[from] Sandstorm","|-damage|p2a: Blissey|612/652|[from] Sandstorm","|-heal|p1a: Gengar|271/271|[from] item: Leftovers","|-heal|p2a: Blissey|652/652|[from] item: Leftovers","|upkeep","|turn|26","||adding 10 for new turn","|","|t:|1753055325","|move|p1a: Gengar|Ice Punch|p2a: Blissey","|-damage|p2a: Blissey|595/652","|move|p2a: Blissey|Wish|p2a: Blissey","|","|-weather|Sandstorm|[upkeep]","|-damage|p1a: Gengar|255/271|[from] Sandstorm","|-damage|p2a: Blissey|555/652|[from] Sandstorm","|-heal|p1a: Gengar|271/271|[from] item: Leftovers","|-heal|p2a: Blissey|595/652|[from] item: Leftovers","|upkeep","|turn|27","||adding 10 for new turn","|","|t:|1753055326","|move|p1a: Gengar|Ice Punch|p2a: Blissey","|-damage|p2a: Blissey|537/652","|-status|p2a: Blissey|frz","|cant|p2a: Blissey|frz","|","|-heal|p2a: Blissey|652/652 frz|[from] move: Wish|[wisher] Blissey","|-weather|Sandstorm|[upkeep]","|-damage|p1a: Gengar|255/271|[from] Sandstorm","|-damage|p2a: Blissey|612/652 frz|[from] Sandstorm","|-heal|p1a: Gengar|271/271|[from] item: Leftovers","|-heal|p2a: Blissey|652/652 frz|[from] item: Leftovers","|upkeep","|turn|28","||adding 10 for new turn","|","|t:|1753055328","|move|p1a: Gengar|Ice Punch|p2a: Blissey","|-damage|p2a: Blissey|598/652 frz","|cant|p2a: Blissey|frz","|","|-weather|Sandstorm|[upkeep]","|-damage|p1a: Gengar|255/271|[from] Sandstorm","|-damage|p2a: Blissey|558/652 frz|[from] Sandstorm","|-heal|p1a: Gengar|271/271|[from] item: Leftovers","|-heal|p2a: Blissey|598/652 frz|[from] item: Leftovers","|upkeep","|turn|29","||adding 10 for new turn","|","|t:|1753055329","|move|p1a: Gengar|Ice Punch|p2a: Blissey","|-crit|p2a: Blissey","|-damage|p2a: Blissey|488/652 frz","|cant|p2a: Blissey|frz","|","|-weather|Sandstorm|[upkeep]","|-damage|p1a: Gengar|255/271|[from] Sandstorm","|-damage|p2a: Blissey|448/652 frz|[from] Sandstorm","|-heal|p1a: Gengar|271/271|[from] item: Leftovers","|-heal|p2a: Blissey|488/652 frz|[from] item: Leftovers","|upkeep","|turn|30","||adding 10 for new turn","|","|t:|1753055331","|move|p1a: Gengar|Ice Punch|p2a: Blissey","|-damage|p2a: Blissey|428/652 frz","|cant|p2a: Blissey|frz","|","|-weather|Sandstorm|[upkeep]","|-damage|p1a: Gengar|255/271|[from] Sandstorm","|-damage|p2a: Blissey|388/652 frz|[from] Sandstorm","|-heal|p1a: Gengar|271/271|[from] item: Leftovers","|-heal|p2a: Blissey|428/652 frz|[from] item: Leftovers","|upkeep","|turn|31","||adding 10 for new turn","|","|t:|1753055332","|move|p1a: Gengar|Ice Punch|p2a: Blissey","|-damage|p2a: Blissey|369/652 frz","|cant|p2a: Blissey|frz","|","|-weather|Sandstorm|[upkeep]","|-damage|p1a: Gengar|255/271|[from] Sandstorm","|-damage|p2a: Blissey|329/652 frz|[from] Sandstorm","|-heal|p1a: Gengar|271/271|[from] item: Leftovers","|-heal|p2a: Blissey|369/652 frz|[from] item: Leftovers","|upkeep","|turn|32","||adding 10 for new turn","|","|t:|1753055333","|move|p1a: Gengar|Ice Punch|p2a: Blissey","|-crit|p2a: Blissey","|-damage|p2a: Blissey|262/652 frz","|cant|p2a: Blissey|frz","|","|-weather|Sandstorm|[upkeep]","|-damage|p1a: Gengar|255/271|[from] Sandstorm","|-damage|p2a: Blissey|222/652 frz|[from] Sandstorm","|-heal|p1a: Gengar|271/271|[from] item: Leftovers","|-heal|p2a: Blissey|262/652 frz|[from] item: Leftovers","|upkeep","|turn|33","||adding 10 for new turn","|","|t:|1753055335","|move|p1a: Gengar|Ice Punch|p2a: Blissey","|-damage|p2a: Blissey|208/652 frz","|cant|p2a: Blissey|frz","|","|-weather|Sandstorm|[upkeep]","|-damage|p1a: Gengar|255/271|[from] Sandstorm","|-damage|p2a: Blissey|168/652 frz|[from] Sandstorm","|-heal|p1a: Gengar|271/271|[from] item: Leftovers","|-heal|p2a: Blissey|208/652 frz|[from] item: Leftovers","|upkeep","|turn|34","||adding 10 for new turn","|","|t:|1753055337","|move|p1a: Gengar|Ice Punch|p2a: Blissey","|-damage|p2a: Blissey|149/652 frz","|cant|p2a: Blissey|frz","|","|-weather|Sandstorm|[upkeep]","|-damage|p1a: Gengar|255/271|[from] Sandstorm","|-damage|p2a: Blissey|109/652 frz|[from] Sandstorm","|-heal|p1a: Gengar|271/271|[from] item: Leftovers","|-heal|p2a: Blissey|149/652 frz|[from] item: Leftovers","|upkeep","|turn|35","||adding 10 for new turn","|","|t:|1753055338","|move|p1a: Gengar|Ice Punch|p2a: Blissey","|-damage|p2a: Blissey|90/652 frz","|cant|p2a: Blissey|frz","|","|-weather|Sandstorm|[upkeep]","|-damage|p1a: Gengar|255/271|[from] Sandstorm","|-damage|p2a: Blissey|50/652 frz|[from] Sandstorm","|-heal|p1a: Gengar|271/271|[from] item: Leftovers","|-heal|p2a: Blissey|90/652 frz|[from] item: Leftovers","|upkeep","|turn|36","||adding 10 for new turn","|","|t:|1753055339","|cant|p2a: Blissey|frz","|move|p1a: Gengar|Ice Punch|p2a: Blissey","|-damage|p2a: Blissey|28/652 frz","|","|-weather|Sandstorm|[upkeep]","|-damage|p1a: Gengar|255/271|[from] Sandstorm","|-damage|p2a: Blissey|0 fnt|[from] Sandstorm","|faint|p2a: Blissey","|-heal|p1a: Gengar|271/271|[from] item: Leftovers","|upkeep","||adding 5 to each for mid turn request","|","|t:|1753055341","|switch|p2a: Tyranitar|Tyranitar, M|63/401","|-damage|p2a: Tyranitar|13/401|[from] Spikes","|turn|37","||adding 10 for new turn","|","|t:|1753055342","|move|p1a: Gengar|Ice Punch|p2a: Tyranitar","|-damage|p2a: Tyranitar|0 fnt","|faint|p2a: Tyranitar","||adding 5 to each for mid turn request","|","|t:|1753055343","|switch|p2a: Salamence|Salamence, M|316/360","|-ability|p2a: Salamence|Intimidate|boost","|-unboost|p1a: Gengar|atk|1","|","|-weather|Sandstorm|[upkeep]","|-damage|p1a: Gengar|255/271|[from] Sandstorm","|-damage|p2a: Salamence|294/360|[from] Sandstorm","|-heal|p1a: Gengar|271/271|[from] item: Leftovers","|upkeep","|turn|38","||adding 10 for new turn","|","|t:|1753055345","|move|p1a: Gengar|Ice Punch|p2a: Salamence","|-supereffective|p2a: Salamence","|-damage|p2a: Salamence|0 fnt","|faint|p2a: Salamence","|","|win|foultestchallenge1",""],"p1rating":null,"p2rating":null,"endType":"normal","ladderError":true,"timestamp":"Sun Jul 20 2025 16:49:05 GMT-0700 (アメリカ太平洋夏時間)","roomid":"battle-gen3ou-1062","format":"gen3ou"}