{"winner":"foultestacceptor1","seed":"sodium,1c7fd6dbdf3e8faa83e7206b6915e4aa","turns":32,"p1":"foultestchallenge1","p2":"foultestacceptor1","p1team":[{"name":"Salamence","species":"Salamence","item":"Choice Band","ability":"Intimidate","moves":["Earthquake","Hidden Power Flying","Brick Break","Rock Slide"],"nature":"Adamant","evs":{"hp":120,"atk":252,"def":0,"spa":0,"spd":0,"spe":136},"gender":"F","ivs":{"hp":30,"atk":30,"def":30,"spa":30,"spd":30,"spe":31},"happiness":255,"hpType":"Flying","pokeball":"","gigantamax":false,"dynamaxLevel":10,"teraType":"","level":100},{"name":"Magneton","species":"Magneton","item":"Magnet","ability":"Magnet Pull","moves":["Thunderbolt","Toxic","Hidden Power Fire","Protect"],"nature":"Modest","evs":{"hp":4,"atk":0,"def":0,"spa":252,"spd":0,"spe":252},"gender":"N","ivs":{"hp":31,"atk":2,"def":31,"spa":30,"spd":31,"spe":30},"happiness":255,"hpType":"Fire","pokeball":"","gigantamax":false,"dynamaxLevel":10,"teraType":"","level":100},{"name":"Tyranitar","species":"Tyranitar","item":"Leftovers","ability":"Sand Stream","moves":["Crunch","Pursuit","Hidden Power Grass","Fire Blast"],"nature":"Modest","evs":{"hp":240,"atk":0,"def":0,"spa":188,"spd":48,"spe":32},"gender":"M","ivs":{"hp":31,"atk":2,"def":31,"spa":30,"spd":31,"spe":31},"happiness":255,"hpType":"Grass","pokeball":"","gigantamax":false,"dynamaxLevel":10,"teraType":"","level":100},{"name":"Blissey","species":"Blissey","item":"Leftovers","ability":"Natural Cure","moves":["Seismic Toss","Wish","Protect","Toxic"],"nature":"","evs":{"hp":4,"atk":0,"def":252,"spa":0,"spd":252,"spe":0},"gender":"F","ivs":{"hp":31,"atk":0,"def":31,"spa":31,"spd":31,"spe":31},"level":100},{"name":"Metagross","species":"Metagross","item":"Leftovers","ability":"Clear Body","moves":["Agility","Meteor Mash","Earthquake","Explosion"],"nature":"Adamant","evs":{"hp":168,"atk":252,"def":0,"spa":0,"spd":0,"spe":88},"gender":"N","level":100,"ivs":{"hp":31,"atk":31,"def":31,"spa":31,"spd":31,"spe":31}},{"name":"Swampert","species":"Swampert","item":"Leftovers","ability":"Torrent","moves":["Surf","Ice Beam","Protect","Toxic"],"nature":"Bold","evs":{"hp":252,"atk":0,"def":160,"spa":0,"spd":96,"spe":0},"gender":"M","ivs":{"hp":31,"atk":0,"def":31,"spa":31,"spd":31,"spe":31},"level":100}],"p2team":[{"name":"Skarmory","species":"Skarmory","item":"Leftovers","ability":"Keen Eye","moves":["Spikes","Roar","Toxic","Protect"],"nature":"Careful","evs":{"hp":252,"atk":0,"def":0,"spa":0,"spd":252,"spe":4},"gender":"M","ivs":{"hp":31,"atk":0,"def":31,"spa":31,"spd":31,"spe":31},"level":100},{"name":"Jolteon","species":"Jolteon","item":"Leftovers","ability":"Volt Absorb","moves":["Thunderbolt","Thunder Wave","Hidden Power Grass","Baton Pass"],"nature":"Timid","evs":{"hp":4,"atk":0,"def":0,"spa":252,"spd":0,"spe":252},"gender":"F","ivs":{"hp":31,"atk":2,"def":31,"spa":30,"spd":31,"spe":31},"happiness":255,"hpType":"Grass","pokeball":"","gigantamax":false,"dynamaxLevel":10,"teraType":"","level":100},{"name":"Tyranitar","species":"Tyranitar","item":"Leftovers","ability":"Sand Stream","moves":["Focus Punch","Earthquake","Hidden Power Bug","Rock Slide"],"nature":"Adamant","evs":{"hp":252,"atk":252,"def":4,"spa":0,"spd":0,"spe":0},"gender":"M","ivs":{"hp":31,"atk":31,"def":31,"spa":31,"spd":30,"spe":30},"happiness":255,"hpType":"Bug","pokeball":"","gigantamax":false,"dynamaxLevel":10,"teraType":"","level":100},{"name":"Gengar","species":"Gengar","item":"Leftovers","ability":"Levitate","moves":["Ice Punch","Fire Punch","Hidden Power Grass","Explosion"],"nature":"Hasty","evs":{"hp":40,"atk":0,"def":0,"spa":252,"spd":0,"spe":216},"gender":"M","ivs":{"hp":31,"atk":30,"def":31,"spa":30,"spd":31,"spe":31},"happiness":255,"hpType":"Grass","pokeball":"","gigantamax":false,"dynamaxLevel":10,"teraType":"","level":100},{"name":"Metagross","species":"Metagross","item":"Choice Band","ability":"Clear Body","moves":["Meteor Mash","Earthquake","Rock Slide","Explosion"],"nature":"Adamant","evs":{"hp":68,"atk":252,"def":0,"spa":0,"spd":0,"spe":188},"gender":"N","level":100,"ivs":{"hp":31,"atk":31,"def":31,"spa":31,"spd":31,"spe":31}},{"name":"Starmie","species":"Starmie","item":"Leftovers","ability":"Natural Cure","moves":["Hydro Pump","Thunderbolt","Ice Beam","Psychic"],"nature":"Timid","evs":{"hp":4,"atk":0,"def":0,"spa":252,"spd":0,"spe":252},"gender":"N","ivs":{"hp":31,"atk":0,"def":31,"spa":31,"spd":31,"spe":31},"level":100}],"score":[0,1],"inputLog":[">version 372d05e49c92a79eecdf6c8dddb208bd1765c00f",">start {\"formatid\":\"gen3ou\",\"seed\":\"sodium,1c7fd6dbdf3e8faa83e7206b6915e4aa\"}",">player p1 {\"name\":\"foultestchallenge1\",\"avatar\":\"169\",\"team\":\"Salamence||ChoiceBand|Intimidate|Earthquake,HiddenPowerFlying,BrickBreak,RockSlide|Adamant|120,252,,,,136|F|30,30,30,30,30,|||,Flying,,,,]Magneton||Magnet|MagnetPull|Thunderbolt,Toxic,HiddenPowerFire,Protect|Modest|4,,,252,,252|N|,2,,30,,30|||,Fire,,,,]Tyranitar||Leftovers|SandStream|Crunch,Pursuit,HiddenPowerGrass,FireBlast|Modest|240,,,188,48,32|M|,2,,30,,|||,Grass,,,,]Blissey||Leftovers|NaturalCure|SeismicToss,Wish,Protect,Toxic||4,,252,,252,|F|,0,,,,|||]Metagross||Leftovers|ClearBody|Agility,MeteorMash,Earthquake,Explosion|Adamant|168,252,,,,88|N||||]Swampert||Leftovers|Torrent|Surf,IceBeam,Protect,Toxic|Bold|252,,160,,96,|M|,0,,,,|||\",\"rating\":0}",">player p2 {\"name\":\"foultestacceptor1\",\"avatar\":\"102\",\"team\":\"Skarmory||Leftovers|KeenEye|Spikes,Roar,Toxic,Protect|Careful|252,,,,252,4|M|,0,,,,|||]Jolteon||Leftovers|VoltAbsorb|Thunderbolt,ThunderWave,HiddenPowerGrass,BatonPass|Timid|4,,,252,,252|F|,2,,30,,|||,Grass,,,,]Tyranitar||Leftovers|SandStream|FocusPunch,Earthquake,HiddenPowerBug,RockSlide|Adamant|252,252,4,,,|M|,,,,30,30|||,Bug,,,,]Gengar||Leftovers|Levitate|IcePunch,FirePunch,HiddenPowerGrass,Explosion|Hasty|40,,,252,,216|M|,30,,30,,|||,Grass,,,,]Metagross||ChoiceBand|ClearBody|MeteorMash,Earthquake,RockSlide,Explosion|Adamant|68,252,,,,188|N||||]Starmie||Leftovers|NaturalCure|HydroPump,Thunderbolt,IceBeam,Psychic|Timid|4,,,252,,252|N|,0,,,,|||\",\"rating\":0}",">p1 switch 2",">p2 move spikes",">p1 move thunderbolt",">p2 move spikes",">p2 switch 4",">p1 move thunderbolt",">p2 move firepunch",">p1 switch 3",">p1 move crunch",">p2 move hiddenpower",">p2 switch 5",">p1 switch 6",">p2 move meteormash",">p1 move surf",">p2 move meteormash",">p1 move surf",">p2 switch 6",">p1 move protect",">p2 move hydropump",">p1 move toxic",">p2 move hydropump",">p1 move surf",">p2 move hydropump",">p1 move surf",">p2 switch 2",">p1 move surf",">p2 move hiddenpower",">p1 switch 5",">p1 move agility",">p2 move thunderbolt",">p1 move earthquake",">p2 switch 2",">p2 switch 3",">p1 move earthquake",">p2 move earthquake",">p1 switch 2",">p1 move earthquake",">p2 move focuspunch",">p2 switch 2",">p1 move earthquake",">p2 move thunderwave",">p1 switch 6",">p2 move thunderbolt",">p1 switch 4",">p2 move thunderbolt",">p1 switch 4",">p2 move thunderwave",">p1 switch 6",">p2 move thunderbolt",">p1 switch 4",">p2 move thunderbolt",">p1 move wish",">p2 move thunderwave",">p1 move seismictoss",">p2 switch 6",">p1 move protect",">p2 move meteormash",">p1 move protect",">p2 move meteormash",">p1 move protect",">p2 move meteormash",">p1 move protect",">p2 move meteormash",">p1 move seismictoss",">p2 move meteormash",">p1 switch 4",">p1 switch 6",">p2 move meteormash",">p1 switch 6",">p1 move earthquake",">p2 move meteormash",">p2 switch 6",">p1 move earthquake",">p2 move thunderbolt"],"log":["|j|☆foultestchallenge1","|j|☆foultestacceptor1","|t:|1753074479","|gametype|singles","|player|p1|foultestchallenge1|169|","|player|p2|foultestacceptor1|102|","|teamsize|p1|6","|teamsize|p2|6","|gen|3","|tier|[Gen 3] OU","|rule|Sleep Clause Mod: Limit one foe put to sleep","|rule|Switch Priority Clause Mod: Faster Pokémon switch first","|rule|Species Clause: Limit one of each Pokémon","|rule|OHKO Clause: OHKO moves are banned","|rule|Evasion Items Clause: Evasion items are banned","|rule|Evasion Moves Clause: Evasion moves are banned","|rule|Endless Battle Clause: Forcing endless battles is banned","|rule|HP Percentage Mod: HP is shown in percentages","|rule|One Boost Passer Clause: Limit one Baton Passer that has a way to boost its stats","|rule|Freeze Clause Mod: Limit one foe frozen","|","|t:|1753074479","|start","|switch|p1a: Salamence|Salamence, F|360/360","|switch|p2a: Skarmory|Skarmory, M|334/334","|-ability|p1a: Salamence|Intimidate|boost","|-unboost|p2a: Skarmory|atk|1","|turn|1","|inactive|Battle timer is ON: inactive players will automatically lose when time's up. (requested by foultestacceptor1)","|inactive|foultestchallenge1 also wants the timer to be on.","|","|t:|1753074488","|switch|p1a: Magneton|Magneton|242/242","|move|p2a: Skarmory|Spikes|p1a: Magneton","|-sidestart|p1: foultestchallenge1|Spikes","|","|upkeep","|turn|2","||adding 10 for new turn","|","|t:|1753074496","|move|p1a: Magneton|Thunderbolt|p2a: Skarmory","|-supereffective|p2a: Skarmory","|-damage|p2a: Skarmory|0 fnt","|faint|p2a: Skarmory","||adding 5 to each for mid turn request","|","|t:|1753074504","|switch|p2a: Gengar|Gengar, M|271/271","|","|upkeep","|turn|3","||adding 10 for new turn","|","|t:|1753074512","|move|p2a: Gengar|Fire Punch|p1a: Magneton","|-supereffective|p1a: Magneton","|-damage|p1a: Magneton|0 fnt","|faint|p1a: Magneton","||adding 5 to each for mid turn request","|","|t:|1753074520","|switch|p1a: Tyranitar|Tyranitar, M|401/401","|-damage|p1a: Tyranitar|351/401|[from] Spikes","|-weather|Sandstorm|[from] ability: Sand Stream|[of] p1a: Tyranitar","|","|-weather|Sandstorm|[upkeep]","|-damage|p2a: Gengar|255/271|[from] Sandstorm","|-heal|p2a: Gengar|271/271|[from] item: Leftovers","|-heal|p1a: Tyranitar|376/401|[from] item: Leftovers","|upkeep","|turn|4","||adding 10 for new turn","|","|t:|1753074528","|move|p2a: Gengar|Hidden Power|p1a: Tyranitar","|-supereffective|p1a: Tyranitar","|-damage|p1a: Tyranitar|208/401","|move|p1a: Tyranitar|Crunch|p2a: Gengar","|-supereffective|p2a: Gengar","|-damage|p2a: Gengar|0 fnt","|faint|p2a: Gengar","||adding 5 to each for mid turn request","|","|t:|1753074536","|switch|p2a: Metagross|Metagross|318/318","|","|-weather|Sandstorm|[upkeep]","|-heal|p1a: Tyranitar|233/401|[from] item: Leftovers","|upkeep","|turn|5","||adding 10 for new turn","|","|t:|1753074544","|switch|p1a: Swampert|Swampert, M|404/404","|-damage|p1a: Swampert|354/404|[from] Spikes","|move|p2a: Metagross|Meteor Mash|p1a: Swampert|[miss]","|-miss|p2a: Metagross|p1a: Swampert","|","|-weather|Sandstorm|[upkeep]","|-heal|p1a: Swampert|379/404|[from] item: Leftovers","|upkeep","|turn|6","||adding 10 for new turn","|","|t:|1753074552","|move|p2a: Metagross|Meteor Mash|p1a: Swampert","|-resisted|p1a: Swampert","|-damage|p1a: Swampert|255/404","|move|p1a: Swampert|Surf|p2a: Metagross","|-damage|p2a: Metagross|216/318","|","|-weather|Sandstorm|[upkeep]","|-heal|p1a: Swampert|280/404|[from] item: Leftovers","|upkeep","|turn|7","||adding 10 for new turn","|","|t:|1753074560","|switch|p2a: Starmie|Starmie|262/262","|move|p1a: Swampert|Surf|p2a: Starmie","|-resisted|p2a: Starmie","|-damage|p2a: Starmie|203/262","|","|-weather|Sandstorm|[upkeep]","|-damage|p2a: Starmie|187/262|[from] Sandstorm","|-heal|p2a: Starmie|203/262|[from] item: Leftovers","|-heal|p1a: Swampert|305/404|[from] item: Leftovers","|upkeep","|turn|8","||adding 10 for new turn","|","|t:|1753074568","|move|p1a: Swampert|Protect|p1a: Swampert","|-singleturn|p1a: Swampert|Protect","|move|p2a: Starmie|Hydro Pump|p1a: Swampert","|-activate|p1a: Swampert|Protect","|","|-weather|Sandstorm|[upkeep]","|-damage|p2a: Starmie|187/262|[from] Sandstorm","|-heal|p2a: Starmie|203/262|[from] item: Leftovers","|-heal|p1a: Swampert|330/404|[from] item: Leftovers","|upkeep","|turn|9","||adding 10 for new turn","|","|t:|1753074576","|move|p2a: Starmie|Hydro Pump|p1a: Swampert|[miss]","|-miss|p2a: Starmie|p1a: Swampert","|move|p1a: Swampert|Toxic|p2a: Starmie","|-status|p2a: Starmie|tox","|","|-weather|Sandstorm|[upkeep]","|-damage|p2a: Starmie|187/262 tox|[from] Sandstorm","|-heal|p2a: Starmie|203/262 tox|[from] item: Leftovers","|-damage|p2a: Starmie|187/262 tox|[from] psn","|-heal|p1a: Swampert|355/404|[from] item: Leftovers","|upkeep","|turn|10","||adding 10 for new turn","|","|t:|1753074584","|move|p2a: Starmie|Hydro Pump|p1a: Swampert","|-damage|p1a: Swampert|169/404","|move|p1a: Swampert|Surf|p2a: Starmie","|-resisted|p2a: Starmie","|-damage|p2a: Starmie|129/262 tox","|","|-weather|Sandstorm|[upkeep]","|-damage|p2a: Starmie|113/262 tox|[from] Sandstorm","|-heal|p2a: Starmie|129/262 tox|[from] item: Leftovers","|-damage|p2a: Starmie|97/262 tox|[from] psn","|-heal|p1a: Swampert|194/404|[from] item: Leftovers","|upkeep","|turn|11","||adding 10 for new turn","|","|t:|1753074592","|-curestatus|p2a: Starmie|tox|[from] ability: Natural Cure","|switch|p2a: Jolteon|Jolteon, F|272/272","|move|p1a: Swampert|Surf|p2a: Jolteon","|-damage|p2a: Jolteon|174/272","|","|-weather|Sandstorm|[upkeep]","|-damage|p2a: Jolteon|157/272|[from] Sandstorm","|-heal|p2a: Jolteon|174/272|[from] item: Leftovers","|-heal|p1a: Swampert|219/404|[from] item: Leftovers","|upkeep","|turn|12","||adding 10 for new turn","|","|t:|1753074600","|move|p2a: Jolteon|Hidden Power|p1a: Swampert","|-supereffective|p1a: Swampert","|-damage|p1a: Swampert|0 fnt","|faint|p1a: Swampert","||adding 5 to each for mid turn request","|","|t:|1753074607","|switch|p1a: Metagross|Metagross|343/343","|-damage|p1a: Metagross|301/343|[from] Spikes","|","|-weather|Sandstorm|[upkeep]","|-damage|p2a: Jolteon|157/272|[from] Sandstorm","|-heal|p2a: Jolteon|174/272|[from] item: Leftovers","|-heal|p1a: Metagross|322/343|[from] item: Leftovers","|upkeep","|turn|13","||adding 10 for new turn","|","|t:|1753074615","|move|p2a: Jolteon|Thunderbolt|p1a: Metagross","|-damage|p1a: Metagross|152/343","|move|p1a: Metagross|Agility|p1a: Metagross","|-boost|p1a: Metagross|spe|2","|","|-weather|Sandstorm|[upkeep]","|-damage|p2a: Jolteon|157/272|[from] Sandstorm","|-heal|p1a: Metagross|173/343|[from] item: Leftovers","|-heal|p2a: Jolteon|174/272|[from] item: Leftovers","|upkeep","|turn|14","||adding 10 for new turn","|","|t:|1753074623","|switch|p2a: Starmie|Starmie|97/262","|move|p1a: Metagross|Earthquake|p2a: Starmie","|-damage|p2a: Starmie|0 fnt","|faint|p2a: Starmie","||adding 5 to each for mid turn request","|","|t:|1753074631","|switch|p2a: Tyranitar|Tyranitar, M|404/404","|","|-weather|Sandstorm|[upkeep]","|-heal|p1a: Metagross|194/343|[from] item: Leftovers","|upkeep","|turn|15","||adding 10 for new turn","|","|t:|1753074638","|move|p1a: Metagross|Earthquake|p2a: Tyranitar","|-supereffective|p2a: Tyranitar","|-damage|p2a: Tyranitar|136/404","|move|p2a: Tyranitar|Earthquake|p1a: Metagross","|-supereffective|p1a: Metagross","|-crit|p1a: Metagross","|-damage|p1a: Metagross|0 fnt","|faint|p1a: Metagross","||adding 5 to each for mid turn request","|","|t:|1753074647","|switch|p1a: Salamence|Salamence, F|360/360","|-ability|p1a: Salamence|Intimidate|boost","|-unboost|p2a: Tyranitar|atk|1","|","|-weather|Sandstorm|[upkeep]","|-damage|p1a: Salamence|338/360|[from] Sandstorm","|-heal|p2a: Tyranitar|161/404|[from] item: Leftovers","|upkeep","|turn|16","||adding 10 for new turn","|","|t:|1753074654","|-singleturn|p2a: Tyranitar|move: Focus Punch","|move|p1a: Salamence|Earthquake|p2a: Tyranitar","|-supereffective|p2a: Tyranitar","|-damage|p2a: Tyranitar|0 fnt","|faint|p2a: Tyranitar","||adding 5 to each for mid turn request","|","|t:|1753074661","|switch|p2a: Jolteon|Jolteon, F|174/272","|","|-weather|Sandstorm|[upkeep]","|-damage|p2a: Jolteon|157/272|[from] Sandstorm","|-damage|p1a: Salamence|316/360|[from] Sandstorm","|-heal|p2a: Jolteon|174/272|[from] item: Leftovers","|upkeep","|turn|17","||adding 10 for new turn","|","|t:|1753074668","|move|p2a: Jolteon|Thunder Wave|p1a: Salamence","|-status|p1a: Salamence|par","|cant|p1a: Salamence|par","|","|-weather|Sandstorm|[upkeep]","|-damage|p2a: Jolteon|157/272|[from] Sandstorm","|-damage|p1a: Salamence|294/360 par|[from] Sandstorm","|-heal|p2a: Jolteon|174/272|[from] item: Leftovers","|upkeep","|turn|18","||adding 10 for new turn","|","|t:|1753074676","|switch|p1a: Tyranitar|Tyranitar, M|233/401","|-damage|p1a: Tyranitar|183/401|[from] Spikes","|move|p2a: Jolteon|Thunderbolt|p1a: Tyranitar","|-damage|p1a: Tyranitar|40/401","|","|-weather|Sandstorm|[upkeep]","|-damage|p2a: Jolteon|157/272|[from] Sandstorm","|-heal|p2a: Jolteon|174/272|[from] item: Leftovers","|-heal|p1a: Tyranitar|65/401|[from] item: Leftovers","|upkeep","|turn|19","||adding 10 for new turn","|","|t:|1753074683","|switch|p1a: Blissey|Blissey, F|652/652","|-damage|p1a: Blissey|571/652|[from] Spikes","|move|p2a: Jolteon|Thunderbolt|p1a: Blissey","|-damage|p1a: Blissey|478/652","|","|-weather|Sandstorm|[upkeep]","|-damage|p2a: Jolteon|157/272|[from] Sandstorm","|-damage|p1a: Blissey|438/652|[from] Sandstorm","|-heal|p2a: Jolteon|174/272|[from] item: Leftovers","|-heal|p1a: Blissey|478/652|[from] item: Leftovers","|upkeep","|turn|20","||adding 10 for new turn","|","|t:|1753074692","|switch|p1a: Tyranitar|Tyranitar, M|65/401","|-damage|p1a: Tyranitar|15/401|[from] Spikes","|move|p2a: Jolteon|Thunder Wave|p1a: Tyranitar","|-status|p1a: Tyranitar|par","|","|-weather|Sandstorm|[upkeep]","|-damage|p2a: Jolteon|157/272|[from] Sandstorm","|-heal|p2a: Jolteon|174/272|[from] item: Leftovers","|-heal|p1a: Tyranitar|40/401 par|[from] item: Leftovers","|upkeep","|turn|21","||adding 10 for new turn","|","|t:|1753074699","|switch|p1a: Salamence|Salamence, F|294/360 par","|-ability|p1a: Salamence|Intimidate|boost","|-unboost|p2a: Jolteon|atk|1","|move|p2a: Jolteon|Thunderbolt|p1a: Salamence","|-damage|p1a: Salamence|116/360 par","|","|-weather|Sandstorm|[upkeep]","|-damage|p2a: Jolteon|157/272|[from] Sandstorm","|-damage|p1a: Salamence|94/360 par|[from] Sandstorm","|-heal|p2a: Jolteon|174/272|[from] item: Leftovers","|upkeep","|turn|22","||adding 10 for new turn","|","|t:|1753074707","|switch|p1a: Blissey|Blissey, F|478/652","|-damage|p1a: Blissey|397/652|[from] Spikes","|move|p2a: Jolteon|Thunderbolt|p1a: Blissey","|-damage|p1a: Blissey|303/652","|","|-weather|Sandstorm|[upkeep]","|-damage|p2a: Jolteon|157/272|[from] Sandstorm","|-damage|p1a: Blissey|263/652|[from] Sandstorm","|-heal|p2a: Jolteon|174/272|[from] item: Leftovers","|-heal|p1a: Blissey|303/652|[from] item: Leftovers","|upkeep","|turn|23","||adding 10 for new turn","|","|t:|1753074715","|move|p2a: Jolteon|Thunder Wave|p1a: Blissey","|-status|p1a: Blissey|par","|move|p1a: Blissey|Wish|p1a: Blissey","|","|-weather|Sandstorm|[upkeep]","|-damage|p2a: Jolteon|157/272|[from] Sandstorm","|-damage|p1a: Blissey|263/652 par|[from] Sandstorm","|-heal|p2a: Jolteon|174/272|[from] item: Leftovers","|-heal|p1a: Blissey|303/652 par|[from] item: Leftovers","|upkeep","|turn|24","||adding 10 for new turn","|","|t:|1753074723","|switch|p2a: Metagross|Metagross|216/318","|move|p1a: Blissey|Seismic Toss|p2a: Metagross","|-damage|p2a: Metagross|116/318","|","|-heal|p1a: Blissey|629/652 par|[from] move: Wish|[wisher] Blissey","|-weather|Sandstorm|[upkeep]","|-damage|p1a: Blissey|589/652 par|[from] Sandstorm","|-heal|p1a: Blissey|629/652 par|[from] item: Leftovers","|upkeep","|turn|25","||adding 10 for new turn","|","|t:|1753074730","|move|p1a: Blissey|Protect|p1a: Blissey","|-singleturn|p1a: Blissey|Protect","|move|p2a: Metagross|Meteor Mash|p1a: Blissey","|-activate|p1a: Blissey|Protect","|","|-weather|Sandstorm|[upkeep]","|-damage|p1a: Blissey|589/652 par|[from] Sandstorm","|-heal|p1a: Blissey|629/652 par|[from] item: Leftovers","|upkeep","|turn|26","||adding 10 for new turn","|","|t:|1753074738","|move|p1a: Blissey|Protect||[still]","|-fail|p1a: Blissey","|move|p2a: Metagross|Meteor Mash|p1a: Blissey|[miss]","|-miss|p2a: Metagross|p1a: Blissey","|","|-weather|Sandstorm|[upkeep]","|-damage|p1a: Blissey|589/652 par|[from] Sandstorm","|-heal|p1a: Blissey|629/652 par|[from] item: Leftovers","|upkeep","|turn|27","||adding 10 for new turn","|","|t:|1753074745","|move|p1a: Blissey|Protect|p1a: Blissey","|-singleturn|p1a: Blissey|Protect","|move|p2a: Metagross|Meteor Mash|p1a: Blissey","|-activate|p1a: Blissey|Protect","|","|-weather|Sandstorm|[upkeep]","|-damage|p1a: Blissey|589/652 par|[from] Sandstorm","|-heal|p1a: Blissey|629/652 par|[from] item: Leftovers","|upkeep","|turn|28","||adding 10 for new turn","|","|t:|1753074752","|move|p1a: Blissey|Protect|p1a: Blissey","|-singleturn|p1a: Blissey|Protect","|move|p2a: Metagross|Meteor Mash|p1a: Blissey","|-activate|p1a: Blissey|Protect","|","|-weather|Sandstorm|[upkeep]","|-damage|p1a: Blissey|589/652 par|[from] Sandstorm","|-heal|p1a: Blissey|629/652 par|[from] item: Leftovers","|upkeep","|turn|29","||adding 10 for new turn","|","|t:|1753074759","|move|p2a: Metagross|Meteor Mash|p1a: Blissey","|-damage|p1a: Blissey|0 fnt","|faint|p1a: Blissey","||adding 5 to each for mid turn request","|","|t:|1753074766","|switch|p1a: Salamence|Salamence, F|94/360 par","|-ability|p1a: Salamence|Intimidate|boost","|-fail|p2a: Metagross|unboost|[from] ability: Clear Body|[of] p2a: Metagross","|","|-weather|Sandstorm|[upkeep]","|-damage|p1a: Salamence|72/360 par|[from] Sandstorm","|upkeep","|turn|30","||adding 10 for new turn","|","|t:|1753074773","|switch|p1a: Tyranitar|Tyranitar, M|40/401 par","|-damage|p1a: Tyranitar|0 fnt|[from] Spikes","|faint|p1a: Tyranitar","||adding 5 to each for mid turn request","|","|t:|1753074779","|switch|p1a: Salamence|Salamence, F|72/360 par","|-ability|p1a: Salamence|Intimidate|boost","|-fail|p2a: Metagross|unboost|[from] ability: Clear Body|[of] p2a: Metagross","|","|-weather|Sandstorm|[upkeep]","|-damage|p1a: Salamence|50/360 par|[from] Sandstorm","|upkeep","|turn|31","||adding 10 for new turn","|","|t:|1753074786","|move|p2a: Metagross|Meteor Mash|p1a: Salamence|[miss]","|-miss|p2a: Metagross|p1a: Salamence","|move|p1a: Salamence|Earthquake|p2a: Metagross","|-supereffective|p2a: Metagross","|-damage|p2a: Metagross|0 fnt","|faint|p2a: Metagross","||adding 5 to each for mid turn request","|","|t:|1753074793","|switch|p2a: Jolteon|Jolteon, F|174/272","|","|-weather|Sandstorm|[upkeep]","|-damage|p2a: Jolteon|157/272|[from] Sandstorm","|-damage|p1a: Salamence|28/360 par|[from] Sandstorm","|-heal|p2a: Jolteon|174/272|[from] item: Leftovers","|upkeep","|turn|32","||adding 10 for new turn","|","|t:|1753074798","|move|p2a: Jolteon|Thunderbolt|p1a: Salamence","|-damage|p1a: Salamence|0 fnt","|faint|p1a: Salamence","|","|win|foultestacceptor1",""],"p1rating":null,"p2rating":null,"endType":"normal","ladderError":true,"timestamp":"Sun Jul 20 2025 22:13:18 GMT-0700 (アメリカ太平洋夏時間)","roomid":"battle-gen3ou-1124","format":"gen3ou"}