{"winner":"foultestchallenge1","seed":"sodium,6960891f89bc81acf55d28df317a02bb","turns":60,"p1":"foultestchallenge1","p2":"foultestacceptor1","p1team":[{"name":"Tyranitar","species":"Tyranitar","item":"Leftovers","ability":"Sand Stream","moves":["Rock Slide","Earthquake","Hidden Power Bug","Roar"],"nature":"Adamant","evs":{"hp":184,"atk":196,"def":120,"spa":0,"spd":0,"spe":8},"gender":"F","ivs":{"hp":31,"atk":30,"def":30,"spa":31,"spd":30,"spe":31},"happiness":255,"hpType":"Bug","pokeball":"","gigantamax":false,"dynamaxLevel":10,"teraType":"","level":100},{"name":"Milotic","species":"Milotic","item":"Leftovers","ability":"Marvel Scale","moves":["Surf","Toxic","Recover","Refresh"],"nature":"Bold","evs":{"hp":248,"atk":0,"def":212,"spa":0,"spd":0,"spe":48},"gender":"F","ivs":{"hp":31,"atk":0,"def":31,"spa":31,"spd":31,"spe":31},"level":100},{"name":"Blissey","species":"Blissey","item":"Leftovers","ability":"Natural Cure","moves":["Seismic Toss","Ice Beam","Thunder Wave","Soft-Boiled"],"nature":"Bold","evs":{"hp":40,"atk":0,"def":244,"spa":208,"spd":0,"spe":16},"gender":"F","level":100,"ivs":{"hp":31,"atk":31,"def":31,"spa":31,"spd":31,"spe":31}},{"name":"Skarmory","species":"Skarmory","item":"Leftovers","ability":"Keen Eye","moves":["Drill Peck","Toxic","Spikes","Roar"],"nature":"Careful","evs":{"hp":248,"atk":0,"def":0,"spa":0,"spd":236,"spe":24},"gender":"F","level":100,"ivs":{"hp":31,"atk":31,"def":31,"spa":31,"spd":31,"spe":31}},{"name":"Claydol","species":"Claydol","item":"Leftovers","ability":"Levitate","moves":["Earthquake","Psychic","Refresh","Rapid Spin"],"nature":"Adamant","evs":{"hp":224,"atk":228,"def":0,"spa":36,"spd":0,"spe":20},"gender":"N","level":100,"ivs":{"hp":31,"atk":31,"def":31,"spa":31,"spd":31,"spe":31}},{"name":"Dugtrio","species":"Dugtrio","item":"Choice Band","ability":"Arena Trap","moves":["Earthquake","Aerial Ace","Hidden Power Bug","Screech"],"nature":"Jolly","evs":{"hp":0,"atk":252,"def":0,"spa":0,"spd":4,"spe":252},"gender":"F","ivs":{"hp":31,"atk":30,"def":30,"spa":31,"spd":30,"spe":31},"happiness":255,"hpType":"Bug","pokeball":"","gigantamax":false,"dynamaxLevel":10,"teraType":"","level":100}],"p2team":[{"name":"Skarmory","species":"Skarmory","item":"Leftovers","ability":"Keen Eye","moves":["Spikes","Protect","Roar","Toxic"],"nature":"Careful","evs":{"hp":252,"atk":0,"def":8,"spa":0,"spd":248,"spe":0},"gender":"F","ivs":{"hp":31,"atk":0,"def":31,"spa":31,"spd":31,"spe":31},"level":100},{"name":"Blissey","species":"Blissey","item":"Leftovers","ability":"Natural Cure","moves":["Soft-Boiled","Ice Beam","Toxic","Fire Blast"],"nature":"Modest","evs":{"hp":0,"atk":0,"def":252,"spa":252,"spd":0,"spe":4},"gender":"F","ivs":{"hp":31,"atk":0,"def":31,"spa":31,"spd":31,"spe":31},"shiny":true,"level":100},{"name":"Tyranitar","species":"Tyranitar","item":"Leftovers","ability":"Sand Stream","moves":["Focus Punch","Rock Slide","Hidden Power Bug","Earthquake"],"nature":"Adamant","evs":{"hp":248,"atk":196,"def":12,"spa":0,"spd":52,"spe":0},"gender":"F","ivs":{"hp":31,"atk":30,"def":30,"spa":31,"spd":30,"spe":31},"happiness":255,"hpType":"Bug","pokeball":"","gigantamax":false,"dynamaxLevel":10,"teraType":"","level":100},{"name":"Swampert","species":"Swampert","item":"Leftovers","ability":"Torrent","moves":["Earthquake","Ice Beam","Hydro Pump","Protect"],"nature":"Relaxed","evs":{"hp":240,"atk":0,"def":136,"spa":40,"spd":48,"spe":44},"gender":"F","level":100,"ivs":{"hp":31,"atk":31,"def":31,"spa":31,"spd":31,"spe":31}},{"name":"Gengar","species":"Gengar","item":"Leftovers","ability":"Levitate","moves":["Will-O-Wisp","Thunderbolt","Ice Punch","Explosion"],"nature":"Timid","evs":{"hp":168,"atk":0,"def":0,"spa":0,"spd":164,"spe":176},"gender":"F","level":100,"ivs":{"hp":31,"atk":31,"def":31,"spa":31,"spd":31,"spe":31}},{"name":"Starmie","species":"Starmie","item":"Leftovers","ability":"Natural Cure","moves":["Hydro Pump","Ice Beam","Thunderbolt","Rapid Spin"],"nature":"Timid","evs":{"hp":4,"atk":0,"def":0,"spa":252,"spd":0,"spe":252},"gender":"N","ivs":{"hp":31,"atk":0,"def":31,"spa":31,"spd":31,"spe":31},"level":100}],"score":[3,0],"inputLog":[">version 372d05e49c92a79eecdf6c8dddb208bd1765c00f",">start {\"formatid\":\"gen3ou\",\"seed\":\"sodium,6960891f89bc81acf55d28df317a02bb\"}",">player p1 {\"name\":\"foultestchallenge1\",\"avatar\":\"169\",\"team\":\"Tyranitar||Leftovers|SandStream|RockSlide,Earthquake,HiddenPowerBug,Roar|Adamant|184,196,120,,,8|F|,30,30,,30,|||,Bug,,,,]Milotic||Leftovers|MarvelScale|Surf,Toxic,Recover,Refresh|Bold|248,,212,,,48|F|,0,,,,|||]Blissey||Leftovers|NaturalCure|SeismicToss,IceBeam,ThunderWave,SoftBoiled|Bold|40,,244,208,,16|F||||]Skarmory||Leftovers|KeenEye|DrillPeck,Toxic,Spikes,Roar|Careful|248,,,,236,24|F||||]Claydol||Leftovers|Levitate|Earthquake,Psychic,Refresh,RapidSpin|Adamant|224,228,,36,,20|N||||]Dugtrio||ChoiceBand|ArenaTrap|Earthquake,AerialAce,HiddenPowerBug,Screech|Jolly|,252,,,4,252|F|,30,30,,30,|||,Bug,,,,\",\"rating\":0}",">player p2 {\"name\":\"foultestacceptor1\",\"avatar\":\"102\",\"team\":\"Skarmory||Leftovers|KeenEye|Spikes,Protect,Roar,Toxic|Careful|252,,8,,248,|F|,0,,,,|||]Blissey||Leftovers|NaturalCure|SoftBoiled,IceBeam,Toxic,FireBlast|Modest|,,252,252,,4|F|,0,,,,|S||]Tyranitar||Leftovers|SandStream|FocusPunch,RockSlide,HiddenPowerBug,Earthquake|Adamant|248,196,12,,52,|F|,30,30,,30,|||,Bug,,,,]Swampert||Leftovers|Torrent|Earthquake,IceBeam,HydroPump,Protect|Relaxed|240,,136,40,48,44|F||||]Gengar||Leftovers|Levitate|WillOWisp,Thunderbolt,IcePunch,Explosion|Timid|168,,,,164,176|F||||]Starmie||Leftovers|NaturalCure|HydroPump,IceBeam,Thunderbolt,RapidSpin|Timid|4,,,252,,252|N|,0,,,,|||\",\"rating\":0}",">p1 move rockslide",">p2 move spikes",">p1 move rockslide",">p2 switch 4",">p1 switch 4",">p2 move earthquake",">p1 move spikes",">p2 switch 6",">p1 switch 3",">p2 move rapidspin",">p1 move seismictoss",">p2 switch 3",">p1 move seismictoss",">p2 move focuspunch",">p1 move icebeam",">p2 move focuspunch",">p1 move icebeam",">p2 move rockslide",">p1 switch 5",">p2 move rockslide",">p1 move rapidspin",">p2 switch 4",">p1 switch 3",">p2 move spikes",">p1 move spikes",">p2 switch 3",">p1 switch 5",">p2 move hydropump",">p1 move softboiled",">p2 move hydropump",">p1 move seismictoss",">p2 move rapidspin",">p1 move softboiled",">p2 switch 4",">p1 switch 3",">p2 move rockslide",">p1 move rapidspin",">p2 move hiddenpower",">p1 switch 6",">p1 move earthquake",">p2 move earthquake",">p2 switch 3",">p1 switch 5",">p2 move spikes",">p1 move spikes",">p2 move spikes",">p1 move spikes",">p2 move spikes",">p1 move roar",">p2 move roar",">p1 move toxic",">p2 move hydropump",">p1 move spikes",">p2 move hydropump",">p1 move drillpeck",">p2 move hydropump",">p1 switch 3",">p2 move hydropump",">p1 move softboiled",">p2 move earthquake",">p1 move softboiled",">p2 move earthquake",">p2 switch 6",">p1 move thunderwave",">p2 move roar",">p1 move seismictoss",">p2 move toxic",">p1 move seismictoss",">p2 move roar",">p1 move rockslide",">p2 move roar",">p2 switch 4",">p1 switch 4",">p2 move hydropump",">p1 move softboiled",">p2 move rapidspin",">p1 move thunderwave",">p2 switch 2",">p1 move seismictoss",">p2 move toxic",">p1 move seismictoss",">p2 move toxic",">p1 switch 4",">p2 switch 2",">p1 switch 4",">p2 move hydropump",">p1 move softboiled",">p2 switch 2",">p1 move thunderwave",">p2 move toxic",">p1 move seismictoss",">p2 move softboiled",">p1 move seismictoss",">p2 move toxic",">p1 move seismictoss",">p2 move icebeam",">p1 move softboiled",">p2 switch 2",">p1 move seismictoss",">p2 move hydropump",">p2 switch 2",">p1 move thunderwave",">p2 move softboiled",">p1 move thunderwave",">p2 move softboiled",">p1 switch 4",">p1 move rockslide",">p2 move toxic",">p1 move rockslide",">p2 move softboiled",">p1 move rockslide",">p2 move softboiled",">p1 move rockslide",">p2 switch 5",">p1 move rockslide",">p2 move willowisp",">p2 switch 5",">p1 switch 3",">p2 move softboiled",">p1 move toxic",">p2 move icebeam",">p1 switch 3",">p2 move icebeam",">p1 move earthquake",">p2 move fireblast",">p1 switch 5",">p1 move earthquake",">p2 move softboiled"],"log":["|j|☆foultestchallenge1","|j|☆foultestacceptor1","|t:|1753077632","|gametype|singles","|player|p1|foultestchallenge1|169|","|player|p2|foultestacceptor1|102|","|teamsize|p1|6","|teamsize|p2|6","|gen|3","|tier|[Gen 3] OU","|rule|Sleep Clause Mod: Limit one foe put to sleep","|rule|Switch Priority Clause Mod: Faster Pokémon switch first","|rule|Species Clause: Limit one of each Pokémon","|rule|OHKO Clause: OHKO moves are banned","|rule|Evasion Items Clause: Evasion items are banned","|rule|Evasion Moves Clause: Evasion moves are banned","|rule|Endless Battle Clause: Forcing endless battles is banned","|rule|HP Percentage Mod: HP is shown in percentages","|rule|One Boost Passer Clause: Limit one Baton Passer that has a way to boost its stats","|rule|Freeze Clause Mod: Limit one foe frozen","|","|t:|1753077632","|start","|switch|p1a: Tyranitar|Tyranitar, F|387/387","|switch|p2a: Skarmory|Skarmory, F|334/334","|-weather|Sandstorm|[from] ability: Sand Stream|[of] p1a: Tyranitar","|turn|1","|inactive|Battle timer is ON: inactive players will automatically lose when time's up. (requested by foultestchallenge1)","|inactive|foultestacceptor1 also wants the timer to be on.","|","|t:|1753077640","|move|p2a: Skarmory|Spikes|p1a: Tyranitar","|-sidestart|p1: foultestchallenge1|Spikes","|move|p1a: Tyranitar|Rock Slide|p2a: Skarmory","|-damage|p2a: Skarmory|226/334","|","|-weather|Sandstorm|[upkeep]","|-heal|p2a: Skarmory|246/334|[from] item: Leftovers","|upkeep","|turn|2","||adding 10 for new turn","|","|t:|1753077649","|switch|p2a: Swampert|Swampert, F|401/401","|move|p1a: Tyranitar|Rock Slide|p2a: Swampert","|-resisted|p2a: Swampert","|-damage|p2a: Swampert|341/401","|","|-weather|Sandstorm|[upkeep]","|-heal|p2a: Swampert|366/401|[from] item: Leftovers","|upkeep","|turn|3","||adding 10 for new turn","|","|t:|1753077657","|switch|p1a: Skarmory|Skarmory, F|333/333","|move|p2a: Swampert|Earthquake|p1a: Skarmory","|-immune|p1a: Skarmory","|","|-weather|Sandstorm|[upkeep]","|-heal|p2a: Swampert|391/401|[from] item: Leftovers","|upkeep","|turn|4","||adding 10 for new turn","|","|t:|1753077665","|switch|p2a: Starmie|Starmie|262/262","|move|p1a: Skarmory|Spikes|p2a: Starmie","|-sidestart|p2: foultestacceptor1|Spikes","|","|-weather|Sandstorm|[upkeep]","|-damage|p2a: Starmie|246/262|[from] Sandstorm","|-heal|p2a: Starmie|262/262|[from] item: Leftovers","|upkeep","|turn|5","||adding 10 for new turn","|","|t:|1753077673","|switch|p1a: Blissey|Blissey, F|661/661","|-damage|p1a: Blissey|579/661|[from] Spikes","|move|p2a: Starmie|Rapid Spin|p1a: Blissey","|-damage|p1a: Blissey|560/661","|-sideend|p2: foultestacceptor1|Spikes|[from] move: Rapid Spin|[of] p2a: Starmie","|","|-weather|Sandstorm|[upkeep]","|-damage|p2a: Starmie|246/262|[from] Sandstorm","|-damage|p1a: Blissey|519/661|[from] Sandstorm","|-heal|p2a: Starmie|262/262|[from] item: Leftovers","|-heal|p1a: Blissey|560/661|[from] item: Leftovers","|upkeep","|turn|6","||adding 10 for new turn","|","|t:|1753077682","|switch|p2a: Tyranitar|Tyranitar, F|403/403","|move|p1a: Blissey|Seismic Toss|p2a: Tyranitar","|-damage|p2a: Tyranitar|303/403","|","|-weather|Sandstorm|[upkeep]","|-damage|p1a: Blissey|519/661|[from] Sandstorm","|-heal|p2a: Tyranitar|328/403|[from] item: Leftovers","|-heal|p1a: Blissey|560/661|[from] item: Leftovers","|upkeep","|turn|7","||adding 10 for new turn","|","|t:|1753077691","|-singleturn|p2a: Tyranitar|move: Focus Punch","|move|p1a: Blissey|Seismic Toss|p2a: Tyranitar","|-damage|p2a: Tyranitar|228/403","|move|p2a: Tyranitar|Focus Punch||[still]","|cant|p2a: Tyranitar|Focus Punch|Focus Punch","|","|-weather|Sandstorm|[upkeep]","|-damage|p1a: Blissey|519/661|[from] Sandstorm","|-heal|p2a: Tyranitar|253/403|[from] item: Leftovers","|-heal|p1a: Blissey|560/661|[from] item: Leftovers","|upkeep","|turn|8","||adding 10 for new turn","|","|t:|1753077699","|-singleturn|p2a: Tyranitar|move: Focus Punch","|move|p1a: Blissey|Ice Beam|p2a: Tyranitar","|-damage|p2a: Tyranitar|179/403","|move|p2a: Tyranitar|Focus Punch||[still]","|cant|p2a: Tyranitar|Focus Punch|Focus Punch","|","|-weather|Sandstorm|[upkeep]","|-damage|p1a: Blissey|519/661|[from] Sandstorm","|-heal|p2a: Tyranitar|204/403|[from] item: Leftovers","|-heal|p1a: Blissey|560/661|[from] item: Leftovers","|upkeep","|turn|9","||adding 10 for new turn","|","|t:|1753077708","|move|p2a: Tyranitar|Rock Slide|p1a: Blissey","|-damage|p1a: Blissey|307/661","|move|p1a: Blissey|Ice Beam|p2a: Tyranitar","|-damage|p2a: Tyranitar|137/403","|","|-weather|Sandstorm|[upkeep]","|-damage|p1a: Blissey|266/661|[from] Sandstorm","|-heal|p2a: Tyranitar|162/403|[from] item: Leftovers","|-heal|p1a: Blissey|307/661|[from] item: Leftovers","|upkeep","|turn|10","||adding 10 for new turn","|","|t:|1753077717","|switch|p1a: Claydol|Claydol|317/317","|move|p2a: Tyranitar|Rock Slide|p1a: Claydol","|-resisted|p1a: Claydol","|-crit|p1a: Claydol","|-damage|p1a: Claydol|173/317","|","|-weather|Sandstorm|[upkeep]","|-heal|p1a: Claydol|192/317|[from] item: Leftovers","|-heal|p2a: Tyranitar|187/403|[from] item: Leftovers","|upkeep","|turn|11","||adding 10 for new turn","|","|t:|1753077725","|switch|p2a: Skarmory|Skarmory, F|246/334","|move|p1a: Claydol|Rapid Spin|p2a: Skarmory","|-resisted|p2a: Skarmory","|-damage|p2a: Skarmory|240/334","|-sideend|p1: foultestchallenge1|Spikes|[from] move: Rapid Spin|[of] p1a: Claydol","|","|-weather|Sandstorm|[upkeep]","|-heal|p1a: Claydol|211/317|[from] item: Leftovers","|-heal|p2a: Skarmory|260/334|[from] item: Leftovers","|upkeep","|turn|12","||adding 10 for new turn","|","|t:|1753077733","|switch|p1a: Skarmory|Skarmory, F|333/333","|move|p2a: Skarmory|Spikes|p1a: Skarmory","|-sidestart|p1: foultestchallenge1|Spikes","|","|-weather|Sandstorm|[upkeep]","|-heal|p2a: Skarmory|280/334|[from] item: Leftovers","|upkeep","|turn|13","||adding 10 for new turn","|","|t:|1753077742","|switch|p2a: Starmie|Starmie|262/262","|move|p1a: Skarmory|Spikes|p2a: Starmie","|-sidestart|p2: foultestacceptor1|Spikes","|","|-weather|Sandstorm|[upkeep]","|-damage|p2a: Starmie|246/262|[from] Sandstorm","|-heal|p2a: Starmie|262/262|[from] item: Leftovers","|upkeep","|turn|14","||adding 10 for new turn","|","|t:|1753077749","|switch|p1a: Blissey|Blissey, F|307/661","|-damage|p1a: Blissey|225/661|[from] Spikes","|move|p2a: Starmie|Hydro Pump|p1a: Blissey","|-damage|p1a: Blissey|92/661","|","|-weather|Sandstorm|[upkeep]","|-damage|p2a: Starmie|246/262|[from] Sandstorm","|-damage|p1a: Blissey|51/661|[from] Sandstorm","|-heal|p2a: Starmie|262/262|[from] item: Leftovers","|-heal|p1a: Blissey|92/661|[from] item: Leftovers","|upkeep","|turn|15","||adding 10 for new turn","|","|t:|1753077758","|move|p2a: Starmie|Hydro Pump|p1a: Blissey|[miss]","|-miss|p2a: Starmie|p1a: Blissey","|move|p1a: Blissey|Soft-Boiled|p1a: Blissey","|-heal|p1a: Blissey|422/661","|","|-weather|Sandstorm|[upkeep]","|-damage|p2a: Starmie|246/262|[from] Sandstorm","|-damage|p1a: Blissey|381/661|[from] Sandstorm","|-heal|p2a: Starmie|262/262|[from] item: Leftovers","|-heal|p1a: Blissey|422/661|[from] item: Leftovers","|upkeep","|turn|16","||adding 10 for new turn","|","|t:|1753077766","|move|p2a: Starmie|Rapid Spin|p1a: Blissey","|-damage|p1a: Blissey|405/661","|-sideend|p2: foultestacceptor1|Spikes|[from] move: Rapid Spin|[of] p2a: Starmie","|move|p1a: Blissey|Seismic Toss|p2a: Starmie","|-damage|p2a: Starmie|162/262","|","|-weather|Sandstorm|[upkeep]","|-damage|p2a: Starmie|146/262|[from] Sandstorm","|-damage|p1a: Blissey|364/661|[from] Sandstorm","|-heal|p2a: Starmie|162/262|[from] item: Leftovers","|-heal|p1a: Blissey|405/661|[from] item: Leftovers","|upkeep","|turn|17","||adding 10 for new turn","|","|t:|1753077774","|switch|p2a: Tyranitar|Tyranitar, F|187/403","|move|p1a: Blissey|Soft-Boiled|p1a: Blissey","|-heal|p1a: Blissey|661/661","|","|-weather|Sandstorm|[upkeep]","|-damage|p1a: Blissey|620/661|[from] Sandstorm","|-heal|p2a: Tyranitar|212/403|[from] item: Leftovers","|-heal|p1a: Blissey|661/661|[from] item: Leftovers","|upkeep","|turn|18","||adding 10 for new turn","|","|t:|1753077782","|switch|p1a: Claydol|Claydol|211/317","|move|p2a: Tyranitar|Rock Slide|p1a: Claydol","|-resisted|p1a: Claydol","|-damage|p1a: Claydol|139/317","|","|-weather|Sandstorm|[upkeep]","|-heal|p1a: Claydol|158/317|[from] item: Leftovers","|-heal|p2a: Tyranitar|237/403|[from] item: Leftovers","|upkeep","|turn|19","||adding 10 for new turn","|","|t:|1753077791","|move|p1a: Claydol|Rapid Spin|p2a: Tyranitar","|-resisted|p2a: Tyranitar","|-damage|p2a: Tyranitar|228/403","|-sideend|p1: foultestchallenge1|Spikes|[from] move: Rapid Spin|[of] p1a: Claydol","|move|p2a: Tyranitar|Hidden Power|p1a: Claydol","|-supereffective|p1a: Claydol","|-damage|p1a: Claydol|0 fnt","|faint|p1a: Claydol","||adding 5 to each for mid turn request","|","|t:|1753077795","|switch|p1a: Dugtrio|Dugtrio, F|211/211","|","|-weather|Sandstorm|[upkeep]","|-heal|p2a: Tyranitar|253/403|[from] item: Leftovers","|upkeep","|turn|20","||adding 10 for new turn","|","|t:|1753077803","|move|p1a: Dugtrio|Earthquake|p2a: Tyranitar","|-supereffective|p2a: Tyranitar","|-damage|p2a: Tyranitar|0 fnt","|faint|p2a: Tyranitar","||adding 5 to each for mid turn request","|","|t:|1753077810","|switch|p2a: Skarmory|Skarmory, F|280/334","|","|-weather|Sandstorm|[upkeep]","|-heal|p2a: Skarmory|300/334|[from] item: Leftovers","|upkeep","|turn|21","||adding 10 for new turn","|","|t:|1753077818","|switch|p1a: Skarmory|Skarmory, F|333/333","|move|p2a: Skarmory|Spikes|p1a: Skarmory","|-sidestart|p1: foultestchallenge1|Spikes","|","|-weather|Sandstorm|[upkeep]","|-heal|p2a: Skarmory|320/334|[from] item: Leftovers","|upkeep","|turn|22","||adding 10 for new turn","|","|t:|1753077826","|move|p1a: Skarmory|Spikes|p2a: Skarmory","|-sidestart|p2: foultestacceptor1|Spikes","|move|p2a: Skarmory|Spikes|p1a: Skarmory","|-sidestart|p1: foultestchallenge1|Spikes","|","|-weather|Sandstorm|[upkeep]","|-heal|p2a: Skarmory|334/334|[from] item: Leftovers","|upkeep","|turn|23","||adding 10 for new turn","|","|t:|1753077834","|move|p1a: Skarmory|Spikes|p2a: Skarmory","|-sidestart|p2: foultestacceptor1|Spikes","|move|p2a: Skarmory|Spikes|p1a: Skarmory","|-sidestart|p1: foultestchallenge1|Spikes","|","|-weather|Sandstorm|[upkeep]","|upkeep","|turn|24","||adding 10 for new turn","|","|t:|1753077842","|move|p1a: Skarmory|Roar|p2a: Skarmory","|drag|p2a: Swampert|Swampert, F|391/401","|-damage|p2a: Swampert|325/401|[from] Spikes","|","|-weather|Sandstorm|[upkeep]","|-heal|p2a: Swampert|350/401|[from] item: Leftovers","|upkeep","|turn|25","||adding 10 for new turn","|","|t:|1753077850","|move|p1a: Skarmory|Toxic|p2a: Swampert","|-status|p2a: Swampert|tox","|move|p2a: Swampert|Hydro Pump|p1a: Skarmory","|-damage|p1a: Skarmory|208/333","|","|-weather|Sandstorm|[upkeep]","|-heal|p1a: Skarmory|228/333|[from] item: Leftovers","|-heal|p2a: Swampert|375/401 tox|[from] item: Leftovers","|-damage|p2a: Swampert|350/401 tox|[from] psn","|upkeep","|turn|26","||adding 10 for new turn","|","|t:|1753077858","|move|p1a: Skarmory|Spikes|p2a: Swampert","|-sidestart|p2: foultestacceptor1|Spikes","|move|p2a: Swampert|Hydro Pump|p1a: Skarmory|[miss]","|-miss|p2a: Swampert|p1a: Skarmory","|","|-weather|Sandstorm|[upkeep]","|-heal|p1a: Skarmory|248/333|[from] item: Leftovers","|-heal|p2a: Swampert|375/401 tox|[from] item: Leftovers","|-damage|p2a: Swampert|325/401 tox|[from] psn","|upkeep","|turn|27","||adding 10 for new turn","|","|t:|1753077866","|move|p1a: Skarmory|Drill Peck|p2a: Swampert","|-damage|p2a: Swampert|258/401 tox","|move|p2a: Swampert|Hydro Pump|p1a: Skarmory","|-damage|p1a: Skarmory|135/333","|","|-weather|Sandstorm|[upkeep]","|-heal|p1a: Skarmory|155/333|[from] item: Leftovers","|-heal|p2a: Swampert|283/401 tox|[from] item: Leftovers","|-damage|p2a: Swampert|208/401 tox|[from] psn","|upkeep","|turn|28","||adding 10 for new turn","|","|t:|1753077874","|switch|p1a: Blissey|Blissey, F|661/661","|-damage|p1a: Blissey|496/661|[from] Spikes","|move|p2a: Swampert|Hydro Pump|p1a: Blissey|[miss]","|-miss|p2a: Swampert|p1a: Blissey","|","|-weather|Sandstorm|[upkeep]","|-damage|p1a: Blissey|455/661|[from] Sandstorm","|-heal|p1a: Blissey|496/661|[from] item: Leftovers","|-heal|p2a: Swampert|233/401 tox|[from] item: Leftovers","|-damage|p2a: Swampert|133/401 tox|[from] psn","|upkeep","|turn|29","||adding 10 for new turn","|","|t:|1753077882","|move|p2a: Swampert|Earthquake|p1a: Blissey","|-damage|p1a: Blissey|259/661","|move|p1a: Blissey|Soft-Boiled|p1a: Blissey","|-heal|p1a: Blissey|589/661","|","|-weather|Sandstorm|[upkeep]","|-damage|p1a: Blissey|548/661|[from] Sandstorm","|-heal|p2a: Swampert|158/401 tox|[from] item: Leftovers","|-heal|p1a: Blissey|589/661|[from] item: Leftovers","|-damage|p2a: Swampert|33/401 tox|[from] psn","|upkeep","|turn|30","||adding 10 for new turn","|","|t:|1753077890","|move|p2a: Swampert|Earthquake|p1a: Blissey","|-damage|p1a: Blissey|347/661","|move|p1a: Blissey|Soft-Boiled|p1a: Blissey","|-heal|p1a: Blissey|661/661","|","|-weather|Sandstorm|[upkeep]","|-damage|p1a: Blissey|620/661|[from] Sandstorm","|-heal|p2a: Swampert|58/401 tox|[from] item: Leftovers","|-heal|p1a: Blissey|661/661|[from] item: Leftovers","|-damage|p2a: Swampert|0 fnt|[from] psn","|faint|p2a: Swampert","|upkeep","||adding 5 to each for mid turn request","|","|t:|1753077894","|switch|p2a: Skarmory|Skarmory, F|334/334","|turn|31","||adding 10 for new turn","|","|t:|1753077902","|move|p1a: Blissey|Thunder Wave|p2a: Skarmory","|-status|p2a: Skarmory|par","|cant|p2a: Skarmory|par","|","|-weather|Sandstorm|[upkeep]","|-damage|p1a: Blissey|620/661|[from] Sandstorm","|-heal|p1a: Blissey|661/661|[from] item: Leftovers","|upkeep","|turn|32","||adding 10 for new turn","|","|t:|1753077909","|move|p1a: Blissey|Seismic Toss|p2a: Skarmory","|-damage|p2a: Skarmory|234/334 par","|cant|p2a: Skarmory|par","|","|-weather|Sandstorm|[upkeep]","|-damage|p1a: Blissey|620/661|[from] Sandstorm","|-heal|p1a: Blissey|661/661|[from] item: Leftovers","|-heal|p2a: Skarmory|254/334 par|[from] item: Leftovers","|upkeep","|turn|33","||adding 10 for new turn","|","|t:|1753077918","|move|p1a: Blissey|Seismic Toss|p2a: Skarmory","|-damage|p2a: Skarmory|154/334 par","|move|p2a: Skarmory|Roar|p1a: Blissey","|drag|p1a: Tyranitar|Tyranitar, F|387/387","|-damage|p1a: Tyranitar|291/387|[from] Spikes","|","|-weather|Sandstorm|[upkeep]","|-heal|p1a: Tyranitar|315/387|[from] item: Leftovers","|-heal|p2a: Skarmory|174/334 par|[from] item: Leftovers","|upkeep","|turn|34","||adding 10 for new turn","|","|t:|1753077926","|move|p1a: Tyranitar|Rock Slide|p2a: Skarmory","|-crit|p2a: Skarmory","|-damage|p2a: Skarmory|0 fnt","|faint|p2a: Skarmory","||adding 5 to each for mid turn request","|","|t:|1753077934","|switch|p2a: Starmie|Starmie|162/262","|-damage|p2a: Starmie|97/262|[from] Spikes","|","|-weather|Sandstorm|[upkeep]","|-damage|p2a: Starmie|81/262|[from] Sandstorm","|-heal|p2a: Starmie|97/262|[from] item: Leftovers","|-heal|p1a: Tyranitar|339/387|[from] item: Leftovers","|upkeep","|turn|35","||adding 10 for new turn","|","|t:|1753077942","|switch|p1a: Blissey|Blissey, F|661/661","|-damage|p1a: Blissey|496/661|[from] Spikes","|move|p2a: Starmie|Hydro Pump|p1a: Blissey","|-damage|p1a: Blissey|363/661","|","|-weather|Sandstorm|[upkeep]","|-damage|p2a: Starmie|81/262|[from] Sandstorm","|-damage|p1a: Blissey|322/661|[from] Sandstorm","|-heal|p2a: Starmie|97/262|[from] item: Leftovers","|-heal|p1a: Blissey|363/661|[from] item: Leftovers","|upkeep","|turn|36","||adding 10 for new turn","|","|t:|1753077950","|move|p2a: Starmie|Rapid Spin|p1a: Blissey","|-damage|p1a: Blissey|343/661","|-sideend|p2: foultestacceptor1|Spikes|[from] move: Rapid Spin|[of] p2a: Starmie","|move|p1a: Blissey|Soft-Boiled|p1a: Blissey","|-heal|p1a: Blissey|661/661","|","|-weather|Sandstorm|[upkeep]","|-damage|p2a: Starmie|81/262|[from] Sandstorm","|-damage|p1a: Blissey|620/661|[from] Sandstorm","|-heal|p2a: Starmie|97/262|[from] item: Leftovers","|-heal|p1a: Blissey|661/661|[from] item: Leftovers","|upkeep","|turn|37","||adding 10 for new turn","|","|t:|1753077958","|switch|p2a: Blissey|Blissey, F, shiny|651/651","|move|p1a: Blissey|Thunder Wave|p2a: Blissey","|-status|p2a: Blissey|par","|","|-weather|Sandstorm|[upkeep]","|-damage|p1a: Blissey|620/661|[from] Sandstorm","|-damage|p2a: Blissey|611/651 par|[from] Sandstorm","|-heal|p1a: Blissey|661/661|[from] item: Leftovers","|-heal|p2a: Blissey|651/651 par|[from] item: Leftovers","|upkeep","|turn|38","||adding 10 for new turn","|","|t:|1753077966","|move|p1a: Blissey|Seismic Toss|p2a: Blissey","|-damage|p2a: Blissey|551/651 par","|cant|p2a: Blissey|par","|","|-weather|Sandstorm|[upkeep]","|-damage|p1a: Blissey|620/661|[from] Sandstorm","|-damage|p2a: Blissey|511/651 par|[from] Sandstorm","|-heal|p1a: Blissey|661/661|[from] item: Leftovers","|-heal|p2a: Blissey|551/651 par|[from] item: Leftovers","|upkeep","|turn|39","||adding 10 for new turn","|","|t:|1753077974","|move|p1a: Blissey|Seismic Toss|p2a: Blissey","|-damage|p2a: Blissey|451/651 par","|move|p2a: Blissey|Toxic|p1a: Blissey","|-status|p1a: Blissey|tox","|","|-weather|Sandstorm|[upkeep]","|-damage|p1a: Blissey|620/661 tox|[from] Sandstorm","|-damage|p2a: Blissey|411/651 par|[from] Sandstorm","|-heal|p1a: Blissey|661/661 tox|[from] item: Leftovers","|-damage|p1a: Blissey|620/661 tox|[from] psn","|-heal|p2a: Blissey|451/651 par|[from] item: Leftovers","|upkeep","|turn|40","||adding 10 for new turn","|","|t:|1753077982","|-curestatus|p1a: Blissey|tox|[from] ability: Natural Cure","|switch|p1a: Tyranitar|Tyranitar, F|339/387","|-damage|p1a: Tyranitar|243/387|[from] Spikes","|-curestatus|p2a: Blissey|par|[from] ability: Natural Cure","|switch|p2a: Starmie|Starmie|97/262","|","|-weather|Sandstorm|[upkeep]","|-damage|p2a: Starmie|81/262|[from] Sandstorm","|-heal|p2a: Starmie|97/262|[from] item: Leftovers","|-heal|p1a: Tyranitar|267/387|[from] item: Leftovers","|upkeep","|turn|41","||adding 10 for new turn","|","|t:|1753077990","|switch|p1a: Blissey|Blissey, F|620/661","|-damage|p1a: Blissey|455/661|[from] Spikes","|move|p2a: Starmie|Hydro Pump|p1a: Blissey","|-damage|p1a: Blissey|314/661","|","|-weather|Sandstorm|[upkeep]","|-damage|p2a: Starmie|81/262|[from] Sandstorm","|-damage|p1a: Blissey|273/661|[from] Sandstorm","|-heal|p2a: Starmie|97/262|[from] item: Leftovers","|-heal|p1a: Blissey|314/661|[from] item: Leftovers","|upkeep","|turn|42","||adding 10 for new turn","|","|t:|1753077998","|switch|p2a: Blissey|Blissey, F, shiny|451/651","|move|p1a: Blissey|Soft-Boiled|p1a: Blissey","|-heal|p1a: Blissey|644/661","|","|-weather|Sandstorm|[upkeep]","|-damage|p1a: Blissey|603/661|[from] Sandstorm","|-damage|p2a: Blissey|411/651|[from] Sandstorm","|-heal|p1a: Blissey|644/661|[from] item: Leftovers","|-heal|p2a: Blissey|451/651|[from] item: Leftovers","|upkeep","|turn|43","||adding 10 for new turn","|","|t:|1753078006","|move|p1a: Blissey|Thunder Wave|p2a: Blissey","|-status|p2a: Blissey|par","|cant|p2a: Blissey|par","|","|-weather|Sandstorm|[upkeep]","|-damage|p1a: Blissey|603/661|[from] Sandstorm","|-damage|p2a: Blissey|411/651 par|[from] Sandstorm","|-heal|p1a: Blissey|644/661|[from] item: Leftovers","|-heal|p2a: Blissey|451/651 par|[from] item: Leftovers","|upkeep","|turn|44","||adding 10 for new turn","|","|t:|1753078014","|move|p1a: Blissey|Seismic Toss|p2a: Blissey","|-damage|p2a: Blissey|351/651 par","|move|p2a: Blissey|Soft-Boiled|p2a: Blissey","|-heal|p2a: Blissey|651/651 par","|","|-weather|Sandstorm|[upkeep]","|-damage|p1a: Blissey|603/661|[from] Sandstorm","|-damage|p2a: Blissey|611/651 par|[from] Sandstorm","|-heal|p1a: Blissey|644/661|[from] item: Leftovers","|-heal|p2a: Blissey|651/651 par|[from] item: Leftovers","|upkeep","|turn|45","||adding 10 for new turn","|","|t:|1753078022","|move|p1a: Blissey|Seismic Toss|p2a: Blissey","|-damage|p2a: Blissey|551/651 par","|move|p2a: Blissey|Toxic|p1a: Blissey","|-status|p1a: Blissey|tox","|","|-weather|Sandstorm|[upkeep]","|-damage|p1a: Blissey|603/661 tox|[from] Sandstorm","|-damage|p2a: Blissey|511/651 par|[from] Sandstorm","|-heal|p1a: Blissey|644/661 tox|[from] item: Leftovers","|-damage|p1a: Blissey|603/661 tox|[from] psn","|-heal|p2a: Blissey|551/651 par|[from] item: Leftovers","|upkeep","|turn|46","||adding 10 for new turn","|","|t:|1753078030","|move|p1a: Blissey|Seismic Toss|p2a: Blissey","|-damage|p2a: Blissey|451/651 par","|move|p2a: Blissey|Ice Beam|p1a: Blissey","|-damage|p1a: Blissey|532/661 tox","|","|-weather|Sandstorm|[upkeep]","|-damage|p1a: Blissey|491/661 tox|[from] Sandstorm","|-damage|p2a: Blissey|411/651 par|[from] Sandstorm","|-heal|p1a: Blissey|532/661 tox|[from] item: Leftovers","|-damage|p1a: Blissey|450/661 tox|[from] psn","|-heal|p2a: Blissey|451/651 par|[from] item: Leftovers","|upkeep","|turn|47","||adding 10 for new turn","|","|t:|1753078035","|-curestatus|p2a: Blissey|par|[from] ability: Natural Cure","|switch|p2a: Starmie|Starmie|97/262","|move|p1a: Blissey|Soft-Boiled|p1a: Blissey","|-heal|p1a: Blissey|661/661 tox","|","|-weather|Sandstorm|[upkeep]","|-damage|p2a: Starmie|81/262|[from] Sandstorm","|-damage|p1a: Blissey|620/661 tox|[from] Sandstorm","|-heal|p2a: Starmie|97/262|[from] item: Leftovers","|-heal|p1a: Blissey|661/661 tox|[from] item: Leftovers","|-damage|p1a: Blissey|538/661 tox|[from] psn","|upkeep","|turn|48","||adding 10 for new turn","|","|t:|1753078043","|move|p2a: Starmie|Hydro Pump|p1a: Blissey","|-damage|p1a: Blissey|405/661 tox","|move|p1a: Blissey|Seismic Toss|p2a: Starmie","|-damage|p2a: Starmie|0 fnt","|faint|p2a: Starmie","||adding 5 to each for mid turn request","|","|t:|1753078047","|switch|p2a: Blissey|Blissey, F, shiny|451/651","|","|-weather|Sandstorm|[upkeep]","|-damage|p1a: Blissey|364/661 tox|[from] Sandstorm","|-damage|p2a: Blissey|411/651|[from] Sandstorm","|-heal|p1a: Blissey|405/661 tox|[from] item: Leftovers","|-damage|p1a: Blissey|241/661 tox|[from] psn","|-heal|p2a: Blissey|451/651|[from] item: Leftovers","|upkeep","|turn|49","||adding 10 for new turn","|","|t:|1753078052","|move|p1a: Blissey|Thunder Wave|p2a: Blissey","|-status|p2a: Blissey|par","|cant|p2a: Blissey|par","|","|-weather|Sandstorm|[upkeep]","|-damage|p1a: Blissey|200/661 tox|[from] Sandstorm","|-damage|p2a: Blissey|411/651 par|[from] Sandstorm","|-heal|p1a: Blissey|241/661 tox|[from] item: Leftovers","|-damage|p1a: Blissey|36/661 tox|[from] psn","|-heal|p2a: Blissey|451/651 par|[from] item: Leftovers","|upkeep","|turn|50","||adding 10 for new turn","|","|t:|1753078056","|move|p1a: Blissey|Thunder Wave|p2a: Blissey","|-fail|p2a: Blissey|par","|move|p2a: Blissey|Soft-Boiled|p2a: Blissey","|-heal|p2a: Blissey|651/651 par","|","|-weather|Sandstorm|[upkeep]","|-damage|p1a: Blissey|0 fnt|[from] Sandstorm","|-damage|p2a: Blissey|611/651 par|[from] Sandstorm","|faint|p1a: Blissey","|-heal|p2a: Blissey|651/651 par|[from] item: Leftovers","|upkeep","||adding 5 to each for mid turn request","|","|t:|1753078060","|switch|p1a: Tyranitar|Tyranitar, F|267/387","|-damage|p1a: Tyranitar|171/387|[from] Spikes","|turn|51","||adding 10 for new turn","|","|t:|1753078068","|move|p1a: Tyranitar|Rock Slide|p2a: Blissey","|-damage|p2a: Blissey|352/651 par","|cant|p2a: Blissey|flinch","|","|-weather|Sandstorm|[upkeep]","|-damage|p2a: Blissey|312/651 par|[from] Sandstorm","|-heal|p1a: Tyranitar|195/387|[from] item: Leftovers","|-heal|p2a: Blissey|352/651 par|[from] item: Leftovers","|upkeep","|turn|52","||adding 10 for new turn","|","|t:|1753078076","|move|p1a: Tyranitar|Rock Slide|p2a: Blissey","|-damage|p2a: Blissey|62/651 par","|move|p2a: Blissey|Soft-Boiled|p2a: Blissey","|-heal|p2a: Blissey|387/651 par","|","|-weather|Sandstorm|[upkeep]","|-damage|p2a: Blissey|347/651 par|[from] Sandstorm","|-heal|p1a: Tyranitar|219/387|[from] item: Leftovers","|-heal|p2a: Blissey|387/651 par|[from] item: Leftovers","|upkeep","|turn|53","||adding 10 for new turn","|","|t:|1753078084","|move|p1a: Tyranitar|Rock Slide|p2a: Blissey","|-damage|p2a: Blissey|119/651 par","|move|p2a: Blissey|Soft-Boiled|p2a: Blissey","|-heal|p2a: Blissey|444/651 par","|","|-weather|Sandstorm|[upkeep]","|-damage|p2a: Blissey|404/651 par|[from] Sandstorm","|-heal|p1a: Tyranitar|243/387|[from] item: Leftovers","|-heal|p2a: Blissey|444/651 par|[from] item: Leftovers","|upkeep","|turn|54","||adding 10 for new turn","|","|t:|1753078092","|-curestatus|p2a: Blissey|par|[from] ability: Natural Cure","|switch|p2a: Gengar|Gengar, F|303/303","|move|p1a: Tyranitar|Rock Slide|p2a: Gengar","|-damage|p2a: Gengar|78/303","|","|-weather|Sandstorm|[upkeep]","|-damage|p2a: Gengar|60/303|[from] Sandstorm","|-heal|p2a: Gengar|78/303|[from] item: Leftovers","|-heal|p1a: Tyranitar|267/387|[from] item: Leftovers","|upkeep","|turn|55","||adding 10 for new turn","|","|t:|1753078100","|move|p2a: Gengar|Will-O-Wisp|p1a: Tyranitar","|-status|p1a: Tyranitar|brn","|move|p1a: Tyranitar|Rock Slide|p2a: Gengar","|-damage|p2a: Gengar|0 fnt","|faint|p2a: Gengar","||adding 5 to each for mid turn request","|","|t:|1753078107","|switch|p2a: Blissey|Blissey, F, shiny|444/651","|","|-weather|Sandstorm|[upkeep]","|-damage|p2a: Blissey|404/651|[from] Sandstorm","|-heal|p1a: Tyranitar|291/387 brn|[from] item: Leftovers","|-damage|p1a: Tyranitar|243/387 brn|[from] brn","|-heal|p2a: Blissey|444/651|[from] item: Leftovers","|upkeep","|turn|56","||adding 10 for new turn","|","|t:|1753078115","|switch|p1a: Skarmory|Skarmory, F|155/333","|move|p2a: Blissey|Soft-Boiled|p2a: Blissey","|-heal|p2a: Blissey|651/651","|","|-weather|Sandstorm|[upkeep]","|-damage|p2a: Blissey|611/651|[from] Sandstorm","|-heal|p1a: Skarmory|175/333|[from] item: Leftovers","|-heal|p2a: Blissey|651/651|[from] item: Leftovers","|upkeep","|turn|57","||adding 10 for new turn","|","|t:|1753078119","|move|p1a: Skarmory|Toxic|p2a: Blissey","|-status|p2a: Blissey|tox","|move|p2a: Blissey|Ice Beam|p1a: Skarmory","|-damage|p1a: Skarmory|91/333","|-status|p1a: Skarmory|frz","|","|-weather|Sandstorm|[upkeep]","|-damage|p2a: Blissey|611/651 tox|[from] Sandstorm","|-heal|p1a: Skarmory|111/333 frz|[from] item: Leftovers","|-heal|p2a: Blissey|651/651 tox|[from] item: Leftovers","|-damage|p2a: Blissey|611/651 tox|[from] psn","|upkeep","|turn|58","||adding 10 for new turn","|","|t:|1753078123","|switch|p1a: Tyranitar|Tyranitar, F|243/387 brn","|-damage|p1a: Tyranitar|147/387 brn|[from] Spikes","|move|p2a: Blissey|Ice Beam|p1a: Tyranitar","|-damage|p1a: Tyranitar|59/387 brn","|","|-weather|Sandstorm|[upkeep]","|-damage|p2a: Blissey|571/651 tox|[from] Sandstorm","|-heal|p1a: Tyranitar|83/387 brn|[from] item: Leftovers","|-damage|p1a: Tyranitar|35/387 brn|[from] brn","|-heal|p2a: Blissey|611/651 tox|[from] item: Leftovers","|-damage|p2a: Blissey|531/651 tox|[from] psn","|upkeep","|turn|59","||adding 10 for new turn","|","|t:|1753078130","|move|p1a: Tyranitar|Earthquake|p2a: Blissey","|-damage|p2a: Blissey|405/651 tox","|move|p2a: Blissey|Fire Blast|p1a: Tyranitar","|-resisted|p1a: Tyranitar","|-crit|p1a: Tyranitar","|-damage|p1a: Tyranitar|0 fnt","|faint|p1a: Tyranitar","||adding 5 to each for mid turn request","|","|t:|1753078134","|switch|p1a: Dugtrio|Dugtrio, F|211/211","|-damage|p1a: Dugtrio|159/211|[from] Spikes","|","|-weather|Sandstorm|[upkeep]","|-damage|p2a: Blissey|365/651 tox|[from] Sandstorm","|-heal|p2a: Blissey|405/651 tox|[from] item: Leftovers","|-damage|p2a: Blissey|285/651 tox|[from] psn","|upkeep","|turn|60","||adding 10 for new turn","|","|t:|1753078141","|move|p1a: Dugtrio|Earthquake|p2a: Blissey","|-damage|p2a: Blissey|0 fnt","|faint|p2a: Blissey","|","|win|foultestchallenge1",""],"p1rating":null,"p2rating":null,"endType":"normal","ladderError":true,"timestamp":"Sun Jul 20 2025 23:09:01 GMT-0700 (アメリカ太平洋夏時間)","roomid":"battle-gen3ou-1133","format":"gen3ou"}