{"winner":"foultestacceptor1","seed":"sodium,d9e0a31ab384f908b60a98d102e1b2aa","turns":34,"p1":"foultestchallenge1","p2":"foultestacceptor1","p1team":[{"name":"Skarmory","species":"Skarmory","item":"Leftovers","ability":"Keen Eye","moves":["Spikes","Roar","Toxic","Protect"],"nature":"Careful","evs":{"hp":252,"atk":0,"def":0,"spa":0,"spd":252,"spe":4},"gender":"M","ivs":{"hp":31,"atk":0,"def":31,"spa":31,"spd":31,"spe":31},"level":100},{"name":"Jolteon","species":"Jolteon","item":"Leftovers","ability":"Volt Absorb","moves":["Thunderbolt","Thunder Wave","Hidden Power Grass","Baton Pass"],"nature":"Timid","evs":{"hp":4,"atk":0,"def":0,"spa":252,"spd":0,"spe":252},"gender":"M","ivs":{"hp":31,"atk":2,"def":31,"spa":30,"spd":31,"spe":31},"happiness":255,"hpType":"Grass","pokeball":"","gigantamax":false,"dynamaxLevel":10,"teraType":"","level":100},{"name":"Tyranitar","species":"Tyranitar","item":"Leftovers","ability":"Sand Stream","moves":["Focus Punch","Earthquake","Hidden Power Bug","Rock Slide"],"nature":"Adamant","evs":{"hp":252,"atk":252,"def":4,"spa":0,"spd":0,"spe":0},"gender":"M","ivs":{"hp":31,"atk":31,"def":31,"spa":31,"spd":30,"spe":30},"happiness":255,"hpType":"Bug","pokeball":"","gigantamax":false,"dynamaxLevel":10,"teraType":"","level":100},{"name":"Gengar","species":"Gengar","item":"Leftovers","ability":"Levitate","moves":["Ice Punch","Fire Punch","Hidden Power Grass","Explosion"],"nature":"Hasty","evs":{"hp":40,"atk":0,"def":0,"spa":252,"spd":0,"spe":216},"gender":"M","ivs":{"hp":31,"atk":30,"def":31,"spa":30,"spd":31,"spe":31},"happiness":255,"hpType":"Grass","pokeball":"","gigantamax":false,"dynamaxLevel":10,"teraType":"","level":100},{"name":"Metagross","species":"Metagross","item":"Choice Band","ability":"Clear Body","moves":["Meteor Mash","Earthquake","Rock Slide","Explosion"],"nature":"Adamant","evs":{"hp":68,"atk":252,"def":0,"spa":0,"spd":0,"spe":188},"gender":"N","level":100,"ivs":{"hp":31,"atk":31,"def":31,"spa":31,"spd":31,"spe":31}},{"name":"Starmie","species":"Starmie","item":"Leftovers","ability":"Natural Cure","moves":["Hydro Pump","Thunderbolt","Ice Beam","Psychic"],"nature":"Timid","evs":{"hp":4,"atk":0,"def":0,"spa":252,"spd":0,"spe":252},"gender":"N","ivs":{"hp":31,"atk":0,"def":31,"spa":31,"spd":31,"spe":31},"level":100}],"p2team":[{"name":"Salamence","species":"Salamence","item":"Choice Band","ability":"Intimidate","moves":["Earthquake","Hidden Power Flying","Brick Break","Rock Slide"],"nature":"Adamant","evs":{"hp":120,"atk":252,"def":0,"spa":0,"spd":0,"spe":136},"gender":"F","ivs":{"hp":30,"atk":30,"def":30,"spa":30,"spd":30,"spe":31},"happiness":255,"hpType":"Flying","pokeball":"","gigantamax":false,"dynamaxLevel":10,"teraType":"","level":100},{"name":"Magneton","species":"Magneton","item":"Magnet","ability":"Magnet Pull","moves":["Thunderbolt","Toxic","Hidden Power Fire","Protect"],"nature":"Modest","evs":{"hp":4,"atk":0,"def":0,"spa":252,"spd":0,"spe":252},"gender":"N","ivs":{"hp":31,"atk":2,"def":31,"spa":30,"spd":31,"spe":30},"happiness":255,"hpType":"Fire","pokeball":"","gigantamax":false,"dynamaxLevel":10,"teraType":"","level":100},{"name":"Tyranitar","species":"Tyranitar","item":"Leftovers","ability":"Sand Stream","moves":["Crunch","Pursuit","Hidden Power Grass","Fire Blast"],"nature":"Modest","evs":{"hp":240,"atk":0,"def":0,"spa":188,"spd":48,"spe":32},"gender":"F","ivs":{"hp":31,"atk":2,"def":31,"spa":30,"spd":31,"spe":31},"happiness":255,"hpType":"Grass","pokeball":"","gigantamax":false,"dynamaxLevel":10,"teraType":"","level":100},{"name":"Blissey","species":"Blissey","item":"Leftovers","ability":"Natural Cure","moves":["Seismic Toss","Wish","Protect","Toxic"],"nature":"","evs":{"hp":4,"atk":0,"def":252,"spa":0,"spd":252,"spe":0},"gender":"F","ivs":{"hp":31,"atk":0,"def":31,"spa":31,"spd":31,"spe":31},"level":100},{"name":"Metagross","species":"Metagross","item":"Leftovers","ability":"Clear Body","moves":["Agility","Meteor Mash","Earthquake","Explosion"],"nature":"Adamant","evs":{"hp":168,"atk":252,"def":0,"spa":0,"spd":0,"spe":88},"gender":"N","level":100,"ivs":{"hp":31,"atk":31,"def":31,"spa":31,"spd":31,"spe":31}},{"name":"Swampert","species":"Swampert","item":"Leftovers","ability":"Torrent","moves":["Surf","Ice Beam","Protect","Toxic"],"nature":"Bold","evs":{"hp":252,"atk":0,"def":160,"spa":0,"spd":96,"spe":0},"gender":"F","ivs":{"hp":31,"atk":0,"def":31,"spa":31,"spd":31,"spe":31},"level":100}],"score":[0,2],"inputLog":[">version 372d05e49c92a79eecdf6c8dddb208bd1765c00f",">start {\"formatid\":\"gen3ou\",\"seed\":\"sodium,d9e0a31ab384f908b60a98d102e1b2aa\"}",">player p1 {\"name\":\"foultestchallenge1\",\"avatar\":\"169\",\"team\":\"Skarmory||Leftovers|KeenEye|Spikes,Roar,Toxic,Protect|Careful|252,,,,252,4|M|,0,,,,|||]Jolteon||Leftovers|VoltAbsorb|Thunderbolt,ThunderWave,HiddenPowerGrass,BatonPass|Timid|4,,,252,,252|M|,2,,30,,|||,Grass,,,,]Tyranitar||Leftovers|SandStream|FocusPunch,Earthquake,HiddenPowerBug,RockSlide|Adamant|252,252,4,,,|M|,,,,30,30|||,Bug,,,,]Gengar||Leftovers|Levitate|IcePunch,FirePunch,HiddenPowerGrass,Explosion|Hasty|40,,,252,,216|M|,30,,30,,|||,Grass,,,,]Metagross||ChoiceBand|ClearBody|MeteorMash,Earthquake,RockSlide,Explosion|Adamant|68,252,,,,188|N||||]Starmie||Leftovers|NaturalCure|HydroPump,Thunderbolt,IceBeam,Psychic|Timid|4,,,252,,252|N|,0,,,,|||\",\"rating\":0}",">player p2 {\"name\":\"foultestacceptor1\",\"avatar\":\"2\",\"team\":\"Salamence||ChoiceBand|Intimidate|Earthquake,HiddenPowerFlying,BrickBreak,RockSlide|Adamant|120,252,,,,136|F|30,30,30,30,30,|||,Flying,,,,]Magneton||Magnet|MagnetPull|Thunderbolt,Toxic,HiddenPowerFire,Protect|Modest|4,,,252,,252|N|,2,,30,,30|||,Fire,,,,]Tyranitar||Leftovers|SandStream|Crunch,Pursuit,HiddenPowerGrass,FireBlast|Modest|240,,,188,48,32|F|,2,,30,,|||,Grass,,,,]Blissey||Leftovers|NaturalCure|SeismicToss,Wish,Protect,Toxic||4,,252,,252,|F|,0,,,,|||]Metagross||Leftovers|ClearBody|Agility,MeteorMash,Earthquake,Explosion|Adamant|168,252,,,,88|N||||]Swampert||Leftovers|Torrent|Surf,IceBeam,Protect,Toxic|Bold|252,,160,,96,|F|,0,,,,|||\",\"rating\":0}",">p1 move spikes",">p2 switch 2",">p1 move protect",">p2 move thunderbolt",">p1 move protect",">p2 move thunderbolt",">p1 move protect",">p2 move thunderbolt",">p1 switch 3",">p1 move earthquake",">p2 move thunderbolt",">p2 switch 5",">p1 switch 5",">p2 move meteormash",">p1 move explosion",">p2 move earthquake",">p1 switch 6",">p2 switch 6",">p1 move psychic",">p2 move toxic",">p1 switch 4",">p2 move surf",">p1 move hiddenpower",">p2 move protect",">p1 move hiddenpower",">p2 switch 3",">p1 move hiddenpower",">p2 move pursuit",">p1 switch 4",">p1 move icebeam",">p2 move crunch",">p2 switch 4",">p1 switch 5",">p2 move seismictoss",">p1 move focuspunch",">p2 switch 3",">p1 switch 5",">p2 move surf",">p1 move hydropump",">p2 move protect",">p1 move hydropump",">p2 switch 3",">p1 switch 5",">p2 move wish",">p1 move focuspunch",">p2 switch 2",">p1 move rockslide",">p2 move earthquake",">p1 switch 5",">p1 move icebeam",">p2 switch 2",">p1 move hydropump",">p2 move wish",">p1 move psychic",">p2 move seismictoss",">p1 move icebeam",">p2 move wish",">p1 move icebeam",">p2 move seismictoss",">p1 move psychic",">p2 move seismictoss",">p1 move psychic",">p2 move seismictoss",">p1 switch 2",">p1 move thunderwave",">p2 move toxic",">p1 move thunderbolt",">p2 move toxic",">p1 move thunderbolt",">p2 move seismictoss",">p1 move thunderbolt",">p2 switch 2",">p1 move thunderbolt",">p2 move earthquake",">p2 switch 3",">p1 move thunderbolt",">p2 move surf"],"log":["|j|☆foultestchallenge1","|j|☆foultestacceptor1","|t:|1753056880","|gametype|singles","|player|p1|foultestchallenge1|169|","|player|p2|foultestacceptor1|2|","|teamsize|p1|6","|teamsize|p2|6","|gen|3","|tier|[Gen 3] OU","|rule|Sleep Clause Mod: Limit one foe put to sleep","|rule|Switch Priority Clause Mod: Faster Pokémon switch first","|rule|Species Clause: Limit one of each Pokémon","|rule|OHKO Clause: OHKO moves are banned","|rule|Evasion Items Clause: Evasion items are banned","|rule|Evasion Moves Clause: Evasion moves are banned","|rule|Endless Battle Clause: Forcing endless battles is banned","|rule|HP Percentage Mod: HP is shown in percentages","|rule|One Boost Passer Clause: Limit one Baton Passer that has a way to boost its stats","|rule|Freeze Clause Mod: Limit one foe frozen","|","|t:|1753056880","|start","|switch|p1a: Skarmory|Skarmory, M|334/334","|switch|p2a: Salamence|Salamence, F|360/360","|-ability|p2a: Salamence|Intimidate|boost","|-unboost|p1a: Skarmory|atk|1","|turn|1","|inactive|Battle timer is ON: inactive players will automatically lose when time's up. (requested by foultestchallenge1)","|inactive|foultestacceptor1 also wants the timer to be on.","|","|t:|1753056882","|switch|p2a: Magneton|Magneton|242/242","|move|p1a: Skarmory|Spikes|p2a: Magneton","|-sidestart|p2: foultestacceptor1|Spikes","|","|upkeep","|turn|2","||adding 10 for new turn","|","|t:|1753056883","|move|p1a: Skarmory|Protect|p1a: Skarmory","|-singleturn|p1a: Skarmory|Protect","|move|p2a: Magneton|Thunderbolt|p1a: Skarmory","|-activate|p1a: Skarmory|Protect","|","|upkeep","|turn|3","||adding 10 for new turn","|","|t:|1753056885","|move|p1a: Skarmory|Protect|p1a: Skarmory","|-singleturn|p1a: Skarmory|Protect","|move|p2a: Magneton|Thunderbolt|p1a: Skarmory","|-activate|p1a: Skarmory|Protect","|","|upkeep","|turn|4","||adding 10 for new turn","|","|t:|1753056886","|move|p1a: Skarmory|Protect||[still]","|-fail|p1a: Skarmory","|move|p2a: Magneton|Thunderbolt|p1a: Skarmory","|-supereffective|p1a: Skarmory","|-damage|p1a: Skarmory|0 fnt","|faint|p1a: Skarmory","||adding 5 to each for mid turn request","|","|t:|1753056888","|switch|p1a: Tyranitar|Tyranitar, M|404/404","|-weather|Sandstorm|[from] ability: Sand Stream|[of] p1a: Tyranitar","|","|-weather|Sandstorm|[upkeep]","|upkeep","|turn|5","||adding 10 for new turn","|","|t:|1753056890","|move|p2a: Magneton|Thunderbolt|p1a: Tyranitar","|-damage|p1a: Tyranitar|215/404","|move|p1a: Tyranitar|Earthquake|p2a: Magneton","|-supereffective|p2a: Magneton","|-damage|p2a: Magneton|0 fnt","|faint|p2a: Magneton","||adding 5 to each for mid turn request","|","|t:|1753056892","|switch|p2a: Metagross|Metagross|343/343","|-damage|p2a: Metagross|301/343|[from] Spikes","|","|-weather|Sandstorm|[upkeep]","|-heal|p2a: Metagross|322/343|[from] item: Leftovers","|-heal|p1a: Tyranitar|240/404|[from] item: Leftovers","|upkeep","|turn|6","||adding 10 for new turn","|","|t:|1753056894","|switch|p1a: Metagross|Metagross|318/318","|move|p2a: Metagross|Meteor Mash|p1a: Metagross","|-resisted|p1a: Metagross","|-damage|p1a: Metagross|238/318","|-boost|p2a: Metagross|atk|1","|","|-weather|Sandstorm|[upkeep]","|-heal|p2a: Metagross|343/343|[from] item: Leftovers","|upkeep","|turn|7","||adding 10 for new turn","|","|t:|1753056896","|move|p1a: Metagross|Explosion|p2a: Metagross","|-resisted|p2a: Metagross","|-damage|p2a: Metagross|0 fnt","|faint|p1a: Metagross","|faint|p2a: Metagross","||adding 5 to each for mid turn request","|","|t:|1753056898","|switch|p1a: Starmie|Starmie|262/262","|switch|p2a: Swampert|Swampert, F|404/404","|-damage|p2a: Swampert|354/404|[from] Spikes","|","|-weather|Sandstorm|[upkeep]","|-damage|p1a: Starmie|246/262|[from] Sandstorm","|-heal|p1a: Starmie|262/262|[from] item: Leftovers","|-heal|p2a: Swampert|379/404|[from] item: Leftovers","|upkeep","|turn|8","||adding 10 for new turn","|","|t:|1753056899","|move|p1a: Starmie|Psychic|p2a: Swampert","|-damage|p2a: Swampert|235/404","|move|p2a: Swampert|Toxic|p1a: Starmie","|-status|p1a: Starmie|tox","|","|-weather|Sandstorm|[upkeep]","|-damage|p1a: Starmie|246/262 tox|[from] Sandstorm","|-heal|p1a: Starmie|262/262 tox|[from] item: Leftovers","|-damage|p1a: Starmie|246/262 tox|[from] psn","|-heal|p2a: Swampert|260/404|[from] item: Leftovers","|upkeep","|turn|9","||adding 10 for new turn","|","|t:|1753056901","|-curestatus|p1a: Starmie|tox|[from] ability: Natural Cure","|switch|p1a: Gengar|Gengar, M|271/271","|move|p2a: Swampert|Surf|p1a: Gengar","|-damage|p1a: Gengar|145/271","|","|-weather|Sandstorm|[upkeep]","|-damage|p1a: Gengar|129/271|[from] Sandstorm","|-heal|p1a: Gengar|145/271|[from] item: Leftovers","|-heal|p2a: Swampert|285/404|[from] item: Leftovers","|upkeep","|turn|10","||adding 10 for new turn","|","|t:|1753056903","|move|p2a: Swampert|Protect|p2a: Swampert","|-singleturn|p2a: Swampert|Protect","|move|p1a: Gengar|Hidden Power|p2a: Swampert","|-activate|p2a: Swampert|Protect","|","|-weather|Sandstorm|[upkeep]","|-damage|p1a: Gengar|129/271|[from] Sandstorm","|-heal|p1a: Gengar|145/271|[from] item: Leftovers","|-heal|p2a: Swampert|310/404|[from] item: Leftovers","|upkeep","|turn|11","||adding 10 for new turn","|","|t:|1753056905","|switch|p2a: Tyranitar|Tyranitar, F|401/401","|-damage|p2a: Tyranitar|351/401|[from] Spikes","|move|p1a: Gengar|Hidden Power|p2a: Tyranitar","|-supereffective|p2a: Tyranitar","|-damage|p2a: Tyranitar|192/401","|","|-weather|Sandstorm|[upkeep]","|-damage|p1a: Gengar|129/271|[from] Sandstorm","|-heal|p1a: Gengar|145/271|[from] item: Leftovers","|-heal|p2a: Tyranitar|217/401|[from] item: Leftovers","|upkeep","|turn|12","||adding 10 for new turn","|","|t:|1753056906","|move|p1a: Gengar|Hidden Power|p2a: Tyranitar","|-supereffective|p2a: Tyranitar","|-damage|p2a: Tyranitar|64/401","|move|p2a: Tyranitar|Pursuit|p1a: Gengar","|-supereffective|p1a: Gengar","|-damage|p1a: Gengar|0 fnt","|faint|p1a: Gengar","||adding 5 to each for mid turn request","|","|t:|1753056908","|switch|p1a: Starmie|Starmie|246/262","|","|-weather|Sandstorm|[upkeep]","|-damage|p1a: Starmie|230/262|[from] Sandstorm","|-heal|p1a: Starmie|246/262|[from] item: Leftovers","|-heal|p2a: Tyranitar|89/401|[from] item: Leftovers","|upkeep","|turn|13","||adding 10 for new turn","|","|t:|1753056909","|move|p1a: Starmie|Ice Beam|p2a: Tyranitar","|-damage|p2a: Tyranitar|0 fnt","|faint|p2a: Tyranitar","||adding 5 to each for mid turn request","|","|t:|1753056910","|switch|p2a: Blissey|Blissey, F|652/652","|-damage|p2a: Blissey|571/652|[from] Spikes","|","|-weather|Sandstorm|[upkeep]","|-damage|p1a: Starmie|230/262|[from] Sandstorm","|-damage|p2a: Blissey|531/652|[from] Sandstorm","|-heal|p1a: Starmie|246/262|[from] item: Leftovers","|-heal|p2a: Blissey|571/652|[from] item: Leftovers","|upkeep","|turn|14","||adding 10 for new turn","|","|t:|1753056912","|switch|p1a: Tyranitar|Tyranitar, M|240/404","|move|p2a: Blissey|Seismic Toss|p1a: Tyranitar","|-damage|p1a: Tyranitar|140/404","|","|-weather|Sandstorm|[upkeep]","|-damage|p2a: Blissey|531/652|[from] Sandstorm","|-heal|p1a: Tyranitar|165/404|[from] item: Leftovers","|-heal|p2a: Blissey|571/652|[from] item: Leftovers","|upkeep","|turn|15","||adding 10 for new turn","|","|t:|1753056914","|-singleturn|p1a: Tyranitar|move: Focus Punch","|switch|p2a: Swampert|Swampert, F|310/404","|-damage|p2a: Swampert|260/404|[from] Spikes","|move|p1a: Tyranitar|Focus Punch|p2a: Swampert","|-damage|p2a: Swampert|97/404","|","|-weather|Sandstorm|[upkeep]","|-heal|p1a: Tyranitar|190/404|[from] item: Leftovers","|-heal|p2a: Swampert|122/404|[from] item: Leftovers","|upkeep","|turn|16","||adding 10 for new turn","|","|t:|1753056916","|switch|p1a: Starmie|Starmie|246/262","|move|p2a: Swampert|Surf|p1a: Starmie","|-resisted|p1a: Starmie","|-damage|p1a: Starmie|163/262","|","|-weather|Sandstorm|[upkeep]","|-damage|p1a: Starmie|147/262|[from] Sandstorm","|-heal|p1a: Starmie|163/262|[from] item: Leftovers","|-heal|p2a: Swampert|147/404|[from] item: Leftovers","|upkeep","|turn|17","||adding 10 for new turn","|","|t:|1753056917","|move|p2a: Swampert|Protect|p2a: Swampert","|-singleturn|p2a: Swampert|Protect","|move|p1a: Starmie|Hydro Pump|p2a: Swampert","|-activate|p2a: Swampert|Protect","|","|-weather|Sandstorm|[upkeep]","|-damage|p1a: Starmie|147/262|[from] Sandstorm","|-heal|p1a: Starmie|163/262|[from] item: Leftovers","|-heal|p2a: Swampert|172/404|[from] item: Leftovers","|upkeep","|turn|18","||adding 10 for new turn","|","|t:|1753056918","|switch|p2a: Blissey|Blissey, F|571/652","|-damage|p2a: Blissey|490/652|[from] Spikes","|move|p1a: Starmie|Hydro Pump|p2a: Blissey","|-damage|p2a: Blissey|366/652","|","|-weather|Sandstorm|[upkeep]","|-damage|p1a: Starmie|147/262|[from] Sandstorm","|-damage|p2a: Blissey|326/652|[from] Sandstorm","|-heal|p1a: Starmie|163/262|[from] item: Leftovers","|-heal|p2a: Blissey|366/652|[from] item: Leftovers","|upkeep","|turn|19","||adding 10 for new turn","|","|t:|1753056920","|switch|p1a: Tyranitar|Tyranitar, M|190/404","|move|p2a: Blissey|Wish|p2a: Blissey","|","|-weather|Sandstorm|[upkeep]","|-damage|p2a: Blissey|326/652|[from] Sandstorm","|-heal|p1a: Tyranitar|215/404|[from] item: Leftovers","|-heal|p2a: Blissey|366/652|[from] item: Leftovers","|upkeep","|turn|20","||adding 10 for new turn","|","|t:|1753056921","|-singleturn|p1a: Tyranitar|move: Focus Punch","|switch|p2a: Salamence|Salamence, F|360/360","|-ability|p2a: Salamence|Intimidate|boost","|-unboost|p1a: Tyranitar|atk|1","|move|p1a: Tyranitar|Focus Punch|p2a: Salamence","|-resisted|p2a: Salamence","|-damage|p2a: Salamence|287/360","|","|-heal|p2a: Salamence|360/360|[from] move: Wish|[wisher] Blissey","|-weather|Sandstorm|[upkeep]","|-damage|p2a: Salamence|338/360|[from] Sandstorm","|-heal|p1a: Tyranitar|240/404|[from] item: Leftovers","|upkeep","|turn|21","||adding 10 for new turn","|","|t:|1753056923","|move|p2a: Salamence|Earthquake|p1a: Tyranitar","|-supereffective|p1a: Tyranitar","|-damage|p1a: Tyranitar|0 fnt","|faint|p1a: Tyranitar","||adding 5 to each for mid turn request","|","|t:|1753056924","|switch|p1a: Starmie|Starmie|163/262","|","|-weather|Sandstorm|[upkeep]","|-damage|p1a: Starmie|147/262|[from] Sandstorm","|-damage|p2a: Salamence|316/360|[from] Sandstorm","|-heal|p1a: Starmie|163/262|[from] item: Leftovers","|upkeep","|turn|22","||adding 10 for new turn","|","|t:|1753056926","|switch|p2a: Blissey|Blissey, F|366/652","|-damage|p2a: Blissey|285/652|[from] Spikes","|move|p1a: Starmie|Ice Beam|p2a: Blissey","|-damage|p2a: Blissey|223/652","|","|-weather|Sandstorm|[upkeep]","|-damage|p1a: Starmie|147/262|[from] Sandstorm","|-damage|p2a: Blissey|183/652|[from] Sandstorm","|-heal|p1a: Starmie|163/262|[from] item: Leftovers","|-heal|p2a: Blissey|223/652|[from] item: Leftovers","|upkeep","|turn|23","||adding 10 for new turn","|","|t:|1753056928","|move|p1a: Starmie|Hydro Pump|p2a: Blissey|[miss]","|-miss|p1a: Starmie|p2a: Blissey","|move|p2a: Blissey|Wish|p2a: Blissey","|","|-weather|Sandstorm|[upkeep]","|-damage|p1a: Starmie|147/262|[from] Sandstorm","|-damage|p2a: Blissey|183/652|[from] Sandstorm","|-heal|p1a: Starmie|163/262|[from] item: Leftovers","|-heal|p2a: Blissey|223/652|[from] item: Leftovers","|upkeep","|turn|24","||adding 10 for new turn","|","|t:|1753056929","|move|p1a: Starmie|Psychic|p2a: Blissey","|-damage|p2a: Blissey|129/652","|move|p2a: Blissey|Seismic Toss|p1a: Starmie","|-damage|p1a: Starmie|63/262","|","|-heal|p2a: Blissey|455/652|[from] move: Wish|[wisher] Blissey","|-weather|Sandstorm|[upkeep]","|-damage|p1a: Starmie|47/262|[from] Sandstorm","|-damage|p2a: Blissey|415/652|[from] Sandstorm","|-heal|p1a: Starmie|63/262|[from] item: Leftovers","|-heal|p2a: Blissey|455/652|[from] item: Leftovers","|upkeep","|turn|25","||adding 10 for new turn","|","|t:|1753056931","|move|p1a: Starmie|Ice Beam|p2a: Blissey","|-damage|p2a: Blissey|392/652","|move|p2a: Blissey|Wish|p2a: Blissey","|","|-weather|Sandstorm|[upkeep]","|-damage|p1a: Starmie|47/262|[from] Sandstorm","|-damage|p2a: Blissey|352/652|[from] Sandstorm","|-heal|p1a: Starmie|63/262|[from] item: Leftovers","|-heal|p2a: Blissey|392/652|[from] item: Leftovers","|upkeep","|turn|26","||adding 10 for new turn","|","|t:|1753056932","|move|p1a: Starmie|Ice Beam|p2a: Blissey","|-damage|p2a: Blissey|334/652","|-status|p2a: Blissey|frz","|cant|p2a: Blissey|frz","|","|-heal|p2a: Blissey|652/652 frz|[from] move: Wish|[wisher] Blissey","|-weather|Sandstorm|[upkeep]","|-damage|p1a: Starmie|47/262|[from] Sandstorm","|-damage|p2a: Blissey|612/652 frz|[from] Sandstorm","|-heal|p1a: Starmie|63/262|[from] item: Leftovers","|-heal|p2a: Blissey|652/652 frz|[from] item: Leftovers","|upkeep","|turn|27","||adding 10 for new turn","|","|t:|1753056934","|move|p1a: Starmie|Psychic|p2a: Blissey","|-damage|p2a: Blissey|564/652 frz","|cant|p2a: Blissey|frz","|","|-weather|Sandstorm|[upkeep]","|-damage|p1a: Starmie|47/262|[from] Sandstorm","|-damage|p2a: Blissey|524/652 frz|[from] Sandstorm","|-heal|p1a: Starmie|63/262|[from] item: Leftovers","|-heal|p2a: Blissey|564/652 frz|[from] item: Leftovers","|upkeep","|turn|28","||adding 10 for new turn","|","|t:|1753056935","|move|p1a: Starmie|Psychic|p2a: Blissey","|-damage|p2a: Blissey|474/652 frz","|-curestatus|p2a: Blissey|frz|[msg]","|move|p2a: Blissey|Seismic Toss|p1a: Starmie","|-damage|p1a: Starmie|0 fnt","|faint|p1a: Starmie","||adding 5 to each for mid turn request","|","|t:|1753056937","|switch|p1a: Jolteon|Jolteon, M|272/272","|","|-weather|Sandstorm|[upkeep]","|-damage|p1a: Jolteon|255/272|[from] Sandstorm","|-damage|p2a: Blissey|434/652|[from] Sandstorm","|-heal|p1a: Jolteon|272/272|[from] item: Leftovers","|-heal|p2a: Blissey|474/652|[from] item: Leftovers","|upkeep","|turn|29","||adding 10 for new turn","|","|t:|1753056938","|move|p1a: Jolteon|Thunder Wave|p2a: Blissey","|-status|p2a: Blissey|par","|move|p2a: Blissey|Toxic|p1a: Jolteon|[miss]","|-miss|p2a: Blissey|p1a: Jolteon","|","|-weather|Sandstorm|[upkeep]","|-damage|p1a: Jolteon|255/272|[from] Sandstorm","|-damage|p2a: Blissey|434/652 par|[from] Sandstorm","|-heal|p1a: Jolteon|272/272|[from] item: Leftovers","|-heal|p2a: Blissey|474/652 par|[from] item: Leftovers","|upkeep","|turn|30","||adding 10 for new turn","|","|t:|1753056940","|move|p1a: Jolteon|Thunderbolt|p2a: Blissey","|-damage|p2a: Blissey|384/652 par","|move|p2a: Blissey|Toxic|p1a: Jolteon","|-status|p1a: Jolteon|tox","|","|-weather|Sandstorm|[upkeep]","|-damage|p1a: Jolteon|255/272 tox|[from] Sandstorm","|-damage|p2a: Blissey|344/652 par|[from] Sandstorm","|-heal|p1a: Jolteon|272/272 tox|[from] item: Leftovers","|-damage|p1a: Jolteon|255/272 tox|[from] psn","|-heal|p2a: Blissey|384/652 par|[from] item: Leftovers","|upkeep","|turn|31","||adding 10 for new turn","|","|t:|1753056941","|move|p1a: Jolteon|Thunderbolt|p2a: Blissey","|-damage|p2a: Blissey|282/652 par","|move|p2a: Blissey|Seismic Toss|p1a: Jolteon","|-damage|p1a: Jolteon|155/272 tox","|","|-weather|Sandstorm|[upkeep]","|-damage|p1a: Jolteon|138/272 tox|[from] Sandstorm","|-damage|p2a: Blissey|242/652 par|[from] Sandstorm","|-heal|p1a: Jolteon|155/272 tox|[from] item: Leftovers","|-damage|p1a: Jolteon|121/272 tox|[from] psn","|-heal|p2a: Blissey|282/652 par|[from] item: Leftovers","|upkeep","|turn|32","||adding 10 for new turn","|","|t:|1753056943","|-curestatus|p2a: Blissey|par|[from] ability: Natural Cure","|switch|p2a: Salamence|Salamence, F|316/360","|-ability|p2a: Salamence|Intimidate|boost","|-unboost|p1a: Jolteon|atk|1","|move|p1a: Jolteon|Thunderbolt|p2a: Salamence","|-damage|p2a: Salamence|130/360","|","|-weather|Sandstorm|[upkeep]","|-damage|p1a: Jolteon|104/272 tox|[from] Sandstorm","|-damage|p2a: Salamence|108/360|[from] Sandstorm","|-heal|p1a: Jolteon|121/272 tox|[from] item: Leftovers","|-damage|p1a: Jolteon|70/272 tox|[from] psn","|upkeep","|turn|33","||adding 10 for new turn","|","|t:|1753056944","|move|p1a: Jolteon|Thunderbolt|p2a: Salamence","|-damage|p2a: Salamence|0 fnt","|faint|p2a: Salamence","||adding 5 to each for mid turn request","|","|t:|1753056945","|switch|p2a: Swampert|Swampert, F|172/404","|-damage|p2a: Swampert|122/404|[from] Spikes","|","|-weather|Sandstorm|[upkeep]","|-damage|p1a: Jolteon|53/272 tox|[from] Sandstorm","|-heal|p1a: Jolteon|70/272 tox|[from] item: Leftovers","|-damage|p1a: Jolteon|2/272 tox|[from] psn","|-heal|p2a: Swampert|147/404|[from] item: Leftovers","|upkeep","|turn|34","||adding 10 for new turn","|","|t:|1753056946","|move|p1a: Jolteon|Thunderbolt|p2a: Swampert","|-immune|p2a: Swampert","|move|p2a: Swampert|Surf|p1a: Jolteon","|-damage|p1a: Jolteon|0 fnt","|faint|p1a: Jolteon","|","|win|foultestacceptor1",""],"p1rating":null,"p2rating":null,"endType":"normal","ladderError":true,"timestamp":"Sun Jul 20 2025 17:15:46 GMT-0700 (アメリカ太平洋夏時間)","roomid":"battle-gen3ou-1074","format":"gen3ou"}