{"winner":"foultestchallenge1","seed":"sodium,c039782e1a9d4daf39b3b949c480c6ac","turns":55,"p1":"foultestchallenge1","p2":"foultestacceptor1","p1team":[{"name":"Skarmory","species":"Skarmory","item":"Leftovers","ability":"Keen Eye","moves":["Spikes","Roar","Toxic","Protect"],"nature":"Careful","evs":{"hp":252,"atk":0,"def":0,"spa":0,"spd":252,"spe":4},"gender":"M","ivs":{"hp":31,"atk":0,"def":31,"spa":31,"spd":31,"spe":31},"level":100},{"name":"Jolteon","species":"Jolteon","item":"Leftovers","ability":"Volt Absorb","moves":["Thunderbolt","Thunder Wave","Hidden Power Grass","Baton Pass"],"nature":"Timid","evs":{"hp":4,"atk":0,"def":0,"spa":252,"spd":0,"spe":252},"gender":"F","ivs":{"hp":31,"atk":2,"def":31,"spa":30,"spd":31,"spe":31},"happiness":255,"hpType":"Grass","pokeball":"","gigantamax":false,"dynamaxLevel":10,"teraType":"","level":100},{"name":"Tyranitar","species":"Tyranitar","item":"Leftovers","ability":"Sand Stream","moves":["Focus Punch","Earthquake","Hidden Power Bug","Rock Slide"],"nature":"Adamant","evs":{"hp":252,"atk":252,"def":4,"spa":0,"spd":0,"spe":0},"gender":"M","ivs":{"hp":31,"atk":31,"def":31,"spa":31,"spd":30,"spe":30},"happiness":255,"hpType":"Bug","pokeball":"","gigantamax":false,"dynamaxLevel":10,"teraType":"","level":100},{"name":"Gengar","species":"Gengar","item":"Leftovers","ability":"Levitate","moves":["Ice Punch","Fire Punch","Hidden Power Grass","Explosion"],"nature":"Hasty","evs":{"hp":40,"atk":0,"def":0,"spa":252,"spd":0,"spe":216},"gender":"M","ivs":{"hp":31,"atk":30,"def":31,"spa":30,"spd":31,"spe":31},"happiness":255,"hpType":"Grass","pokeball":"","gigantamax":false,"dynamaxLevel":10,"teraType":"","level":100},{"name":"Metagross","species":"Metagross","item":"Choice Band","ability":"Clear Body","moves":["Meteor Mash","Earthquake","Rock Slide","Explosion"],"nature":"Adamant","evs":{"hp":68,"atk":252,"def":0,"spa":0,"spd":0,"spe":188},"gender":"N","level":100,"ivs":{"hp":31,"atk":31,"def":31,"spa":31,"spd":31,"spe":31}},{"name":"Starmie","species":"Starmie","item":"Leftovers","ability":"Natural Cure","moves":["Hydro Pump","Thunderbolt","Ice Beam","Psychic"],"nature":"Timid","evs":{"hp":4,"atk":0,"def":0,"spa":252,"spd":0,"spe":252},"gender":"N","ivs":{"hp":31,"atk":0,"def":31,"spa":31,"spd":31,"spe":31},"level":100}],"p2team":[{"name":"Salamence","species":"Salamence","item":"Choice Band","ability":"Intimidate","moves":["Earthquake","Hidden Power Flying","Brick Break","Rock Slide"],"nature":"Adamant","evs":{"hp":120,"atk":252,"def":0,"spa":0,"spd":0,"spe":136},"gender":"M","ivs":{"hp":30,"atk":30,"def":30,"spa":30,"spd":30,"spe":31},"happiness":255,"hpType":"Flying","pokeball":"","gigantamax":false,"dynamaxLevel":10,"teraType":"","level":100},{"name":"Magneton","species":"Magneton","item":"Magnet","ability":"Magnet Pull","moves":["Thunderbolt","Toxic","Hidden Power Fire","Protect"],"nature":"Modest","evs":{"hp":4,"atk":0,"def":0,"spa":252,"spd":0,"spe":252},"gender":"N","ivs":{"hp":31,"atk":2,"def":31,"spa":30,"spd":31,"spe":30},"happiness":255,"hpType":"Fire","pokeball":"","gigantamax":false,"dynamaxLevel":10,"teraType":"","level":100},{"name":"Tyranitar","species":"Tyranitar","item":"Leftovers","ability":"Sand Stream","moves":["Crunch","Pursuit","Hidden Power Grass","Fire Blast"],"nature":"Modest","evs":{"hp":240,"atk":0,"def":0,"spa":188,"spd":48,"spe":32},"gender":"M","ivs":{"hp":31,"atk":2,"def":31,"spa":30,"spd":31,"spe":31},"happiness":255,"hpType":"Grass","pokeball":"","gigantamax":false,"dynamaxLevel":10,"teraType":"","level":100},{"name":"Blissey","species":"Blissey","item":"Leftovers","ability":"Natural Cure","moves":["Seismic Toss","Wish","Protect","Toxic"],"nature":"","evs":{"hp":4,"atk":0,"def":252,"spa":0,"spd":252,"spe":0},"gender":"F","ivs":{"hp":31,"atk":0,"def":31,"spa":31,"spd":31,"spe":31},"level":100},{"name":"Metagross","species":"Metagross","item":"Leftovers","ability":"Clear Body","moves":["Agility","Meteor Mash","Earthquake","Explosion"],"nature":"Adamant","evs":{"hp":168,"atk":252,"def":0,"spa":0,"spd":0,"spe":88},"gender":"N","level":100,"ivs":{"hp":31,"atk":31,"def":31,"spa":31,"spd":31,"spe":31}},{"name":"Swampert","species":"Swampert","item":"Leftovers","ability":"Torrent","moves":["Surf","Ice Beam","Protect","Toxic"],"nature":"Bold","evs":{"hp":252,"atk":0,"def":160,"spa":0,"spd":96,"spe":0},"gender":"M","ivs":{"hp":31,"atk":0,"def":31,"spa":31,"spd":31,"spe":31},"level":100}],"score":[1,0],"inputLog":[">version 372d05e49c92a79eecdf6c8dddb208bd1765c00f",">start {\"formatid\":\"gen3ou\",\"seed\":\"sodium,c039782e1a9d4daf39b3b949c480c6ac\"}",">player p1 {\"name\":\"foultestchallenge1\",\"avatar\":\"169\",\"team\":\"Skarmory||Leftovers|KeenEye|Spikes,Roar,Toxic,Protect|Careful|252,,,,252,4|M|,0,,,,|||]Jolteon||Leftovers|VoltAbsorb|Thunderbolt,ThunderWave,HiddenPowerGrass,BatonPass|Timid|4,,,252,,252|F|,2,,30,,|||,Grass,,,,]Tyranitar||Leftovers|SandStream|FocusPunch,Earthquake,HiddenPowerBug,RockSlide|Adamant|252,252,4,,,|M|,,,,30,30|||,Bug,,,,]Gengar||Leftovers|Levitate|IcePunch,FirePunch,HiddenPowerGrass,Explosion|Hasty|40,,,252,,216|M|,30,,30,,|||,Grass,,,,]Metagross||ChoiceBand|ClearBody|MeteorMash,Earthquake,RockSlide,Explosion|Adamant|68,252,,,,188|N||||]Starmie||Leftovers|NaturalCure|HydroPump,Thunderbolt,IceBeam,Psychic|Timid|4,,,252,,252|N|,0,,,,|||\",\"rating\":0}",">player p2 {\"name\":\"foultestacceptor1\",\"avatar\":\"102\",\"team\":\"Salamence||ChoiceBand|Intimidate|Earthquake,HiddenPowerFlying,BrickBreak,RockSlide|Adamant|120,252,,,,136|M|30,30,30,30,30,|||,Flying,,,,]Magneton||Magnet|MagnetPull|Thunderbolt,Toxic,HiddenPowerFire,Protect|Modest|4,,,252,,252|N|,2,,30,,30|||,Fire,,,,]Tyranitar||Leftovers|SandStream|Crunch,Pursuit,HiddenPowerGrass,FireBlast|Modest|240,,,188,48,32|M|,2,,30,,|||,Grass,,,,]Blissey||Leftovers|NaturalCure|SeismicToss,Wish,Protect,Toxic||4,,252,,252,|F|,0,,,,|||]Metagross||Leftovers|ClearBody|Agility,MeteorMash,Earthquake,Explosion|Adamant|168,252,,,,88|N||||]Swampert||Leftovers|Torrent|Surf,IceBeam,Protect,Toxic|Bold|252,,160,,96,|M|,0,,,,|||\",\"rating\":0}",">p1 move spikes",">p2 switch 2",">p1 move protect",">p2 move thunderbolt",">p1 move protect",">p2 move thunderbolt",">p1 move protect",">p2 move thunderbolt",">p1 switch 3",">p1 move earthquake",">p2 move thunderbolt",">p2 switch 5",">p1 switch 5",">p2 move meteormash",">p1 move earthquake",">p2 move earthquake",">p1 move earthquake",">p2 switch 2",">p1 move earthquake",">p2 move hiddenpower",">p1 switch 6",">p1 move icebeam",">p2 move hiddenpower",">p2 switch 3",">p1 move hydropump",">p2 move crunch",">p1 switch 4",">p1 move icepunch",">p2 switch 6",">p1 move hiddenpower",">p2 move surf",">p2 switch 4",">p1 move icepunch",">p2 move wish",">p1 move icepunch",">p2 move protect",">p1 move icepunch",">p2 move wish",">p1 move icepunch",">p2 move seismictoss",">p1 move firepunch",">p2 move wish",">p1 move firepunch",">p2 move seismictoss",">p1 move firepunch",">p2 move wish",">p1 move firepunch",">p2 move seismictoss",">p1 move firepunch",">p2 move wish",">p1 move firepunch",">p2 move seismictoss",">p1 move firepunch",">p2 move wish",">p1 move hiddenpower",">p2 move seismictoss",">p1 move hiddenpower",">p2 move wish",">p1 move firepunch",">p2 move seismictoss",">p1 move icepunch",">p2 move wish",">p1 move hiddenpower",">p2 move seismictoss",">p1 move icepunch",">p2 move wish",">p1 move hiddenpower",">p2 move seismictoss",">p1 move hiddenpower",">p2 move wish",">p1 move firepunch",">p2 move seismictoss",">p1 move firepunch",">p2 move wish",">p1 move icepunch",">p2 move seismictoss",">p1 move icepunch",">p2 move wish",">p1 move icepunch",">p2 move seismictoss",">p1 move firepunch",">p2 move wish",">p1 move firepunch",">p2 move seismictoss",">p1 move firepunch",">p2 move wish",">p1 move icepunch",">p2 move seismictoss",">p1 move icepunch",">p2 move wish",">p1 move hiddenpower",">p2 move seismictoss",">p1 move firepunch",">p2 move wish",">p1 move hiddenpower",">p2 move seismictoss",">p1 move firepunch",">p2 move protect",">p1 move icepunch",">p2 move seismictoss",">p1 move icepunch",">p2 move protect",">p1 switch 5",">p2 move protect",">p1 move earthquake",">p2 switch 6",">p2 switch 2",">p1 move focuspunch",">p2 move meteormash",">p1 switch 5",">p1 move firepunch",">p2 move earthquake",">p2 switch 6",">p1 move explosion",">p2 move protect",">p1 switch 2",">p1 move thunderbolt",">p2 move protect",">p1 move thunderbolt",">p2 move protect"],"log":["|j|☆foultestchallenge1","|j|☆foultestacceptor1","|t:|1753059704","|gametype|singles","|player|p1|foultestchallenge1|169|","|player|p2|foultestacceptor1|102|","|teamsize|p1|6","|teamsize|p2|6","|gen|3","|tier|[Gen 3] OU","|rule|Sleep Clause Mod: Limit one foe put to sleep","|rule|Switch Priority Clause Mod: Faster Pokémon switch first","|rule|Species Clause: Limit one of each Pokémon","|rule|OHKO Clause: OHKO moves are banned","|rule|Evasion Items Clause: Evasion items are banned","|rule|Evasion Moves Clause: Evasion moves are banned","|rule|Endless Battle Clause: Forcing endless battles is banned","|rule|HP Percentage Mod: HP is shown in percentages","|rule|One Boost Passer Clause: Limit one Baton Passer that has a way to boost its stats","|rule|Freeze Clause Mod: Limit one foe frozen","|","|t:|1753059704","|start","|switch|p1a: Skarmory|Skarmory, M|334/334","|switch|p2a: Salamence|Salamence, M|360/360","|-ability|p2a: Salamence|Intimidate|boost","|-unboost|p1a: Skarmory|atk|1","|turn|1","|inactive|Battle timer is ON: inactive players will automatically lose when time's up. (requested by foultestchallenge1)","|inactive|foultestacceptor1 also wants the timer to be on.","|","|t:|1753059706","|switch|p2a: Magneton|Magneton|242/242","|move|p1a: Skarmory|Spikes|p2a: Magneton","|-sidestart|p2: foultestacceptor1|Spikes","|","|upkeep","|turn|2","||adding 10 for new turn","|","|t:|1753059708","|move|p1a: Skarmory|Protect|p1a: Skarmory","|-singleturn|p1a: Skarmory|Protect","|move|p2a: Magneton|Thunderbolt|p1a: Skarmory","|-activate|p1a: Skarmory|Protect","|","|upkeep","|turn|3","||adding 10 for new turn","|","|t:|1753059709","|move|p1a: Skarmory|Protect|p1a: Skarmory","|-singleturn|p1a: Skarmory|Protect","|move|p2a: Magneton|Thunderbolt|p1a: Skarmory","|-activate|p1a: Skarmory|Protect","|","|upkeep","|turn|4","||adding 10 for new turn","|","|t:|1753059711","|move|p1a: Skarmory|Protect||[still]","|-fail|p1a: Skarmory","|move|p2a: Magneton|Thunderbolt|p1a: Skarmory","|-supereffective|p1a: Skarmory","|-damage|p1a: Skarmory|0 fnt","|faint|p1a: Skarmory","||adding 5 to each for mid turn request","|","|t:|1753059713","|switch|p1a: Tyranitar|Tyranitar, M|404/404","|-weather|Sandstorm|[from] ability: Sand Stream|[of] p1a: Tyranitar","|","|-weather|Sandstorm|[upkeep]","|upkeep","|turn|5","||adding 10 for new turn","|","|t:|1753059714","|move|p2a: Magneton|Thunderbolt|p1a: Tyranitar","|-crit|p1a: Tyranitar","|-damage|p1a: Tyranitar|22/404","|move|p1a: Tyranitar|Earthquake|p2a: Magneton","|-supereffective|p2a: Magneton","|-damage|p2a: Magneton|0 fnt","|faint|p2a: Magneton","||adding 5 to each for mid turn request","|","|t:|1753059716","|switch|p2a: Metagross|Metagross|343/343","|-damage|p2a: Metagross|301/343|[from] Spikes","|","|-weather|Sandstorm|[upkeep]","|-heal|p2a: Metagross|322/343|[from] item: Leftovers","|-heal|p1a: Tyranitar|47/404|[from] item: Leftovers","|upkeep","|turn|6","||adding 10 for new turn","|","|t:|1753059718","|switch|p1a: Metagross|Metagross|318/318","|move|p2a: Metagross|Meteor Mash|p1a: Metagross","|-resisted|p1a: Metagross","|-damage|p1a: Metagross|235/318","|","|-weather|Sandstorm|[upkeep]","|-heal|p2a: Metagross|343/343|[from] item: Leftovers","|upkeep","|turn|7","||adding 10 for new turn","|","|t:|1753059720","|move|p1a: Metagross|Earthquake|p2a: Metagross","|-supereffective|p2a: Metagross","|-damage|p2a: Metagross|30/343","|move|p2a: Metagross|Earthquake|p1a: Metagross","|-supereffective|p1a: Metagross","|-damage|p1a: Metagross|38/318","|","|-weather|Sandstorm|[upkeep]","|-heal|p2a: Metagross|51/343|[from] item: Leftovers","|upkeep","|turn|8","||adding 10 for new turn","|","|t:|1753059722","|switch|p2a: Salamence|Salamence, M|360/360","|-ability|p2a: Salamence|Intimidate|boost","|-fail|p1a: Metagross|unboost|[from] ability: Clear Body|[of] p1a: Metagross","|move|p1a: Metagross|Earthquake|p2a: Salamence","|-immune|p2a: Salamence","|","|-weather|Sandstorm|[upkeep]","|-damage|p2a: Salamence|338/360|[from] Sandstorm","|upkeep","|turn|9","||adding 10 for new turn","|","|t:|1753059723","|move|p2a: Salamence|Hidden Power|p1a: Metagross","|-resisted|p1a: Metagross","|-damage|p1a: Metagross|0 fnt","|faint|p1a: Metagross","||adding 5 to each for mid turn request","|","|t:|1753059724","|switch|p1a: Starmie|Starmie|262/262","|","|-weather|Sandstorm|[upkeep]","|-damage|p1a: Starmie|246/262|[from] Sandstorm","|-damage|p2a: Salamence|316/360|[from] Sandstorm","|-heal|p1a: Starmie|262/262|[from] item: Leftovers","|upkeep","|turn|10","||adding 10 for new turn","|","|t:|1753059726","|move|p1a: Starmie|Ice Beam|p2a: Salamence","|-supereffective|p2a: Salamence","|-damage|p2a: Salamence|0 fnt","|faint|p2a: Salamence","||adding 5 to each for mid turn request","|","|t:|1753059727","|switch|p2a: Tyranitar|Tyranitar, M|401/401","|-damage|p2a: Tyranitar|351/401|[from] Spikes","|","|-weather|Sandstorm|[upkeep]","|-damage|p1a: Starmie|246/262|[from] Sandstorm","|-heal|p1a: Starmie|262/262|[from] item: Leftovers","|-heal|p2a: Tyranitar|376/401|[from] item: Leftovers","|upkeep","|turn|11","||adding 10 for new turn","|","|t:|1753059729","|move|p1a: Starmie|Hydro Pump|p2a: Tyranitar","|-supereffective|p2a: Tyranitar","|-damage|p2a: Tyranitar|34/401","|move|p2a: Tyranitar|Crunch|p1a: Starmie","|-supereffective|p1a: Starmie","|-damage|p1a: Starmie|0 fnt","|faint|p1a: Starmie","||adding 5 to each for mid turn request","|","|t:|1753059731","|switch|p1a: Gengar|Gengar, M|271/271","|","|-weather|Sandstorm|[upkeep]","|-damage|p1a: Gengar|255/271|[from] Sandstorm","|-heal|p1a: Gengar|271/271|[from] item: Leftovers","|-heal|p2a: Tyranitar|59/401|[from] item: Leftovers","|upkeep","|turn|12","||adding 10 for new turn","|","|t:|1753059733","|switch|p2a: Swampert|Swampert, M|404/404","|-damage|p2a: Swampert|354/404|[from] Spikes","|move|p1a: Gengar|Ice Punch|p2a: Swampert","|-damage|p2a: Swampert|261/404","|","|-weather|Sandstorm|[upkeep]","|-damage|p1a: Gengar|255/271|[from] Sandstorm","|-heal|p1a: Gengar|271/271|[from] item: Leftovers","|-heal|p2a: Swampert|286/404|[from] item: Leftovers","|upkeep","|turn|13","||adding 10 for new turn","|","|t:|1753059735","|move|p1a: Gengar|Hidden Power|p2a: Swampert","|-supereffective|p2a: Swampert","|-damage|p2a: Swampert|0 fnt","|faint|p2a: Swampert","||adding 5 to each for mid turn request","|","|t:|1753059736","|switch|p2a: Blissey|Blissey, F|652/652","|-damage|p2a: Blissey|571/652|[from] Spikes","|","|-weather|Sandstorm|[upkeep]","|-damage|p1a: Gengar|255/271|[from] Sandstorm","|-damage|p2a: Blissey|531/652|[from] Sandstorm","|-heal|p1a: Gengar|271/271|[from] item: Leftovers","|-heal|p2a: Blissey|571/652|[from] item: Leftovers","|upkeep","|turn|14","||adding 10 for new turn","|","|t:|1753059738","|move|p1a: Gengar|Ice Punch|p2a: Blissey","|-damage|p2a: Blissey|508/652","|move|p2a: Blissey|Wish|p2a: Blissey","|","|-weather|Sandstorm|[upkeep]","|-damage|p1a: Gengar|255/271|[from] Sandstorm","|-damage|p2a: Blissey|468/652|[from] Sandstorm","|-heal|p1a: Gengar|271/271|[from] item: Leftovers","|-heal|p2a: Blissey|508/652|[from] item: Leftovers","|upkeep","|turn|15","||adding 10 for new turn","|","|t:|1753059739","|move|p2a: Blissey|Protect|p2a: Blissey","|-singleturn|p2a: Blissey|Protect","|move|p1a: Gengar|Ice Punch|p2a: Blissey","|-activate|p2a: Blissey|Protect","|","|-heal|p2a: Blissey|652/652|[from] move: Wish|[wisher] Blissey","|-weather|Sandstorm|[upkeep]","|-damage|p1a: Gengar|255/271|[from] Sandstorm","|-damage|p2a: Blissey|612/652|[from] Sandstorm","|-heal|p1a: Gengar|271/271|[from] item: Leftovers","|-heal|p2a: Blissey|652/652|[from] item: Leftovers","|upkeep","|turn|16","||adding 10 for new turn","|","|t:|1753059741","|move|p1a: Gengar|Ice Punch|p2a: Blissey","|-damage|p2a: Blissey|589/652","|move|p2a: Blissey|Wish|p2a: Blissey","|","|-weather|Sandstorm|[upkeep]","|-damage|p1a: Gengar|255/271|[from] Sandstorm","|-damage|p2a: Blissey|549/652|[from] Sandstorm","|-heal|p1a: Gengar|271/271|[from] item: Leftovers","|-heal|p2a: Blissey|589/652|[from] item: Leftovers","|upkeep","|turn|17","||adding 10 for new turn","|","|t:|1753059743","|move|p1a: Gengar|Ice Punch|p2a: Blissey","|-damage|p2a: Blissey|527/652","|move|p2a: Blissey|Seismic Toss|p1a: Gengar","|-immune|p1a: Gengar","|","|-heal|p2a: Blissey|652/652|[from] move: Wish|[wisher] Blissey","|-weather|Sandstorm|[upkeep]","|-damage|p1a: Gengar|255/271|[from] Sandstorm","|-damage|p2a: Blissey|612/652|[from] Sandstorm","|-heal|p1a: Gengar|271/271|[from] item: Leftovers","|-heal|p2a: Blissey|652/652|[from] item: Leftovers","|upkeep","|turn|18","||adding 10 for new turn","|","|t:|1753059744","|move|p1a: Gengar|Fire Punch|p2a: Blissey","|-damage|p2a: Blissey|596/652","|move|p2a: Blissey|Wish|p2a: Blissey","|","|-weather|Sandstorm|[upkeep]","|-damage|p1a: Gengar|255/271|[from] Sandstorm","|-damage|p2a: Blissey|556/652|[from] Sandstorm","|-heal|p1a: Gengar|271/271|[from] item: Leftovers","|-heal|p2a: Blissey|596/652|[from] item: Leftovers","|upkeep","|turn|19","||adding 10 for new turn","|","|t:|1753059746","|move|p1a: Gengar|Fire Punch|p2a: Blissey","|-damage|p2a: Blissey|537/652","|move|p2a: Blissey|Seismic Toss|p1a: Gengar","|-immune|p1a: Gengar","|","|-heal|p2a: Blissey|652/652|[from] move: Wish|[wisher] Blissey","|-weather|Sandstorm|[upkeep]","|-damage|p1a: Gengar|255/271|[from] Sandstorm","|-damage|p2a: Blissey|612/652|[from] Sandstorm","|-heal|p1a: Gengar|271/271|[from] item: Leftovers","|-heal|p2a: Blissey|652/652|[from] item: Leftovers","|upkeep","|turn|20","||adding 10 for new turn","|","|t:|1753059747","|move|p1a: Gengar|Fire Punch|p2a: Blissey","|-crit|p2a: Blissey","|-damage|p2a: Blissey|543/652","|move|p2a: Blissey|Wish|p2a: Blissey","|","|-weather|Sandstorm|[upkeep]","|-damage|p1a: Gengar|255/271|[from] Sandstorm","|-damage|p2a: Blissey|503/652|[from] Sandstorm","|-heal|p1a: Gengar|271/271|[from] item: Leftovers","|-heal|p2a: Blissey|543/652|[from] item: Leftovers","|upkeep","|turn|21","||adding 10 for new turn","|","|t:|1753059748","|move|p1a: Gengar|Fire Punch|p2a: Blissey","|-damage|p2a: Blissey|484/652","|move|p2a: Blissey|Seismic Toss|p1a: Gengar","|-immune|p1a: Gengar","|","|-heal|p2a: Blissey|652/652|[from] move: Wish|[wisher] Blissey","|-weather|Sandstorm|[upkeep]","|-damage|p1a: Gengar|255/271|[from] Sandstorm","|-damage|p2a: Blissey|612/652|[from] Sandstorm","|-heal|p1a: Gengar|271/271|[from] item: Leftovers","|-heal|p2a: Blissey|652/652|[from] item: Leftovers","|upkeep","|turn|22","||adding 10 for new turn","|","|t:|1753059749","|move|p1a: Gengar|Fire Punch|p2a: Blissey","|-damage|p2a: Blissey|591/652","|move|p2a: Blissey|Wish|p2a: Blissey","|","|-weather|Sandstorm|[upkeep]","|-damage|p1a: Gengar|255/271|[from] Sandstorm","|-damage|p2a: Blissey|551/652|[from] Sandstorm","|-heal|p1a: Gengar|271/271|[from] item: Leftovers","|-heal|p2a: Blissey|591/652|[from] item: Leftovers","|upkeep","|turn|23","||adding 10 for new turn","|","|t:|1753059750","|move|p1a: Gengar|Fire Punch|p2a: Blissey","|-damage|p2a: Blissey|532/652","|-status|p2a: Blissey|brn","|move|p2a: Blissey|Seismic Toss|p1a: Gengar","|-immune|p1a: Gengar","|","|-heal|p2a: Blissey|652/652 brn|[from] move: Wish|[wisher] Blissey","|-weather|Sandstorm|[upkeep]","|-damage|p1a: Gengar|255/271|[from] Sandstorm","|-damage|p2a: Blissey|612/652 brn|[from] Sandstorm","|-heal|p1a: Gengar|271/271|[from] item: Leftovers","|-heal|p2a: Blissey|652/652 brn|[from] item: Leftovers","|-damage|p2a: Blissey|571/652 brn|[from] brn","|upkeep","|turn|24","||adding 10 for new turn","|","|t:|1753059751","|move|p1a: Gengar|Fire Punch|p2a: Blissey","|-damage|p2a: Blissey|516/652 brn","|move|p2a: Blissey|Wish|p2a: Blissey","|","|-weather|Sandstorm|[upkeep]","|-damage|p1a: Gengar|255/271|[from] Sandstorm","|-damage|p2a: Blissey|476/652 brn|[from] Sandstorm","|-heal|p1a: Gengar|271/271|[from] item: Leftovers","|-heal|p2a: Blissey|516/652 brn|[from] item: Leftovers","|-damage|p2a: Blissey|435/652 brn|[from] brn","|upkeep","|turn|25","||adding 10 for new turn","|","|t:|1753059752","|move|p1a: Gengar|Hidden Power|p2a: Blissey","|-damage|p2a: Blissey|381/652 brn","|move|p2a: Blissey|Seismic Toss|p1a: Gengar","|-immune|p1a: Gengar","|","|-heal|p2a: Blissey|652/652 brn|[from] move: Wish|[wisher] Blissey","|-weather|Sandstorm|[upkeep]","|-damage|p1a: Gengar|255/271|[from] Sandstorm","|-damage|p2a: Blissey|612/652 brn|[from] Sandstorm","|-heal|p1a: Gengar|271/271|[from] item: Leftovers","|-heal|p2a: Blissey|652/652 brn|[from] item: Leftovers","|-damage|p2a: Blissey|571/652 brn|[from] brn","|upkeep","|turn|26","||adding 10 for new turn","|","|t:|1753059753","|move|p1a: Gengar|Hidden Power|p2a: Blissey","|-damage|p2a: Blissey|519/652 brn","|move|p2a: Blissey|Wish|p2a: Blissey","|","|-weather|Sandstorm|[upkeep]","|-damage|p1a: Gengar|255/271|[from] Sandstorm","|-damage|p2a: Blissey|479/652 brn|[from] Sandstorm","|-heal|p1a: Gengar|271/271|[from] item: Leftovers","|-heal|p2a: Blissey|519/652 brn|[from] item: Leftovers","|-damage|p2a: Blissey|438/652 brn|[from] brn","|upkeep","|turn|27","||adding 10 for new turn","|","|t:|1753059754","|move|p1a: Gengar|Fire Punch|p2a: Blissey","|-damage|p2a: Blissey|379/652 brn","|move|p2a: Blissey|Seismic Toss|p1a: Gengar","|-immune|p1a: Gengar","|","|-heal|p2a: Blissey|652/652 brn|[from] move: Wish|[wisher] Blissey","|-weather|Sandstorm|[upkeep]","|-damage|p1a: Gengar|255/271|[from] Sandstorm","|-damage|p2a: Blissey|612/652 brn|[from] Sandstorm","|-heal|p1a: Gengar|271/271|[from] item: Leftovers","|-heal|p2a: Blissey|652/652 brn|[from] item: Leftovers","|-damage|p2a: Blissey|571/652 brn|[from] brn","|upkeep","|turn|28","||adding 10 for new turn","|","|t:|1753059756","|move|p1a: Gengar|Ice Punch|p2a: Blissey","|-damage|p2a: Blissey|516/652 brn","|move|p2a: Blissey|Wish|p2a: Blissey","|","|-weather|Sandstorm|[upkeep]","|-damage|p1a: Gengar|255/271|[from] Sandstorm","|-damage|p2a: Blissey|476/652 brn|[from] Sandstorm","|-heal|p1a: Gengar|271/271|[from] item: Leftovers","|-heal|p2a: Blissey|516/652 brn|[from] item: Leftovers","|-damage|p2a: Blissey|435/652 brn|[from] brn","|upkeep","|turn|29","||adding 10 for new turn","|","|t:|1753059757","|move|p1a: Gengar|Hidden Power|p2a: Blissey","|-damage|p2a: Blissey|385/652 brn","|move|p2a: Blissey|Seismic Toss|p1a: Gengar","|-immune|p1a: Gengar","|","|-heal|p2a: Blissey|652/652 brn|[from] move: Wish|[wisher] Blissey","|-weather|Sandstorm|[upkeep]","|-damage|p1a: Gengar|255/271|[from] Sandstorm","|-damage|p2a: Blissey|612/652 brn|[from] Sandstorm","|-heal|p1a: Gengar|271/271|[from] item: Leftovers","|-heal|p2a: Blissey|652/652 brn|[from] item: Leftovers","|-damage|p2a: Blissey|571/652 brn|[from] brn","|upkeep","|turn|30","||adding 10 for new turn","|","|t:|1753059758","|move|p1a: Gengar|Ice Punch|p2a: Blissey","|-damage|p2a: Blissey|513/652 brn","|move|p2a: Blissey|Wish|p2a: Blissey","|","|-weather|Sandstorm|[upkeep]","|-damage|p1a: Gengar|255/271|[from] Sandstorm","|-damage|p2a: Blissey|473/652 brn|[from] Sandstorm","|-heal|p1a: Gengar|271/271|[from] item: Leftovers","|-heal|p2a: Blissey|513/652 brn|[from] item: Leftovers","|-damage|p2a: Blissey|432/652 brn|[from] brn","|upkeep","|turn|31","||adding 10 for new turn","|","|t:|1753059759","|move|p1a: Gengar|Hidden Power|p2a: Blissey","|-damage|p2a: Blissey|379/652 brn","|move|p2a: Blissey|Seismic Toss|p1a: Gengar","|-immune|p1a: Gengar","|","|-heal|p2a: Blissey|652/652 brn|[from] move: Wish|[wisher] Blissey","|-weather|Sandstorm|[upkeep]","|-damage|p1a: Gengar|255/271|[from] Sandstorm","|-damage|p2a: Blissey|612/652 brn|[from] Sandstorm","|-heal|p1a: Gengar|271/271|[from] item: Leftovers","|-heal|p2a: Blissey|652/652 brn|[from] item: Leftovers","|-damage|p2a: Blissey|571/652 brn|[from] brn","|upkeep","|turn|32","||adding 10 for new turn","|","|t:|1753059760","|move|p1a: Gengar|Hidden Power|p2a: Blissey","|-damage|p2a: Blissey|520/652 brn","|move|p2a: Blissey|Wish|p2a: Blissey","|","|-weather|Sandstorm|[upkeep]","|-damage|p1a: Gengar|255/271|[from] Sandstorm","|-damage|p2a: Blissey|480/652 brn|[from] Sandstorm","|-heal|p1a: Gengar|271/271|[from] item: Leftovers","|-heal|p2a: Blissey|520/652 brn|[from] item: Leftovers","|-damage|p2a: Blissey|439/652 brn|[from] brn","|upkeep","|turn|33","||adding 10 for new turn","|","|t:|1753059761","|move|p1a: Gengar|Fire Punch|p2a: Blissey","|-crit|p2a: Blissey","|-damage|p2a: Blissey|327/652 brn","|move|p2a: Blissey|Seismic Toss|p1a: Gengar","|-immune|p1a: Gengar","|","|-heal|p2a: Blissey|652/652 brn|[from] move: Wish|[wisher] Blissey","|-weather|Sandstorm|[upkeep]","|-damage|p1a: Gengar|255/271|[from] Sandstorm","|-damage|p2a: Blissey|612/652 brn|[from] Sandstorm","|-heal|p1a: Gengar|271/271|[from] item: Leftovers","|-heal|p2a: Blissey|652/652 brn|[from] item: Leftovers","|-damage|p2a: Blissey|571/652 brn|[from] brn","|upkeep","|turn|34","||adding 10 for new turn","|","|t:|1753059762","|move|p1a: Gengar|Fire Punch|p2a: Blissey","|-damage|p2a: Blissey|510/652 brn","|move|p2a: Blissey|Wish|p2a: Blissey","|","|-weather|Sandstorm|[upkeep]","|-damage|p1a: Gengar|255/271|[from] Sandstorm","|-damage|p2a: Blissey|470/652 brn|[from] Sandstorm","|-heal|p1a: Gengar|271/271|[from] item: Leftovers","|-heal|p2a: Blissey|510/652 brn|[from] item: Leftovers","|-damage|p2a: Blissey|429/652 brn|[from] brn","|upkeep","|turn|35","||adding 10 for new turn","|","|t:|1753059763","|move|p1a: Gengar|Ice Punch|p2a: Blissey","|-damage|p2a: Blissey|373/652 brn","|move|p2a: Blissey|Seismic Toss|p1a: Gengar","|-immune|p1a: Gengar","|","|-heal|p2a: Blissey|652/652 brn|[from] move: Wish|[wisher] Blissey","|-weather|Sandstorm|[upkeep]","|-damage|p1a: Gengar|255/271|[from] Sandstorm","|-damage|p2a: Blissey|612/652 brn|[from] Sandstorm","|-heal|p1a: Gengar|271/271|[from] item: Leftovers","|-heal|p2a: Blissey|652/652 brn|[from] item: Leftovers","|-damage|p2a: Blissey|571/652 brn|[from] brn","|upkeep","|turn|36","||adding 10 for new turn","|","|t:|1753059764","|move|p1a: Gengar|Ice Punch|p2a: Blissey","|-damage|p2a: Blissey|511/652 brn","|move|p2a: Blissey|Wish|p2a: Blissey","|","|-weather|Sandstorm|[upkeep]","|-damage|p1a: Gengar|255/271|[from] Sandstorm","|-damage|p2a: Blissey|471/652 brn|[from] Sandstorm","|-heal|p1a: Gengar|271/271|[from] item: Leftovers","|-heal|p2a: Blissey|511/652 brn|[from] item: Leftovers","|-damage|p2a: Blissey|430/652 brn|[from] brn","|upkeep","|turn|37","||adding 10 for new turn","|","|t:|1753059765","|move|p1a: Gengar|Ice Punch|p2a: Blissey","|-damage|p2a: Blissey|368/652 brn","|move|p2a: Blissey|Seismic Toss|p1a: Gengar","|-immune|p1a: Gengar","|","|-heal|p2a: Blissey|652/652 brn|[from] move: Wish|[wisher] Blissey","|-weather|Sandstorm|[upkeep]","|-damage|p1a: Gengar|255/271|[from] Sandstorm","|-damage|p2a: Blissey|612/652 brn|[from] Sandstorm","|-heal|p1a: Gengar|271/271|[from] item: Leftovers","|-heal|p2a: Blissey|652/652 brn|[from] item: Leftovers","|-damage|p2a: Blissey|571/652 brn|[from] brn","|upkeep","|turn|38","||adding 10 for new turn","|","|t:|1753059766","|move|p1a: Gengar|Fire Punch|p2a: Blissey","|-damage|p2a: Blissey|510/652 brn","|move|p2a: Blissey|Wish|p2a: Blissey","|","|-weather|Sandstorm|[upkeep]","|-damage|p1a: Gengar|255/271|[from] Sandstorm","|-damage|p2a: Blissey|470/652 brn|[from] Sandstorm","|-heal|p1a: Gengar|271/271|[from] item: Leftovers","|-heal|p2a: Blissey|510/652 brn|[from] item: Leftovers","|-damage|p2a: Blissey|429/652 brn|[from] brn","|upkeep","|turn|39","||adding 10 for new turn","|","|t:|1753059767","|move|p1a: Gengar|Fire Punch|p2a: Blissey","|-damage|p2a: Blissey|370/652 brn","|move|p2a: Blissey|Seismic Toss|p1a: Gengar","|-immune|p1a: Gengar","|","|-heal|p2a: Blissey|652/652 brn|[from] move: Wish|[wisher] Blissey","|-weather|Sandstorm|[upkeep]","|-damage|p1a: Gengar|255/271|[from] Sandstorm","|-damage|p2a: Blissey|612/652 brn|[from] Sandstorm","|-heal|p1a: Gengar|271/271|[from] item: Leftovers","|-heal|p2a: Blissey|652/652 brn|[from] item: Leftovers","|-damage|p2a: Blissey|571/652 brn|[from] brn","|upkeep","|turn|40","||adding 10 for new turn","|","|t:|1753059769","|move|p1a: Gengar|Fire Punch|p2a: Blissey","|-damage|p2a: Blissey|509/652 brn","|move|p2a: Blissey|Wish|p2a: Blissey","|","|-weather|Sandstorm|[upkeep]","|-damage|p1a: Gengar|255/271|[from] Sandstorm","|-damage|p2a: Blissey|469/652 brn|[from] Sandstorm","|-heal|p1a: Gengar|271/271|[from] item: Leftovers","|-heal|p2a: Blissey|509/652 brn|[from] item: Leftovers","|-damage|p2a: Blissey|428/652 brn|[from] brn","|upkeep","|turn|41","||adding 10 for new turn","|","|t:|1753059770","|move|p1a: Gengar|Ice Punch|p2a: Blissey","|-damage|p2a: Blissey|369/652 brn","|move|p2a: Blissey|Seismic Toss|p1a: Gengar","|-immune|p1a: Gengar","|","|-heal|p2a: Blissey|652/652 brn|[from] move: Wish|[wisher] Blissey","|-weather|Sandstorm|[upkeep]","|-damage|p1a: Gengar|255/271|[from] Sandstorm","|-damage|p2a: Blissey|612/652 brn|[from] Sandstorm","|-heal|p1a: Gengar|271/271|[from] item: Leftovers","|-heal|p2a: Blissey|652/652 brn|[from] item: Leftovers","|-damage|p2a: Blissey|571/652 brn|[from] brn","|upkeep","|turn|42","||adding 10 for new turn","|","|t:|1753059771","|move|p1a: Gengar|Ice Punch|p2a: Blissey","|-damage|p2a: Blissey|512/652 brn","|move|p2a: Blissey|Wish|p2a: Blissey","|","|-weather|Sandstorm|[upkeep]","|-damage|p1a: Gengar|255/271|[from] Sandstorm","|-damage|p2a: Blissey|472/652 brn|[from] Sandstorm","|-heal|p1a: Gengar|271/271|[from] item: Leftovers","|-heal|p2a: Blissey|512/652 brn|[from] item: Leftovers","|-damage|p2a: Blissey|431/652 brn|[from] brn","|upkeep","|turn|43","||adding 10 for new turn","|","|t:|1753059772","|move|p1a: Gengar|Hidden Power|p2a: Blissey","|-damage|p2a: Blissey|381/652 brn","|move|p2a: Blissey|Seismic Toss|p1a: Gengar","|-immune|p1a: Gengar","|","|-heal|p2a: Blissey|652/652 brn|[from] move: Wish|[wisher] Blissey","|-weather|Sandstorm|[upkeep]","|-damage|p1a: Gengar|255/271|[from] Sandstorm","|-damage|p2a: Blissey|612/652 brn|[from] Sandstorm","|-heal|p1a: Gengar|271/271|[from] item: Leftovers","|-heal|p2a: Blissey|652/652 brn|[from] item: Leftovers","|-damage|p2a: Blissey|571/652 brn|[from] brn","|upkeep","|turn|44","||adding 10 for new turn","|","|t:|1753059773","|move|p1a: Gengar|Fire Punch|p2a: Blissey","|-damage|p2a: Blissey|515/652 brn","|move|p2a: Blissey|Wish|p2a: Blissey","|","|-weather|Sandstorm|[upkeep]","|-damage|p1a: Gengar|255/271|[from] Sandstorm","|-damage|p2a: Blissey|475/652 brn|[from] Sandstorm","|-heal|p1a: Gengar|271/271|[from] item: Leftovers","|-heal|p2a: Blissey|515/652 brn|[from] item: Leftovers","|-damage|p2a: Blissey|434/652 brn|[from] brn","|upkeep","|turn|45","||adding 10 for new turn","|","|t:|1753059774","|move|p1a: Gengar|Hidden Power|p2a: Blissey","|-crit|p2a: Blissey","|-damage|p2a: Blissey|329/652 brn","|move|p2a: Blissey|Seismic Toss|p1a: Gengar","|-immune|p1a: Gengar","|","|-heal|p2a: Blissey|652/652 brn|[from] move: Wish|[wisher] Blissey","|-weather|Sandstorm|[upkeep]","|-damage|p1a: Gengar|255/271|[from] Sandstorm","|-damage|p2a: Blissey|612/652 brn|[from] Sandstorm","|-heal|p1a: Gengar|271/271|[from] item: Leftovers","|-heal|p2a: Blissey|652/652 brn|[from] item: Leftovers","|-damage|p2a: Blissey|571/652 brn|[from] brn","|upkeep","|turn|46","||adding 10 for new turn","|","|t:|1753059775","|move|p2a: Blissey|Protect|p2a: Blissey","|-singleturn|p2a: Blissey|Protect","|move|p1a: Gengar|Fire Punch|p2a: Blissey","|-activate|p2a: Blissey|Protect","|","|-weather|Sandstorm|[upkeep]","|-damage|p1a: Gengar|255/271|[from] Sandstorm","|-damage|p2a: Blissey|531/652 brn|[from] Sandstorm","|-heal|p1a: Gengar|271/271|[from] item: Leftovers","|-heal|p2a: Blissey|571/652 brn|[from] item: Leftovers","|-damage|p2a: Blissey|490/652 brn|[from] brn","|upkeep","|turn|47","||adding 10 for new turn","|","|t:|1753059776","|move|p1a: Gengar|Ice Punch|p2a: Blissey","|-damage|p2a: Blissey|429/652 brn","|move|p2a: Blissey|Seismic Toss|p1a: Gengar","|-immune|p1a: Gengar","|","|-weather|Sandstorm|[upkeep]","|-damage|p1a: Gengar|255/271|[from] Sandstorm","|-damage|p2a: Blissey|389/652 brn|[from] Sandstorm","|-heal|p1a: Gengar|271/271|[from] item: Leftovers","|-heal|p2a: Blissey|429/652 brn|[from] item: Leftovers","|-damage|p2a: Blissey|348/652 brn|[from] brn","|upkeep","|turn|48","||adding 10 for new turn","|","|t:|1753059777","|move|p2a: Blissey|Protect|p2a: Blissey","|-singleturn|p2a: Blissey|Protect","|move|p1a: Gengar|Ice Punch|p2a: Blissey","|-activate|p2a: Blissey|Protect","|","|-weather|Sandstorm|[upkeep]","|-damage|p1a: Gengar|255/271|[from] Sandstorm","|-damage|p2a: Blissey|308/652 brn|[from] Sandstorm","|-heal|p1a: Gengar|271/271|[from] item: Leftovers","|-heal|p2a: Blissey|348/652 brn|[from] item: Leftovers","|-damage|p2a: Blissey|267/652 brn|[from] brn","|upkeep","|turn|49","||adding 10 for new turn","|","|t:|1753059778","|switch|p1a: Tyranitar|Tyranitar, M|47/404","|move|p2a: Blissey|Protect||[still]","|-fail|p2a: Blissey","|","|-weather|Sandstorm|[upkeep]","|-damage|p2a: Blissey|227/652 brn|[from] Sandstorm","|-heal|p1a: Tyranitar|72/404|[from] item: Leftovers","|-heal|p2a: Blissey|267/652 brn|[from] item: Leftovers","|-damage|p2a: Blissey|186/652 brn|[from] brn","|upkeep","|turn|50","||adding 10 for new turn","|","|t:|1753059780","|-curestatus|p2a: Blissey|brn|[from] ability: Natural Cure","|switch|p2a: Tyranitar|Tyranitar, M|59/401","|-damage|p2a: Tyranitar|9/401|[from] Spikes","|move|p1a: Tyranitar|Earthquake|p2a: Tyranitar","|-supereffective|p2a: Tyranitar","|-damage|p2a: Tyranitar|0 fnt","|faint|p2a: Tyranitar","||adding 5 to each for mid turn request","|","|t:|1753059782","|switch|p2a: Metagross|Metagross|51/343","|-damage|p2a: Metagross|9/343|[from] Spikes","|","|-weather|Sandstorm|[upkeep]","|-heal|p2a: Metagross|30/343|[from] item: Leftovers","|-heal|p1a: Tyranitar|97/404|[from] item: Leftovers","|upkeep","|turn|51","||adding 10 for new turn","|","|t:|1753059783","|-singleturn|p1a: Tyranitar|move: Focus Punch","|move|p2a: Metagross|Meteor Mash|p1a: Tyranitar","|-supereffective|p1a: Tyranitar","|-damage|p1a: Tyranitar|0 fnt","|-boost|p2a: Metagross|atk|1","|faint|p1a: Tyranitar","||adding 5 to each for mid turn request","|","|t:|1753059785","|switch|p1a: Gengar|Gengar, M|271/271","|","|-weather|Sandstorm|[upkeep]","|-damage|p1a: Gengar|255/271|[from] Sandstorm","|-heal|p1a: Gengar|271/271|[from] item: Leftovers","|-heal|p2a: Metagross|51/343|[from] item: Leftovers","|upkeep","|turn|52","||adding 10 for new turn","|","|t:|1753059786","|move|p1a: Gengar|Fire Punch|p2a: Metagross","|-supereffective|p2a: Metagross","|-damage|p2a: Metagross|0 fnt","|faint|p2a: Metagross","||adding 5 to each for mid turn request","|","|t:|1753059787","|switch|p2a: Blissey|Blissey, F|186/652","|-damage|p2a: Blissey|105/652|[from] Spikes","|","|-weather|Sandstorm|[upkeep]","|-damage|p1a: Gengar|255/271|[from] Sandstorm","|-damage|p2a: Blissey|65/652|[from] Sandstorm","|-heal|p1a: Gengar|271/271|[from] item: Leftovers","|-heal|p2a: Blissey|105/652|[from] item: Leftovers","|upkeep","|turn|53","||adding 10 for new turn","|","|t:|1753059788","|move|p2a: Blissey|Protect|p2a: Blissey","|-singleturn|p2a: Blissey|Protect","|move|p1a: Gengar|Explosion|p2a: Blissey","|-activate|p2a: Blissey|Protect","|faint|p1a: Gengar","||adding 5 to each for mid turn request","|","|t:|1753059789","|switch|p1a: Jolteon|Jolteon, F|272/272","|","|-weather|Sandstorm|[upkeep]","|-damage|p1a: Jolteon|255/272|[from] Sandstorm","|-damage|p2a: Blissey|65/652|[from] Sandstorm","|-heal|p1a: Jolteon|272/272|[from] item: Leftovers","|-heal|p2a: Blissey|105/652|[from] item: Leftovers","|upkeep","|turn|54","||adding 10 for new turn","|","|t:|1753059790","|move|p2a: Blissey|Protect|p2a: Blissey","|-singleturn|p2a: Blissey|Protect","|move|p1a: Jolteon|Thunderbolt|p2a: Blissey","|-activate|p2a: Blissey|Protect","|","|-weather|Sandstorm|[upkeep]","|-damage|p1a: Jolteon|255/272|[from] Sandstorm","|-damage|p2a: Blissey|65/652|[from] Sandstorm","|-heal|p1a: Jolteon|272/272|[from] item: Leftovers","|-heal|p2a: Blissey|105/652|[from] item: Leftovers","|upkeep","|turn|55","||adding 10 for new turn","|","|t:|1753059791","|move|p2a: Blissey|Protect||[still]","|-fail|p2a: Blissey","|move|p1a: Jolteon|Thunderbolt|p2a: Blissey","|-damage|p2a: Blissey|11/652","|","|-weather|Sandstorm|[upkeep]","|-damage|p1a: Jolteon|255/272|[from] Sandstorm","|-damage|p2a: Blissey|0 fnt|[from] Sandstorm","|faint|p2a: Blissey","|","|win|foultestchallenge1",""],"p1rating":null,"p2rating":null,"endType":"normal","ladderError":true,"timestamp":"Sun Jul 20 2025 18:03:11 GMT-0700 (アメリカ太平洋夏時間)","roomid":"battle-gen3ou-1083","format":"gen3ou"}