{"winner":"foultestchallenge1","seed":"sodium,f741102d8cc62ab5f2b5f776012010f2","turns":37,"p1":"foultestchallenge1","p2":"foultestacceptor1","p1team":[{"name":"Skarmory","species":"Skarmory","item":"Leftovers","ability":"Keen Eye","moves":["Spikes","Roar","Toxic","Protect"],"nature":"Careful","evs":{"hp":252,"atk":0,"def":0,"spa":0,"spd":252,"spe":4},"gender":"M","ivs":{"hp":31,"atk":0,"def":31,"spa":31,"spd":31,"spe":31},"level":100},{"name":"Jolteon","species":"Jolteon","item":"Leftovers","ability":"Volt Absorb","moves":["Thunderbolt","Thunder Wave","Hidden Power Grass","Baton Pass"],"nature":"Timid","evs":{"hp":4,"atk":0,"def":0,"spa":252,"spd":0,"spe":252},"gender":"F","ivs":{"hp":31,"atk":2,"def":31,"spa":30,"spd":31,"spe":31},"happiness":255,"hpType":"Grass","pokeball":"","gigantamax":false,"dynamaxLevel":10,"teraType":"","level":100},{"name":"Tyranitar","species":"Tyranitar","item":"Leftovers","ability":"Sand Stream","moves":["Focus Punch","Earthquake","Hidden Power Bug","Rock Slide"],"nature":"Adamant","evs":{"hp":252,"atk":252,"def":4,"spa":0,"spd":0,"spe":0},"gender":"M","ivs":{"hp":31,"atk":31,"def":31,"spa":31,"spd":30,"spe":30},"happiness":255,"hpType":"Bug","pokeball":"","gigantamax":false,"dynamaxLevel":10,"teraType":"","level":100},{"name":"Gengar","species":"Gengar","item":"Leftovers","ability":"Levitate","moves":["Ice Punch","Fire Punch","Hidden Power Grass","Explosion"],"nature":"Hasty","evs":{"hp":40,"atk":0,"def":0,"spa":252,"spd":0,"spe":216},"gender":"F","ivs":{"hp":31,"atk":30,"def":31,"spa":30,"spd":31,"spe":31},"happiness":255,"hpType":"Grass","pokeball":"","gigantamax":false,"dynamaxLevel":10,"teraType":"","level":100},{"name":"Metagross","species":"Metagross","item":"Choice Band","ability":"Clear Body","moves":["Meteor Mash","Earthquake","Rock Slide","Explosion"],"nature":"Adamant","evs":{"hp":68,"atk":252,"def":0,"spa":0,"spd":0,"spe":188},"gender":"N","level":100,"ivs":{"hp":31,"atk":31,"def":31,"spa":31,"spd":31,"spe":31}},{"name":"Starmie","species":"Starmie","item":"Leftovers","ability":"Natural Cure","moves":["Hydro Pump","Thunderbolt","Ice Beam","Psychic"],"nature":"Timid","evs":{"hp":4,"atk":0,"def":0,"spa":252,"spd":0,"spe":252},"gender":"N","ivs":{"hp":31,"atk":0,"def":31,"spa":31,"spd":31,"spe":31},"level":100}],"p2team":[{"name":"Skarmory","species":"Skarmory","item":"Leftovers","ability":"Keen Eye","moves":["Spikes","Protect","Roar","Toxic"],"nature":"Careful","evs":{"hp":252,"atk":0,"def":8,"spa":0,"spd":248,"spe":0},"gender":"F","ivs":{"hp":31,"atk":0,"def":31,"spa":31,"spd":31,"spe":31},"level":100},{"name":"Blissey","species":"Blissey","item":"Leftovers","ability":"Natural Cure","moves":["Soft-Boiled","Ice Beam","Toxic","Fire Blast"],"nature":"Modest","evs":{"hp":0,"atk":0,"def":252,"spa":252,"spd":0,"spe":4},"gender":"F","ivs":{"hp":31,"atk":0,"def":31,"spa":31,"spd":31,"spe":31},"shiny":true,"level":100},{"name":"Tyranitar","species":"Tyranitar","item":"Leftovers","ability":"Sand Stream","moves":["Focus Punch","Rock Slide","Hidden Power Bug","Earthquake"],"nature":"Adamant","evs":{"hp":248,"atk":196,"def":12,"spa":0,"spd":52,"spe":0},"gender":"F","ivs":{"hp":31,"atk":30,"def":30,"spa":31,"spd":30,"spe":31},"happiness":255,"hpType":"Bug","pokeball":"","gigantamax":false,"dynamaxLevel":10,"teraType":"","level":100},{"name":"Swampert","species":"Swampert","item":"Leftovers","ability":"Torrent","moves":["Earthquake","Ice Beam","Hydro Pump","Protect"],"nature":"Relaxed","evs":{"hp":240,"atk":0,"def":136,"spa":40,"spd":48,"spe":44},"gender":"F","level":100,"ivs":{"hp":31,"atk":31,"def":31,"spa":31,"spd":31,"spe":31}},{"name":"Gengar","species":"Gengar","item":"Leftovers","ability":"Levitate","moves":["Will-O-Wisp","Thunderbolt","Ice Punch","Explosion"],"nature":"Timid","evs":{"hp":168,"atk":0,"def":0,"spa":0,"spd":164,"spe":176},"gender":"F","level":100,"ivs":{"hp":31,"atk":31,"def":31,"spa":31,"spd":31,"spe":31}},{"name":"Starmie","species":"Starmie","item":"Leftovers","ability":"Natural Cure","moves":["Hydro Pump","Ice Beam","Thunderbolt","Rapid Spin"],"nature":"Timid","evs":{"hp":4,"atk":0,"def":0,"spa":252,"spd":0,"spe":252},"gender":"N","ivs":{"hp":31,"atk":0,"def":31,"spa":31,"spd":31,"spe":31},"level":100}],"score":[2,0],"inputLog":[">version 372d05e49c92a79eecdf6c8dddb208bd1765c00f",">start {\"formatid\":\"gen3ou\",\"seed\":\"sodium,f741102d8cc62ab5f2b5f776012010f2\"}",">player p1 {\"name\":\"foultestchallenge1\",\"avatar\":\"169\",\"team\":\"Skarmory||Leftovers|KeenEye|Spikes,Roar,Toxic,Protect|Careful|252,,,,252,4|M|,0,,,,|||]Jolteon||Leftovers|VoltAbsorb|Thunderbolt,ThunderWave,HiddenPowerGrass,BatonPass|Timid|4,,,252,,252|F|,2,,30,,|||,Grass,,,,]Tyranitar||Leftovers|SandStream|FocusPunch,Earthquake,HiddenPowerBug,RockSlide|Adamant|252,252,4,,,|M|,,,,30,30|||,Bug,,,,]Gengar||Leftovers|Levitate|IcePunch,FirePunch,HiddenPowerGrass,Explosion|Hasty|40,,,252,,216|F|,30,,30,,|||,Grass,,,,]Metagross||ChoiceBand|ClearBody|MeteorMash,Earthquake,RockSlide,Explosion|Adamant|68,252,,,,188|N||||]Starmie||Leftovers|NaturalCure|HydroPump,Thunderbolt,IceBeam,Psychic|Timid|4,,,252,,252|N|,0,,,,|||\",\"rating\":0}",">player p2 {\"name\":\"foultestacceptor1\",\"avatar\":\"102\",\"team\":\"Skarmory||Leftovers|KeenEye|Spikes,Protect,Roar,Toxic|Careful|252,,8,,248,|F|,0,,,,|||]Blissey||Leftovers|NaturalCure|SoftBoiled,IceBeam,Toxic,FireBlast|Modest|,,252,252,,4|F|,0,,,,|S||]Tyranitar||Leftovers|SandStream|FocusPunch,RockSlide,HiddenPowerBug,Earthquake|Adamant|248,196,12,,52,|F|,30,30,,30,|||,Bug,,,,]Swampert||Leftovers|Torrent|Earthquake,IceBeam,HydroPump,Protect|Relaxed|240,,136,40,48,44|F||||]Gengar||Leftovers|Levitate|WillOWisp,Thunderbolt,IcePunch,Explosion|Timid|168,,,,164,176|F||||]Starmie||Leftovers|NaturalCure|HydroPump,IceBeam,Thunderbolt,RapidSpin|Timid|4,,,252,,252|N|,0,,,,|||\",\"rating\":0}",">p1 move spikes",">p2 move spikes",">p1 move spikes",">p2 move spikes",">p1 move spikes",">p2 move spikes",">p1 move roar",">p2 move roar",">p1 move toxic",">p2 move hydropump",">p1 move protect",">p2 move hydropump",">p1 move protect",">p2 switch 5",">p1 switch 2",">p2 move icepunch",">p1 move thunderbolt",">p2 switch 2",">p1 switch 3",">p2 move icebeam",">p1 move rockslide",">p2 switch 4",">p1 move rockslide",">p2 move toxic",">p1 move rockslide",">p2 move protect",">p1 move focuspunch",">p2 move protect",">p1 move focuspunch",">p2 move protect",">p1 move focuspunch",">p2 move protect",">p1 move focuspunch",">p2 switch 5",">p1 switch 4",">p1 move firepunch",">p2 move hydropump",">p2 switch 4",">p1 switch 5",">p2 move softboiled",">p1 move meteormash",">p2 move fireblast",">p2 switch 5",">p1 move meteormash",">p2 move protect",">p1 move meteormash",">p2 move roar",">p1 switch 5",">p2 switch 2",">p1 move icepunch",">p2 move icepunch",">p1 move icepunch",">p2 move icepunch",">p1 move icepunch",">p2 move icepunch",">p1 switch 6",">p1 move thunderbolt",">p2 move thunderbolt",">p2 switch 2",">p1 move thunderbolt",">p2 move protect",">p1 move thunderbolt",">p2 move protect",">p1 move thunderbolt",">p2 move roar",">p1 move thunderbolt",">p2 move protect",">p1 move thunderbolt",">p2 move protect",">p1 move thunderbolt",">p2 move protect",">p2 switch 3",">p1 move thunderbolt",">p2 move earthquake",">p1 switch 2",">p1 move earthquake",">p2 move focuspunch",">p2 switch 6",">p1 move earthquake",">p2 move hydropump",">p1 switch 3",">p1 move thunderbolt",">p2 move thunderbolt"],"log":["|j|☆foultestchallenge1","|j|☆foultestacceptor1","|t:|1753077262","|gametype|singles","|player|p1|foultestchallenge1|169|","|player|p2|foultestacceptor1|102|","|teamsize|p1|6","|teamsize|p2|6","|gen|3","|tier|[Gen 3] OU","|rule|Sleep Clause Mod: Limit one foe put to sleep","|rule|Switch Priority Clause Mod: Faster Pokémon switch first","|rule|Species Clause: Limit one of each Pokémon","|rule|OHKO Clause: OHKO moves are banned","|rule|Evasion Items Clause: Evasion items are banned","|rule|Evasion Moves Clause: Evasion moves are banned","|rule|Endless Battle Clause: Forcing endless battles is banned","|rule|HP Percentage Mod: HP is shown in percentages","|rule|One Boost Passer Clause: Limit one Baton Passer that has a way to boost its stats","|rule|Freeze Clause Mod: Limit one foe frozen","|","|t:|1753077262","|start","|switch|p1a: Skarmory|Skarmory, M|334/334","|switch|p2a: Skarmory|Skarmory, F|334/334","|turn|1","|inactive|Battle timer is ON: inactive players will automatically lose when time's up. (requested by foultestchallenge1)","|inactive|foultestacceptor1 also wants the timer to be on.","|","|t:|1753077271","|move|p1a: Skarmory|Spikes|p2a: Skarmory","|-sidestart|p2: foultestacceptor1|Spikes","|move|p2a: Skarmory|Spikes|p1a: Skarmory","|-sidestart|p1: foultestchallenge1|Spikes","|","|upkeep","|turn|2","||adding 10 for new turn","|","|t:|1753077279","|move|p1a: Skarmory|Spikes|p2a: Skarmory","|-sidestart|p2: foultestacceptor1|Spikes","|move|p2a: Skarmory|Spikes|p1a: Skarmory","|-sidestart|p1: foultestchallenge1|Spikes","|","|upkeep","|turn|3","||adding 10 for new turn","|","|t:|1753077287","|move|p1a: Skarmory|Spikes|p2a: Skarmory","|-sidestart|p2: foultestacceptor1|Spikes","|move|p2a: Skarmory|Spikes|p1a: Skarmory","|-sidestart|p1: foultestchallenge1|Spikes","|","|upkeep","|turn|4","||adding 10 for new turn","|","|t:|1753077295","|move|p1a: Skarmory|Roar|p2a: Skarmory","|drag|p2a: Swampert|Swampert, F|401/401","|-damage|p2a: Swampert|301/401|[from] Spikes","|","|-heal|p2a: Swampert|326/401|[from] item: Leftovers","|upkeep","|turn|5","||adding 10 for new turn","|","|t:|1753077303","|move|p1a: Skarmory|Toxic|p2a: Swampert","|-status|p2a: Swampert|tox","|move|p2a: Swampert|Hydro Pump|p1a: Skarmory|[miss]","|-miss|p2a: Swampert|p1a: Skarmory","|","|-heal|p2a: Swampert|351/401 tox|[from] item: Leftovers","|-damage|p2a: Swampert|326/401 tox|[from] psn","|upkeep","|turn|6","||adding 10 for new turn","|","|t:|1753077311","|move|p1a: Skarmory|Protect|p1a: Skarmory","|-singleturn|p1a: Skarmory|Protect","|move|p2a: Swampert|Hydro Pump|p1a: Skarmory","|-activate|p1a: Skarmory|Protect","|","|-heal|p2a: Swampert|351/401 tox|[from] item: Leftovers","|-damage|p2a: Swampert|301/401 tox|[from] psn","|upkeep","|turn|7","||adding 10 for new turn","|","|t:|1753077319","|switch|p2a: Gengar|Gengar, F|303/303","|move|p1a: Skarmory|Protect||[still]","|-fail|p1a: Skarmory","|","|upkeep","|turn|8","||adding 10 for new turn","|","|t:|1753077328","|switch|p1a: Jolteon|Jolteon, F|272/272","|-damage|p1a: Jolteon|204/272|[from] Spikes","|move|p2a: Gengar|Ice Punch|p1a: Jolteon","|-damage|p1a: Jolteon|126/272","|","|-heal|p1a: Jolteon|143/272|[from] item: Leftovers","|upkeep","|turn|9","||adding 10 for new turn","|","|t:|1753077336","|switch|p2a: Blissey|Blissey, F, shiny|651/651","|-damage|p2a: Blissey|489/651|[from] Spikes","|move|p1a: Jolteon|Thunderbolt|p2a: Blissey","|-damage|p2a: Blissey|371/651","|","|-heal|p1a: Jolteon|160/272|[from] item: Leftovers","|-heal|p2a: Blissey|411/651|[from] item: Leftovers","|upkeep","|turn|10","||adding 10 for new turn","|","|t:|1753077345","|switch|p1a: Tyranitar|Tyranitar, M|404/404","|-damage|p1a: Tyranitar|303/404|[from] Spikes","|-weather|Sandstorm|[from] ability: Sand Stream|[of] p1a: Tyranitar","|move|p2a: Blissey|Ice Beam|p1a: Tyranitar","|-damage|p1a: Tyranitar|213/404","|","|-weather|Sandstorm|[upkeep]","|-damage|p2a: Blissey|371/651|[from] Sandstorm","|-heal|p1a: Tyranitar|238/404|[from] item: Leftovers","|-heal|p2a: Blissey|411/651|[from] item: Leftovers","|upkeep","|turn|11","||adding 10 for new turn","|","|t:|1753077353","|switch|p2a: Skarmory|Skarmory, F|334/334","|move|p1a: Tyranitar|Rock Slide|p2a: Skarmory|[miss]","|-miss|p1a: Tyranitar|p2a: Skarmory","|","|-weather|Sandstorm|[upkeep]","|-heal|p1a: Tyranitar|263/404|[from] item: Leftovers","|upkeep","|turn|12","||adding 10 for new turn","|","|t:|1753077361","|move|p2a: Skarmory|Toxic|p1a: Tyranitar","|-status|p1a: Tyranitar|tox","|move|p1a: Tyranitar|Rock Slide|p2a: Skarmory","|-damage|p2a: Skarmory|232/334","|","|-weather|Sandstorm|[upkeep]","|-heal|p2a: Skarmory|252/334|[from] item: Leftovers","|-heal|p1a: Tyranitar|288/404 tox|[from] item: Leftovers","|-damage|p1a: Tyranitar|263/404 tox|[from] psn","|upkeep","|turn|13","||adding 10 for new turn","|","|t:|1753077370","|move|p2a: Skarmory|Protect|p2a: Skarmory","|-singleturn|p2a: Skarmory|Protect","|move|p1a: Tyranitar|Rock Slide|p2a: Skarmory","|-activate|p2a: Skarmory|Protect","|","|-weather|Sandstorm|[upkeep]","|-heal|p2a: Skarmory|272/334|[from] item: Leftovers","|-heal|p1a: Tyranitar|288/404 tox|[from] item: Leftovers","|-damage|p1a: Tyranitar|238/404 tox|[from] psn","|upkeep","|turn|14","||adding 10 for new turn","|","|t:|1753077378","|-singleturn|p1a: Tyranitar|move: Focus Punch","|move|p2a: Skarmory|Protect|p2a: Skarmory","|-singleturn|p2a: Skarmory|Protect","|move|p1a: Tyranitar|Focus Punch|p2a: Skarmory","|-activate|p2a: Skarmory|Protect","|","|-weather|Sandstorm|[upkeep]","|-heal|p2a: Skarmory|292/334|[from] item: Leftovers","|-heal|p1a: Tyranitar|263/404 tox|[from] item: Leftovers","|-damage|p1a: Tyranitar|188/404 tox|[from] psn","|upkeep","|turn|15","||adding 10 for new turn","|","|t:|1753077386","|-singleturn|p1a: Tyranitar|move: Focus Punch","|move|p2a: Skarmory|Protect||[still]","|-fail|p2a: Skarmory","|move|p1a: Tyranitar|Focus Punch|p2a: Skarmory","|-damage|p2a: Skarmory|151/334","|","|-weather|Sandstorm|[upkeep]","|-heal|p2a: Skarmory|171/334|[from] item: Leftovers","|-heal|p1a: Tyranitar|213/404 tox|[from] item: Leftovers","|-damage|p1a: Tyranitar|113/404 tox|[from] psn","|upkeep","|turn|16","||adding 10 for new turn","|","|t:|1753077394","|-singleturn|p1a: Tyranitar|move: Focus Punch","|move|p2a: Skarmory|Protect|p2a: Skarmory","|-singleturn|p2a: Skarmory|Protect","|move|p1a: Tyranitar|Focus Punch|p2a: Skarmory","|-activate|p2a: Skarmory|Protect","|","|-weather|Sandstorm|[upkeep]","|-heal|p2a: Skarmory|191/334|[from] item: Leftovers","|-heal|p1a: Tyranitar|138/404 tox|[from] item: Leftovers","|-damage|p1a: Tyranitar|13/404 tox|[from] psn","|upkeep","|turn|17","||adding 10 for new turn","|","|t:|1753077402","|-singleturn|p1a: Tyranitar|move: Focus Punch","|switch|p2a: Swampert|Swampert, F|301/401 tox","|-damage|p2a: Swampert|201/401 tox|[from] Spikes","|move|p1a: Tyranitar|Focus Punch|p2a: Swampert","|-damage|p2a: Swampert|29/401 tox","|","|-weather|Sandstorm|[upkeep]","|-heal|p1a: Tyranitar|38/404 tox|[from] item: Leftovers","|-damage|p1a: Tyranitar|0 fnt|[from] psn","|faint|p1a: Tyranitar","|-heal|p2a: Swampert|54/401 tox|[from] item: Leftovers","|-damage|p2a: Swampert|29/401 tox|[from] psn","|upkeep","||adding 5 to each for mid turn request","|","|t:|1753077410","|switch|p1a: Gengar|Gengar, F|271/271","|turn|18","||adding 10 for new turn","|","|t:|1753077418","|move|p1a: Gengar|Fire Punch|p2a: Swampert","|-resisted|p2a: Swampert","|-crit|p2a: Swampert","|-damage|p2a: Swampert|0 fnt","|faint|p2a: Swampert","||adding 5 to each for mid turn request","|","|t:|1753077425","|switch|p2a: Blissey|Blissey, F, shiny|411/651","|-damage|p2a: Blissey|249/651|[from] Spikes","|","|-weather|Sandstorm|[upkeep]","|-damage|p1a: Gengar|255/271|[from] Sandstorm","|-damage|p2a: Blissey|209/651|[from] Sandstorm","|-heal|p1a: Gengar|271/271|[from] item: Leftovers","|-heal|p2a: Blissey|249/651|[from] item: Leftovers","|upkeep","|turn|19","||adding 10 for new turn","|","|t:|1753077433","|switch|p1a: Metagross|Metagross|318/318","|-damage|p1a: Metagross|239/318|[from] Spikes","|move|p2a: Blissey|Soft-Boiled|p2a: Blissey","|-heal|p2a: Blissey|574/651","|","|-weather|Sandstorm|[upkeep]","|-damage|p2a: Blissey|534/651|[from] Sandstorm","|-heal|p2a: Blissey|574/651|[from] item: Leftovers","|upkeep","|turn|20","||adding 10 for new turn","|","|t:|1753077441","|move|p1a: Metagross|Meteor Mash|p2a: Blissey","|-damage|p2a: Blissey|0 fnt","|faint|p2a: Blissey","||adding 5 to each for mid turn request","|","|t:|1753077450","|switch|p2a: Skarmory|Skarmory, F|191/334","|","|-weather|Sandstorm|[upkeep]","|-heal|p2a: Skarmory|211/334|[from] item: Leftovers","|upkeep","|turn|21","||adding 10 for new turn","|","|t:|1753077457","|move|p2a: Skarmory|Protect|p2a: Skarmory","|-singleturn|p2a: Skarmory|Protect","|move|p1a: Metagross|Meteor Mash|p2a: Skarmory|[miss]","|-miss|p1a: Metagross|p2a: Skarmory","|","|-weather|Sandstorm|[upkeep]","|-heal|p2a: Skarmory|231/334|[from] item: Leftovers","|upkeep","|turn|22","||adding 10 for new turn","|","|t:|1753077465","|move|p1a: Metagross|Meteor Mash|p2a: Skarmory","|-resisted|p2a: Skarmory","|-damage|p2a: Skarmory|115/334","|move|p2a: Skarmory|Roar|p1a: Metagross","|drag|p1a: Skarmory|Skarmory, M|334/334","|","|-weather|Sandstorm|[upkeep]","|-heal|p2a: Skarmory|135/334|[from] item: Leftovers","|upkeep","|turn|23","||adding 10 for new turn","|","|t:|1753077470","|switch|p1a: Gengar|Gengar, F|271/271","|switch|p2a: Gengar|Gengar, F|303/303","|","|-weather|Sandstorm|[upkeep]","|-damage|p1a: Gengar|255/271|[from] Sandstorm","|-damage|p2a: Gengar|285/303|[from] Sandstorm","|-heal|p1a: Gengar|271/271|[from] item: Leftovers","|-heal|p2a: Gengar|303/303|[from] item: Leftovers","|upkeep","|turn|24","||adding 10 for new turn","|","|t:|1753077478","|move|p1a: Gengar|Ice Punch|p2a: Gengar","|-damage|p2a: Gengar|214/303","|move|p2a: Gengar|Ice Punch|p1a: Gengar","|-damage|p1a: Gengar|179/271","|","|-weather|Sandstorm|[upkeep]","|-damage|p1a: Gengar|163/271|[from] Sandstorm","|-damage|p2a: Gengar|196/303|[from] Sandstorm","|-heal|p1a: Gengar|179/271|[from] item: Leftovers","|-heal|p2a: Gengar|214/303|[from] item: Leftovers","|upkeep","|turn|25","||adding 10 for new turn","|","|t:|1753077486","|move|p1a: Gengar|Ice Punch|p2a: Gengar","|-damage|p2a: Gengar|115/303","|move|p2a: Gengar|Ice Punch|p1a: Gengar","|-damage|p1a: Gengar|91/271","|","|-weather|Sandstorm|[upkeep]","|-damage|p1a: Gengar|75/271|[from] Sandstorm","|-damage|p2a: Gengar|97/303|[from] Sandstorm","|-heal|p1a: Gengar|91/271|[from] item: Leftovers","|-heal|p2a: Gengar|115/303|[from] item: Leftovers","|upkeep","|turn|26","||adding 10 for new turn","|","|t:|1753077494","|move|p1a: Gengar|Ice Punch|p2a: Gengar","|-damage|p2a: Gengar|24/303","|move|p2a: Gengar|Ice Punch|p1a: Gengar","|-damage|p1a: Gengar|0 fnt","|faint|p1a: Gengar","||adding 5 to each for mid turn request","|","|t:|1753077502","|switch|p1a: Starmie|Starmie|262/262","|-damage|p1a: Starmie|197/262|[from] Spikes","|","|-weather|Sandstorm|[upkeep]","|-damage|p1a: Starmie|181/262|[from] Sandstorm","|-damage|p2a: Gengar|6/303|[from] Sandstorm","|-heal|p1a: Starmie|197/262|[from] item: Leftovers","|-heal|p2a: Gengar|24/303|[from] item: Leftovers","|upkeep","|turn|27","||adding 10 for new turn","|","|t:|1753077510","|move|p1a: Starmie|Thunderbolt|p2a: Gengar","|-damage|p2a: Gengar|0 fnt","|faint|p2a: Gengar","||adding 5 to each for mid turn request","|","|t:|1753077518","|switch|p2a: Skarmory|Skarmory, F|135/334","|","|-weather|Sandstorm|[upkeep]","|-damage|p1a: Starmie|181/262|[from] Sandstorm","|-heal|p1a: Starmie|197/262|[from] item: Leftovers","|-heal|p2a: Skarmory|155/334|[from] item: Leftovers","|upkeep","|turn|28","||adding 10 for new turn","|","|t:|1753077525","|move|p2a: Skarmory|Protect|p2a: Skarmory","|-singleturn|p2a: Skarmory|Protect","|move|p1a: Starmie|Thunderbolt|p2a: Skarmory","|-activate|p2a: Skarmory|Protect","|","|-weather|Sandstorm|[upkeep]","|-damage|p1a: Starmie|181/262|[from] Sandstorm","|-heal|p1a: Starmie|197/262|[from] item: Leftovers","|-heal|p2a: Skarmory|175/334|[from] item: Leftovers","|upkeep","|turn|29","||adding 10 for new turn","|","|t:|1753077533","|move|p2a: Skarmory|Protect|p2a: Skarmory","|-singleturn|p2a: Skarmory|Protect","|move|p1a: Starmie|Thunderbolt|p2a: Skarmory","|-activate|p2a: Skarmory|Protect","|","|-weather|Sandstorm|[upkeep]","|-damage|p1a: Starmie|181/262|[from] Sandstorm","|-heal|p1a: Starmie|197/262|[from] item: Leftovers","|-heal|p2a: Skarmory|195/334|[from] item: Leftovers","|upkeep","|turn|30","||adding 10 for new turn","|","|t:|1753077541","|move|p1a: Starmie|Thunderbolt|p2a: Skarmory","|-supereffective|p2a: Skarmory","|-damage|p2a: Skarmory|19/334","|move|p2a: Skarmory|Roar|p1a: Starmie","|drag|p1a: Jolteon|Jolteon, F|160/272","|-damage|p1a: Jolteon|92/272|[from] Spikes","|","|-weather|Sandstorm|[upkeep]","|-damage|p1a: Jolteon|75/272|[from] Sandstorm","|-heal|p1a: Jolteon|92/272|[from] item: Leftovers","|-heal|p2a: Skarmory|39/334|[from] item: Leftovers","|upkeep","|turn|31","||adding 10 for new turn","|","|t:|1753077549","|move|p2a: Skarmory|Protect|p2a: Skarmory","|-singleturn|p2a: Skarmory|Protect","|move|p1a: Jolteon|Thunderbolt|p2a: Skarmory","|-activate|p2a: Skarmory|Protect","|","|-weather|Sandstorm|[upkeep]","|-damage|p1a: Jolteon|75/272|[from] Sandstorm","|-heal|p1a: Jolteon|92/272|[from] item: Leftovers","|-heal|p2a: Skarmory|59/334|[from] item: Leftovers","|upkeep","|turn|32","||adding 10 for new turn","|","|t:|1753077557","|move|p2a: Skarmory|Protect|p2a: Skarmory","|-singleturn|p2a: Skarmory|Protect","|move|p1a: Jolteon|Thunderbolt|p2a: Skarmory","|-activate|p2a: Skarmory|Protect","|","|-weather|Sandstorm|[upkeep]","|-damage|p1a: Jolteon|75/272|[from] Sandstorm","|-heal|p1a: Jolteon|92/272|[from] item: Leftovers","|-heal|p2a: Skarmory|79/334|[from] item: Leftovers","|upkeep","|turn|33","||adding 10 for new turn","|","|t:|1753077564","|move|p2a: Skarmory|Protect||[still]","|-fail|p2a: Skarmory","|move|p1a: Jolteon|Thunderbolt|p2a: Skarmory","|-supereffective|p2a: Skarmory","|-crit|p2a: Skarmory","|-damage|p2a: Skarmory|0 fnt","|faint|p2a: Skarmory","||adding 5 to each for mid turn request","|","|t:|1753077572","|switch|p2a: Tyranitar|Tyranitar, F|403/403","|-damage|p2a: Tyranitar|303/403|[from] Spikes","|","|-weather|Sandstorm|[upkeep]","|-damage|p1a: Jolteon|75/272|[from] Sandstorm","|-heal|p1a: Jolteon|92/272|[from] item: Leftovers","|-heal|p2a: Tyranitar|328/403|[from] item: Leftovers","|upkeep","|turn|34","||adding 10 for new turn","|","|t:|1753077579","|move|p1a: Jolteon|Thunderbolt|p2a: Tyranitar","|-damage|p2a: Tyranitar|190/403","|move|p2a: Tyranitar|Earthquake|p1a: Jolteon","|-supereffective|p1a: Jolteon","|-damage|p1a: Jolteon|0 fnt","|faint|p1a: Jolteon","||adding 5 to each for mid turn request","|","|t:|1753077587","|switch|p1a: Metagross|Metagross|239/318","|-damage|p1a: Metagross|160/318|[from] Spikes","|","|-weather|Sandstorm|[upkeep]","|-heal|p2a: Tyranitar|215/403|[from] item: Leftovers","|upkeep","|turn|35","||adding 10 for new turn","|","|t:|1753077595","|-singleturn|p2a: Tyranitar|move: Focus Punch","|move|p1a: Metagross|Earthquake|p2a: Tyranitar","|-supereffective|p2a: Tyranitar","|-damage|p2a: Tyranitar|0 fnt","|faint|p2a: Tyranitar","||adding 5 to each for mid turn request","|","|t:|1753077601","|switch|p2a: Starmie|Starmie|262/262","|-damage|p2a: Starmie|197/262|[from] Spikes","|","|-weather|Sandstorm|[upkeep]","|-damage|p2a: Starmie|181/262|[from] Sandstorm","|-heal|p2a: Starmie|197/262|[from] item: Leftovers","|upkeep","|turn|36","||adding 10 for new turn","|","|t:|1753077608","|move|p2a: Starmie|Hydro Pump|p1a: Metagross","|-damage|p1a: Metagross|0 fnt","|faint|p1a: Metagross","||adding 5 to each for mid turn request","|","|t:|1753077616","|switch|p1a: Starmie|Starmie|197/262","|-damage|p1a: Starmie|132/262|[from] Spikes","|","|-weather|Sandstorm|[upkeep]","|-damage|p2a: Starmie|181/262|[from] Sandstorm","|-damage|p1a: Starmie|116/262|[from] Sandstorm","|-heal|p1a: Starmie|132/262|[from] item: Leftovers","|-heal|p2a: Starmie|197/262|[from] item: Leftovers","|upkeep","|turn|37","||adding 10 for new turn","|","|t:|1753077623","|move|p1a: Starmie|Thunderbolt|p2a: Starmie","|-supereffective|p2a: Starmie","|-damage|p2a: Starmie|0 fnt","|faint|p2a: Starmie","|","|win|foultestchallenge1",""],"p1rating":null,"p2rating":null,"endType":"normal","ladderError":true,"timestamp":"Sun Jul 20 2025 23:00:23 GMT-0700 (アメリカ太平洋夏時間)","roomid":"battle-gen3ou-1132","format":"gen3ou"}