{"winner":"foultestacceptor1","seed":"sodium,0854b65715f945ceb9b2e8d2034bbe3d","turns":73,"p1":"foultestchallenge1","p2":"foultestacceptor1","p1team":[{"name":"Dugtrio","species":"Dugtrio","item":"Choice Band","ability":"Arena Trap","moves":["Earthquake","Hidden Power Bug","Aerial Ace","Sunny Day"],"nature":"Adamant","evs":{"hp":96,"atk":168,"def":20,"spa":0,"spd":0,"spe":224},"gender":"M","ivs":{"hp":31,"atk":30,"def":30,"spa":31,"spd":30,"spe":31},"happiness":255,"hpType":"Bug","pokeball":"","gigantamax":false,"dynamaxLevel":10,"teraType":"","level":100},{"name":"Forretress","species":"Forretress","item":"Leftovers","ability":"Sturdy","moves":["Spikes","Zap Cannon","Explosion","Hidden Power Bug"],"nature":"Careful","evs":{"hp":252,"atk":0,"def":4,"spa":0,"spd":252,"spe":0},"gender":"M","ivs":{"hp":31,"atk":30,"def":30,"spa":31,"spd":30,"spe":31},"happiness":255,"hpType":"Bug","pokeball":"","gigantamax":false,"dynamaxLevel":10,"teraType":"","level":100},{"name":"Snorlax","species":"Snorlax","item":"Leftovers","ability":"Immunity","moves":["Return","Curse","Rest","Shadow Ball"],"nature":"Careful","evs":{"hp":144,"atk":96,"def":132,"spa":0,"spd":136,"spe":0},"gender":"M","level":100,"ivs":{"hp":31,"atk":31,"def":31,"spa":31,"spd":31,"spe":31}},{"name":"Suicune","species":"Suicune","item":"Leftovers","ability":"Pressure","moves":["Calm Mind","Rest","Ice Beam","Surf"],"nature":"Bold","evs":{"hp":240,"atk":0,"def":252,"spa":0,"spd":0,"spe":16},"gender":"N","ivs":{"hp":31,"atk":0,"def":31,"spa":31,"spd":31,"spe":31},"level":100},{"name":"Claydol","species":"Claydol","item":"Leftovers","ability":"Levitate","moves":["Earthquake","Psychic","Rapid Spin","Rest"],"nature":"Lonely","evs":{"hp":252,"atk":224,"def":0,"spa":24,"spd":0,"spe":8},"gender":"N","level":100,"ivs":{"hp":31,"atk":31,"def":31,"spa":31,"spd":31,"spe":31}},{"name":"Blissey","species":"Blissey","item":"Leftovers","ability":"Natural Cure","moves":["Soft-Boiled","Seismic Toss","Thunder Wave","Aromatherapy"],"nature":"Bold","evs":{"hp":252,"atk":0,"def":252,"spa":0,"spd":0,"spe":4},"gender":"F","ivs":{"hp":31,"atk":0,"def":31,"spa":31,"spd":31,"spe":31},"level":100}],"p2team":[{"name":"Zapdos","species":"Zapdos","item":"Leftovers","ability":"Pressure","moves":["Thunderbolt","Hidden Power Grass","Baton Pass","Roar"],"nature":"Modest","evs":{"hp":0,"atk":0,"def":0,"spa":220,"spd":48,"spe":240},"gender":"N","ivs":{"hp":31,"atk":2,"def":31,"spa":30,"spd":31,"spe":31},"happiness":255,"hpType":"Grass","pokeball":"","gigantamax":false,"dynamaxLevel":10,"teraType":"","level":100},{"name":"Metagross","species":"Metagross","item":"Choice Band","ability":"Clear Body","moves":["Meteor Mash","Explosion","Earthquake","Rock Slide"],"nature":"Adamant","evs":{"hp":128,"atk":252,"def":0,"spa":0,"spd":0,"spe":128},"gender":"N","level":100,"ivs":{"hp":31,"atk":31,"def":31,"spa":31,"spd":31,"spe":31}},{"name":"Celebi","species":"Celebi","item":"Leftovers","ability":"Natural Cure","moves":["Calm Mind","Giga Drain","Hidden Power Ice","Baton Pass"],"nature":"Timid","evs":{"hp":208,"atk":0,"def":84,"spa":36,"spd":0,"spe":180},"gender":"N","ivs":{"hp":31,"atk":3,"def":31,"spa":31,"spd":31,"spe":30},"happiness":255,"hpType":"Ice","pokeball":"","gigantamax":false,"dynamaxLevel":10,"teraType":"","level":100},{"name":"Gengar","species":"Gengar","item":"Leftovers","ability":"Levitate","moves":["Thunderbolt","Ice Punch","Giga Drain","Explosion"],"nature":"Timid","evs":{"hp":8,"atk":0,"def":200,"spa":116,"spd":0,"spe":184},"gender":"F","level":100,"ivs":{"hp":31,"atk":31,"def":31,"spa":31,"spd":31,"spe":31}},{"name":"Swampert","species":"Swampert","item":"Leftovers","ability":"Torrent","moves":["Hydro Pump","Earthquake","Ice Beam","Refresh"],"nature":"Quiet","evs":{"hp":240,"atk":0,"def":12,"spa":216,"spd":0,"spe":40},"gender":"M","level":100,"ivs":{"hp":31,"atk":31,"def":31,"spa":31,"spd":31,"spe":31}},{"name":"Charizard","species":"Charizard","item":"Leftovers","ability":"Blaze","moves":["Substitute","Hidden Power Grass","Fire Blast","Focus Punch"],"nature":"Mild","evs":{"hp":0,"atk":4,"def":0,"spa":252,"spd":0,"spe":252},"gender":"M","ivs":{"hp":31,"atk":30,"def":31,"spa":30,"spd":31,"spe":31},"happiness":255,"hpType":"Grass","pokeball":"","gigantamax":false,"dynamaxLevel":10,"teraType":"","level":100}],"score":[0,4],"inputLog":[">version 372d05e49c92a79eecdf6c8dddb208bd1765c00f",">start {\"formatid\":\"gen3ou\",\"seed\":\"sodium,0854b65715f945ceb9b2e8d2034bbe3d\"}",">player p1 {\"name\":\"foultestchallenge1\",\"avatar\":\"169\",\"team\":\"Dugtrio||ChoiceBand|ArenaTrap|Earthquake,HiddenPowerBug,AerialAce,SunnyDay|Adamant|96,168,20,,,224|M|,30,30,,30,|||,Bug,,,,]Forretress||Leftovers|Sturdy|Spikes,ZapCannon,Explosion,HiddenPowerBug|Careful|252,,4,,252,|M|,30,30,,30,|||,Bug,,,,]Snorlax||Leftovers|Immunity|Return,Curse,Rest,ShadowBall|Careful|144,96,132,,136,|M||||]Suicune||Leftovers|Pressure|CalmMind,Rest,IceBeam,Surf|Bold|240,,252,,,16|N|,0,,,,|||]Claydol||Leftovers|Levitate|Earthquake,Psychic,RapidSpin,Rest|Lonely|252,224,,24,,8|N||||]Blissey||Leftovers|NaturalCure|SoftBoiled,SeismicToss,ThunderWave,Aromatherapy|Bold|252,,252,,,4|F|,0,,,,|||\",\"rating\":0}",">player p2 {\"name\":\"foultestacceptor1\",\"avatar\":\"265\",\"team\":\"Zapdos||Leftovers|Pressure|Thunderbolt,HiddenPowerGrass,BatonPass,Roar|Modest|,,,220,48,240|N|,2,,30,,|||,Grass,,,,]Metagross||ChoiceBand|ClearBody|MeteorMash,Explosion,Earthquake,RockSlide|Adamant|128,252,,,,128|N||||]Celebi||Leftovers|NaturalCure|CalmMind,GigaDrain,HiddenPowerIce,BatonPass|Timid|208,,84,36,,180|N|,3,,,,30|||,Ice,,,,]Gengar||Leftovers|Levitate|Thunderbolt,IcePunch,GigaDrain,Explosion|Timid|8,,200,116,,184|F||||]Swampert||Leftovers|Torrent|HydroPump,Earthquake,IceBeam,Refresh|Quiet|240,,12,216,,40|M||||]Charizard||Leftovers|Blaze|Substitute,HiddenPowerGrass,FireBlast,FocusPunch|Mild|,4,,252,,252|M|,30,,30,,|||,Grass,,,,\",\"rating\":0}",">p1 switch 3",">p2 move hiddenpower",">p1 move return",">p2 switch 2",">p1 switch 2",">p2 move meteormash",">p1 move spikes",">p2 move meteormash",">p1 move zapcannon",">p2 move meteormash",">p1 switch 4",">p2 move meteormash",">p1 move calmmind",">p2 switch 2",">p1 move icebeam",">p2 move thunderbolt",">p1 switch 2",">p2 move thunderbolt",">p1 move return",">p2 switch 2",">p1 switch 2",">p2 move earthquake",">p1 switch 5",">p2 move earthquake",">p1 move psychic",">p2 switch 6",">p1 switch 2",">p2 move fireblast",">p1 move return",">p2 switch 6",">p1 switch 5",">p2 move meteormash",">p1 switch 3",">p1 move earthquake",">p2 move meteormash",">p2 switch 6",">p1 switch 5",">p2 move focuspunch",">p1 switch 6",">p2 move fireblast",">p1 move thunderwave",">p2 move focuspunch",">p1 switch 6",">p1 move return",">p2 move fireblast",">p1 switch 2",">p1 move psychic",">p2 switch 5",">p1 move psychic",">p2 move hydropump",">p1 move psychic",">p2 move icebeam",">p1 switch 5",">p1 move aerialace",">p2 move hydropump",">p2 switch 2",">p1 switch 4",">p2 move hiddenpower",">p1 switch 4",">p2 move thunderbolt",">p1 switch 4",">p2 move hiddenpower",">p1 switch 4",">p2 move thunderbolt",">p1 switch 4",">p2 move hiddenpower",">p1 switch 4",">p2 move thunderbolt",">p1 switch 4",">p2 move hiddenpower",">p1 switch 4",">p2 move thunderbolt",">p1 switch 4",">p2 move hiddenpower",">p1 switch 4",">p2 move thunderbolt",">p1 switch 4",">p2 move hiddenpower",">p1 switch 4",">p2 move thunderbolt",">p1 switch 4",">p2 move hiddenpower",">p1 switch 4",">p2 move thunderbolt",">p1 switch 4",">p2 move hiddenpower",">p1 switch 4",">p2 move thunderbolt",">p1 switch 4",">p2 move hiddenpower",">p1 switch 4",">p2 move thunderbolt",">p1 switch 4",">p2 move hiddenpower",">p1 switch 4",">p2 move thunderbolt",">p1 switch 4",">p2 move hiddenpower",">p1 switch 4",">p2 move thunderbolt",">p1 switch 4",">p2 move hiddenpower",">p1 switch 4",">p2 move thunderbolt",">p1 switch 4",">p2 move hiddenpower",">p1 switch 4",">p2 move thunderbolt",">p1 switch 4",">p2 move hiddenpower",">p1 switch 4",">p2 move thunderbolt",">p1 switch 4",">p2 move hiddenpower",">p1 switch 4",">p2 move thunderbolt",">p1 switch 4",">p2 move hiddenpower",">p1 switch 4",">p2 move thunderbolt",">p1 switch 4",">p2 move hiddenpower",">p1 switch 4",">p2 move thunderbolt",">p1 switch 4",">p2 move hiddenpower",">p1 switch 4",">p2 move thunderbolt",">p1 switch 4",">p2 move hiddenpower",">p1 switch 4",">p2 move thunderbolt",">p1 switch 4",">p2 move hiddenpower",">p1 switch 4",">p2 move thunderbolt",">p1 switch 4",">p2 move hiddenpower",">p1 switch 4",">p2 move hiddenpower",">p1 switch 4",">p2 move hiddenpower",">p1 switch 4",">p2 switch 4",">p1 switch 4",">p2 move icepunch",">p1 move zapcannon",">p2 move thunderbolt",">p1 move explosion",">p2 move icepunch",">p1 switch 4",">p1 move sunnyday",">p2 move icepunch"],"log":["|j|☆foultestchallenge1","|j|☆foultestacceptor1","|t:|1753055648","|gametype|singles","|player|p1|foultestchallenge1|169|","|player|p2|foultestacceptor1|265|","|teamsize|p1|6","|teamsize|p2|6","|gen|3","|tier|[Gen 3] OU","|rule|Sleep Clause Mod: Limit one foe put to sleep","|rule|Switch Priority Clause Mod: Faster Pokémon switch first","|rule|Species Clause: Limit one of each Pokémon","|rule|OHKO Clause: OHKO moves are banned","|rule|Evasion Items Clause: Evasion items are banned","|rule|Evasion Moves Clause: Evasion moves are banned","|rule|Endless Battle Clause: Forcing endless battles is banned","|rule|HP Percentage Mod: HP is shown in percentages","|rule|One Boost Passer Clause: Limit one Baton Passer that has a way to boost its stats","|rule|Freeze Clause Mod: Limit one foe frozen","|","|t:|1753055648","|start","|switch|p1a: Dugtrio|Dugtrio, M|235/235","|switch|p2a: Zapdos|Zapdos|321/321","|-ability|p2a: Zapdos|Pressure|[silent]","|turn|1","|inactive|Battle timer is ON: inactive players will automatically lose when time's up. (requested by foultestchallenge1)","|inactive|foultestacceptor1 also wants the timer to be on.","|","|t:|1753055650","|switch|p1a: Snorlax|Snorlax, M|497/497","|move|p2a: Zapdos|Hidden Power|p1a: Snorlax","|-damage|p1a: Snorlax|437/497","|","|-heal|p1a: Snorlax|468/497|[from] item: Leftovers","|upkeep","|turn|2","||adding 10 for new turn","|","|t:|1753055651","|switch|p2a: Metagross|Metagross|333/333","|move|p1a: Snorlax|Return|p2a: Metagross","|-resisted|p2a: Metagross","|-damage|p2a: Metagross|271/333","|","|-heal|p1a: Snorlax|497/497|[from] item: Leftovers","|upkeep","|turn|3","||adding 10 for new turn","|","|t:|1753055653","|switch|p1a: Forretress|Forretress, M|354/354","|move|p2a: Metagross|Meteor Mash|p1a: Forretress|[miss]","|-miss|p2a: Metagross|p1a: Forretress","|","|upkeep","|turn|4","||adding 10 for new turn","|","|t:|1753055655","|move|p2a: Metagross|Meteor Mash|p1a: Forretress","|-resisted|p1a: Forretress","|-damage|p1a: Forretress|250/354","|move|p1a: Forretress|Spikes|p2a: Metagross","|-sidestart|p2: foultestacceptor1|Spikes","|","|-heal|p1a: Forretress|272/354|[from] item: Leftovers","|upkeep","|turn|5","||adding 10 for new turn","|","|t:|1753055656","|move|p2a: Metagross|Meteor Mash|p1a: Forretress","|-resisted|p1a: Forretress","|-damage|p1a: Forretress|152/354","|move|p1a: Forretress|Zap Cannon|p2a: Metagross|[miss]","|-miss|p1a: Forretress|p2a: Metagross","|","|-heal|p1a: Forretress|174/354|[from] item: Leftovers","|upkeep","|turn|6","||adding 10 for new turn","|","|t:|1753055658","|switch|p1a: Suicune|Suicune|401/401","|-ability|p1a: Suicune|Pressure|[silent]","|move|p2a: Metagross|Meteor Mash|p1a: Suicune","|-resisted|p1a: Suicune","|-damage|p1a: Suicune|308/401","|","|-heal|p1a: Suicune|333/401|[from] item: Leftovers","|upkeep","|turn|7","||adding 10 for new turn","|","|t:|1753055660","|switch|p2a: Zapdos|Zapdos|321/321","|-ability|p2a: Zapdos|Pressure|[silent]","|move|p1a: Suicune|Calm Mind|p1a: Suicune","|-boost|p1a: Suicune|spa|1","|-boost|p1a: Suicune|spd|1","|","|-heal|p1a: Suicune|358/401|[from] item: Leftovers","|upkeep","|turn|8","||adding 10 for new turn","|","|t:|1753055661","|move|p2a: Zapdos|Thunderbolt|p1a: Suicune","|-supereffective|p1a: Suicune","|-damage|p1a: Suicune|137/401","|move|p1a: Suicune|Ice Beam|p2a: Zapdos","|-supereffective|p2a: Zapdos","|-damage|p2a: Zapdos|119/321","|","|-heal|p2a: Zapdos|139/321|[from] item: Leftovers","|-heal|p1a: Suicune|162/401|[from] item: Leftovers","|upkeep","|turn|9","||adding 10 for new turn","|","|t:|1753055663","|switch|p1a: Snorlax|Snorlax, M|497/497","|move|p2a: Zapdos|Thunderbolt|p1a: Snorlax","|-damage|p1a: Snorlax|358/497","|","|-heal|p2a: Zapdos|159/321|[from] item: Leftovers","|-heal|p1a: Snorlax|389/497|[from] item: Leftovers","|upkeep","|turn|10","||adding 10 for new turn","|","|t:|1753055666","|switch|p2a: Metagross|Metagross|271/333","|-damage|p2a: Metagross|230/333|[from] Spikes","|move|p1a: Snorlax|Return|p2a: Metagross","|-resisted|p2a: Metagross","|-damage|p2a: Metagross|170/333","|","|-heal|p1a: Snorlax|420/497|[from] item: Leftovers","|upkeep","|turn|11","||adding 10 for new turn","|","|t:|1753055667","|switch|p1a: Suicune|Suicune|162/401","|-ability|p1a: Suicune|Pressure|[silent]","|move|p2a: Metagross|Earthquake|p1a: Suicune","|-damage|p1a: Suicune|22/401","|","|-heal|p1a: Suicune|47/401|[from] item: Leftovers","|upkeep","|turn|12","||adding 10 for new turn","|","|t:|1753055669","|switch|p1a: Claydol|Claydol|324/324","|move|p2a: Metagross|Earthquake|p1a: Claydol","|-immune|p1a: Claydol","|","|upkeep","|turn|13","||adding 10 for new turn","|","|t:|1753055671","|switch|p2a: Charizard|Charizard, M|297/297","|move|p1a: Claydol|Psychic|p2a: Charizard","|-crit|p2a: Charizard","|-damage|p2a: Charizard|122/297","|","|-heal|p2a: Charizard|140/297|[from] item: Leftovers","|upkeep","|turn|14","||adding 10 for new turn","|","|t:|1753055673","|switch|p1a: Snorlax|Snorlax, M|420/497","|move|p2a: Charizard|Fire Blast|p1a: Snorlax","|-damage|p1a: Snorlax|254/497","|","|-heal|p2a: Charizard|158/297|[from] item: Leftovers","|-heal|p1a: Snorlax|285/497|[from] item: Leftovers","|upkeep","|turn|15","||adding 10 for new turn","|","|t:|1753055675","|switch|p2a: Metagross|Metagross|170/333","|-damage|p2a: Metagross|129/333|[from] Spikes","|move|p1a: Snorlax|Return|p2a: Metagross","|-resisted|p2a: Metagross","|-damage|p2a: Metagross|74/333","|","|-heal|p1a: Snorlax|316/497|[from] item: Leftovers","|upkeep","|turn|16","||adding 10 for new turn","|","|t:|1753055676","|switch|p1a: Suicune|Suicune|47/401","|-ability|p1a: Suicune|Pressure|[silent]","|move|p2a: Metagross|Meteor Mash|p1a: Suicune","|-resisted|p1a: Suicune","|-damage|p1a: Suicune|0 fnt","|faint|p1a: Suicune","||adding 5 to each for mid turn request","|","|t:|1753055678","|switch|p1a: Dugtrio|Dugtrio, M|235/235","|","|upkeep","|turn|17","||adding 10 for new turn","|","|t:|1753055679","|move|p1a: Dugtrio|Earthquake|p2a: Metagross","|-supereffective|p2a: Metagross","|-damage|p2a: Metagross|0 fnt","|faint|p2a: Metagross","||adding 5 to each for mid turn request","|","|t:|1753055681","|switch|p2a: Charizard|Charizard, M|158/297","|","|-heal|p2a: Charizard|176/297|[from] item: Leftovers","|upkeep","|turn|18","||adding 10 for new turn","|","|t:|1753055682","|-singleturn|p2a: Charizard|move: Focus Punch","|switch|p1a: Snorlax|Snorlax, M|316/497","|move|p2a: Charizard|Focus Punch|p1a: Snorlax","|-supereffective|p1a: Snorlax","|-damage|p1a: Snorlax|81/497","|","|-heal|p2a: Charizard|194/297|[from] item: Leftovers","|-heal|p1a: Snorlax|112/497|[from] item: Leftovers","|upkeep","|turn|19","||adding 10 for new turn","|","|t:|1753055684","|switch|p1a: Blissey|Blissey, F|714/714","|move|p2a: Charizard|Fire Blast|p1a: Blissey","|-damage|p1a: Blissey|558/714","|","|-heal|p2a: Charizard|212/297|[from] item: Leftovers","|-heal|p1a: Blissey|602/714|[from] item: Leftovers","|upkeep","|turn|20","||adding 10 for new turn","|","|t:|1753055686","|-singleturn|p2a: Charizard|move: Focus Punch","|move|p1a: Blissey|Thunder Wave|p2a: Charizard","|-status|p2a: Charizard|par","|move|p2a: Charizard|Focus Punch|p1a: Blissey","|-supereffective|p1a: Blissey","|-crit|p1a: Blissey","|-damage|p1a: Blissey|0 fnt","|faint|p1a: Blissey","||adding 5 to each for mid turn request","|","|t:|1753055687","|switch|p1a: Snorlax|Snorlax, M|112/497","|","|-heal|p1a: Snorlax|143/497|[from] item: Leftovers","|-heal|p2a: Charizard|230/297 par|[from] item: Leftovers","|upkeep","|turn|21","||adding 10 for new turn","|","|t:|1753055689","|move|p1a: Snorlax|Return|p2a: Charizard","|-damage|p2a: Charizard|51/297 par","|move|p2a: Charizard|Fire Blast|p1a: Snorlax","|-damage|p1a: Snorlax|0 fnt","|faint|p1a: Snorlax","||adding 5 to each for mid turn request","|","|t:|1753055690","|switch|p1a: Claydol|Claydol|324/324","|","|-heal|p2a: Charizard|69/297 par|[from] item: Leftovers","|upkeep","|turn|22","||adding 10 for new turn","|","|t:|1753055692","|switch|p2a: Swampert|Swampert, M|401/401","|-damage|p2a: Swampert|351/401|[from] Spikes","|move|p1a: Claydol|Psychic|p2a: Swampert","|-damage|p2a: Swampert|264/401","|-unboost|p2a: Swampert|spd|1","|","|-heal|p2a: Swampert|289/401|[from] item: Leftovers","|upkeep","|turn|23","||adding 10 for new turn","|","|t:|1753055694","|move|p1a: Claydol|Psychic|p2a: Swampert","|-damage|p2a: Swampert|163/401","|move|p2a: Swampert|Hydro Pump|p1a: Claydol","|-supereffective|p1a: Claydol","|-damage|p1a: Claydol|22/324","|","|-heal|p1a: Claydol|42/324|[from] item: Leftovers","|-heal|p2a: Swampert|188/401|[from] item: Leftovers","|upkeep","|turn|24","||adding 10 for new turn","|","|t:|1753055696","|move|p1a: Claydol|Psychic|p2a: Swampert","|-damage|p2a: Swampert|46/401","|-unboost|p2a: Swampert|spd|1","|move|p2a: Swampert|Ice Beam|p1a: Claydol","|-supereffective|p1a: Claydol","|-damage|p1a: Claydol|0 fnt","|faint|p1a: Claydol","||adding 5 to each for mid turn request","|","|t:|1753055697","|switch|p1a: Dugtrio|Dugtrio, M|235/235","|","|-heal|p2a: Swampert|71/401|[from] item: Leftovers","|upkeep","|turn|25","||adding 10 for new turn","|","|t:|1753055699","|move|p1a: Dugtrio|Aerial Ace|p2a: Swampert","|-damage|p2a: Swampert|0 fnt","|faint|p2a: Swampert","||adding 5 to each for mid turn request","|","|t:|1753055700","|switch|p2a: Zapdos|Zapdos|159/321","|-ability|p2a: Zapdos|Pressure|[silent]","|","|-heal|p2a: Zapdos|179/321|[from] item: Leftovers","|upkeep","|turn|26","||adding 10 for new turn","|","|t:|1753055702","|switch|p1a: Forretress|Forretress, M|174/354","|move|p2a: Zapdos|Hidden Power|p1a: Forretress","|-resisted|p1a: Forretress","|-damage|p1a: Forretress|152/354","|","|-heal|p2a: Zapdos|199/321|[from] item: Leftovers","|-heal|p1a: Forretress|174/354|[from] item: Leftovers","|upkeep","|turn|27","||adding 10 for new turn","|","|t:|1753055703","|switch|p1a: Dugtrio|Dugtrio, M|235/235","|move|p2a: Zapdos|Thunderbolt|p1a: Dugtrio","|-immune|p1a: Dugtrio","|","|-heal|p2a: Zapdos|219/321|[from] item: Leftovers","|upkeep","|turn|28","||adding 10 for new turn","|","|t:|1753055705","|switch|p1a: Forretress|Forretress, M|174/354","|move|p2a: Zapdos|Hidden Power|p1a: Forretress","|-resisted|p1a: Forretress","|-damage|p1a: Forretress|152/354","|","|-heal|p2a: Zapdos|239/321|[from] item: Leftovers","|-heal|p1a: Forretress|174/354|[from] item: Leftovers","|upkeep","|turn|29","||adding 10 for new turn","|","|t:|1753055706","|switch|p1a: Dugtrio|Dugtrio, M|235/235","|move|p2a: Zapdos|Thunderbolt|p1a: Dugtrio","|-immune|p1a: Dugtrio","|","|-heal|p2a: Zapdos|259/321|[from] item: Leftovers","|upkeep","|turn|30","||adding 10 for new turn","|","|t:|1753055708","|switch|p1a: Forretress|Forretress, M|174/354","|move|p2a: Zapdos|Hidden Power|p1a: Forretress","|-resisted|p1a: Forretress","|-damage|p1a: Forretress|153/354","|","|-heal|p2a: Zapdos|279/321|[from] item: Leftovers","|-heal|p1a: Forretress|175/354|[from] item: Leftovers","|upkeep","|turn|31","||adding 10 for new turn","|","|t:|1753055709","|switch|p1a: Dugtrio|Dugtrio, M|235/235","|move|p2a: Zapdos|Thunderbolt|p1a: Dugtrio","|-immune|p1a: Dugtrio","|","|-heal|p2a: Zapdos|299/321|[from] item: Leftovers","|upkeep","|turn|32","||adding 10 for new turn","|","|t:|1753055711","|switch|p1a: Forretress|Forretress, M|175/354","|move|p2a: Zapdos|Hidden Power|p1a: Forretress","|-resisted|p1a: Forretress","|-damage|p1a: Forretress|154/354","|","|-heal|p2a: Zapdos|319/321|[from] item: Leftovers","|-heal|p1a: Forretress|176/354|[from] item: Leftovers","|upkeep","|turn|33","||adding 10 for new turn","|","|t:|1753055712","|switch|p1a: Dugtrio|Dugtrio, M|235/235","|move|p2a: Zapdos|Thunderbolt|p1a: Dugtrio","|-immune|p1a: Dugtrio","|","|-heal|p2a: Zapdos|321/321|[from] item: Leftovers","|upkeep","|turn|34","||adding 10 for new turn","|","|t:|1753055713","|switch|p1a: Forretress|Forretress, M|176/354","|move|p2a: Zapdos|Hidden Power|p1a: Forretress","|-resisted|p1a: Forretress","|-damage|p1a: Forretress|157/354","|","|-heal|p1a: Forretress|179/354|[from] item: Leftovers","|upkeep","|turn|35","||adding 10 for new turn","|","|t:|1753055715","|switch|p1a: Dugtrio|Dugtrio, M|235/235","|move|p2a: Zapdos|Thunderbolt|p1a: Dugtrio","|-immune|p1a: Dugtrio","|","|upkeep","|turn|36","||adding 10 for new turn","|","|t:|1753055716","|switch|p1a: Forretress|Forretress, M|179/354","|move|p2a: Zapdos|Hidden Power|p1a: Forretress","|-resisted|p1a: Forretress","|-damage|p1a: Forretress|159/354","|","|-heal|p1a: Forretress|181/354|[from] item: Leftovers","|upkeep","|turn|37","||adding 10 for new turn","|","|t:|1753055718","|switch|p1a: Dugtrio|Dugtrio, M|235/235","|move|p2a: Zapdos|Thunderbolt|p1a: Dugtrio","|-immune|p1a: Dugtrio","|","|upkeep","|turn|38","||adding 10 for new turn","|","|t:|1753055719","|switch|p1a: Forretress|Forretress, M|181/354","|move|p2a: Zapdos|Hidden Power|p1a: Forretress","|-resisted|p1a: Forretress","|-crit|p1a: Forretress","|-damage|p1a: Forretress|140/354","|","|-heal|p1a: Forretress|162/354|[from] item: Leftovers","|upkeep","|turn|39","||adding 10 for new turn","|","|t:|1753055720","|switch|p1a: Dugtrio|Dugtrio, M|235/235","|move|p2a: Zapdos|Thunderbolt|p1a: Dugtrio","|-immune|p1a: Dugtrio","|","|upkeep","|turn|40","||adding 10 for new turn","|","|t:|1753055722","|switch|p1a: Forretress|Forretress, M|162/354","|move|p2a: Zapdos|Hidden Power|p1a: Forretress","|-resisted|p1a: Forretress","|-damage|p1a: Forretress|142/354","|","|-heal|p1a: Forretress|164/354|[from] item: Leftovers","|upkeep","|turn|41","||adding 10 for new turn","|","|t:|1753055723","|switch|p1a: Dugtrio|Dugtrio, M|235/235","|move|p2a: Zapdos|Thunderbolt|p1a: Dugtrio","|-immune|p1a: Dugtrio","|","|upkeep","|turn|42","||adding 10 for new turn","|","|t:|1753055724","|switch|p1a: Forretress|Forretress, M|164/354","|move|p2a: Zapdos|Hidden Power|p1a: Forretress","|-resisted|p1a: Forretress","|-damage|p1a: Forretress|144/354","|","|-heal|p1a: Forretress|166/354|[from] item: Leftovers","|upkeep","|turn|43","||adding 10 for new turn","|","|t:|1753055726","|switch|p1a: Dugtrio|Dugtrio, M|235/235","|move|p2a: Zapdos|Thunderbolt|p1a: Dugtrio","|-immune|p1a: Dugtrio","|","|upkeep","|turn|44","||adding 10 for new turn","|","|t:|1753055727","|switch|p1a: Forretress|Forretress, M|166/354","|move|p2a: Zapdos|Hidden Power|p1a: Forretress","|-resisted|p1a: Forretress","|-damage|p1a: Forretress|144/354","|","|-heal|p1a: Forretress|166/354|[from] item: Leftovers","|upkeep","|turn|45","||adding 10 for new turn","|","|t:|1753055729","|switch|p1a: Dugtrio|Dugtrio, M|235/235","|move|p2a: Zapdos|Thunderbolt|p1a: Dugtrio","|-immune|p1a: Dugtrio","|","|upkeep","|turn|46","||adding 10 for new turn","|","|t:|1753055730","|switch|p1a: Forretress|Forretress, M|166/354","|move|p2a: Zapdos|Hidden Power|p1a: Forretress","|-resisted|p1a: Forretress","|-damage|p1a: Forretress|147/354","|","|-heal|p1a: Forretress|169/354|[from] item: Leftovers","|upkeep","|turn|47","||adding 10 for new turn","|","|t:|1753055732","|switch|p1a: Dugtrio|Dugtrio, M|235/235","|move|p2a: Zapdos|Thunderbolt|p1a: Dugtrio","|-immune|p1a: Dugtrio","|","|upkeep","|turn|48","||adding 10 for new turn","|","|t:|1753055733","|switch|p1a: Forretress|Forretress, M|169/354","|move|p2a: Zapdos|Hidden Power|p1a: Forretress","|-resisted|p1a: Forretress","|-damage|p1a: Forretress|147/354","|","|-heal|p1a: Forretress|169/354|[from] item: Leftovers","|upkeep","|turn|49","||adding 10 for new turn","|","|t:|1753055735","|switch|p1a: Dugtrio|Dugtrio, M|235/235","|move|p2a: Zapdos|Thunderbolt|p1a: Dugtrio","|-immune|p1a: Dugtrio","|","|upkeep","|turn|50","||adding 10 for new turn","|","|t:|1753055736","|switch|p1a: Forretress|Forretress, M|169/354","|move|p2a: Zapdos|Hidden Power|p1a: Forretress","|-resisted|p1a: Forretress","|-damage|p1a: Forretress|148/354","|","|-heal|p1a: Forretress|170/354|[from] item: Leftovers","|upkeep","|turn|51","||adding 10 for new turn","|","|t:|1753055737","|switch|p1a: Dugtrio|Dugtrio, M|235/235","|move|p2a: Zapdos|Thunderbolt|p1a: Dugtrio","|-immune|p1a: Dugtrio","|","|upkeep","|turn|52","||adding 10 for new turn","|","|t:|1753055739","|switch|p1a: Forretress|Forretress, M|170/354","|move|p2a: Zapdos|Hidden Power|p1a: Forretress","|-resisted|p1a: Forretress","|-damage|p1a: Forretress|147/354","|","|-heal|p1a: Forretress|169/354|[from] item: Leftovers","|upkeep","|turn|53","||adding 10 for new turn","|","|t:|1753055740","|switch|p1a: Dugtrio|Dugtrio, M|235/235","|move|p2a: Zapdos|Thunderbolt|p1a: Dugtrio","|-immune|p1a: Dugtrio","|","|upkeep","|turn|54","||adding 10 for new turn","|","|t:|1753055741","|switch|p1a: Forretress|Forretress, M|169/354","|move|p2a: Zapdos|Hidden Power|p1a: Forretress","|-resisted|p1a: Forretress","|-damage|p1a: Forretress|149/354","|","|-heal|p1a: Forretress|171/354|[from] item: Leftovers","|upkeep","|turn|55","||adding 10 for new turn","|","|t:|1753055743","|switch|p1a: Dugtrio|Dugtrio, M|235/235","|move|p2a: Zapdos|Thunderbolt|p1a: Dugtrio","|-immune|p1a: Dugtrio","|","|upkeep","|turn|56","||adding 10 for new turn","|","|t:|1753055744","|switch|p1a: Forretress|Forretress, M|171/354","|move|p2a: Zapdos|Hidden Power|p1a: Forretress","|-resisted|p1a: Forretress","|-damage|p1a: Forretress|152/354","|","|-heal|p1a: Forretress|174/354|[from] item: Leftovers","|upkeep","|turn|57","||adding 10 for new turn","|","|t:|1753055746","|switch|p1a: Dugtrio|Dugtrio, M|235/235","|move|p2a: Zapdos|Thunderbolt|p1a: Dugtrio","|-immune|p1a: Dugtrio","|","|upkeep","|turn|58","||adding 10 for new turn","|","|t:|1753055747","|switch|p1a: Forretress|Forretress, M|174/354","|move|p2a: Zapdos|Hidden Power|p1a: Forretress","|-resisted|p1a: Forretress","|-damage|p1a: Forretress|154/354","|","|-heal|p1a: Forretress|176/354|[from] item: Leftovers","|upkeep","|turn|59","||adding 10 for new turn","|","|t:|1753055749","|switch|p1a: Dugtrio|Dugtrio, M|235/235","|move|p2a: Zapdos|Thunderbolt|p1a: Dugtrio","|-immune|p1a: Dugtrio","|","|upkeep","|turn|60","||adding 10 for new turn","|","|t:|1753055750","|switch|p1a: Forretress|Forretress, M|176/354","|move|p2a: Zapdos|Hidden Power|p1a: Forretress","|-resisted|p1a: Forretress","|-damage|p1a: Forretress|156/354","|","|-heal|p1a: Forretress|178/354|[from] item: Leftovers","|upkeep","|turn|61","||adding 10 for new turn","|","|t:|1753055752","|switch|p1a: Dugtrio|Dugtrio, M|235/235","|move|p2a: Zapdos|Thunderbolt|p1a: Dugtrio","|-immune|p1a: Dugtrio","|","|upkeep","|turn|62","||adding 10 for new turn","|","|t:|1753055753","|switch|p1a: Forretress|Forretress, M|178/354","|move|p2a: Zapdos|Hidden Power|p1a: Forretress","|-resisted|p1a: Forretress","|-crit|p1a: Forretress","|-damage|p1a: Forretress|132/354","|","|-heal|p1a: Forretress|154/354|[from] item: Leftovers","|upkeep","|turn|63","||adding 10 for new turn","|","|t:|1753055755","|switch|p1a: Dugtrio|Dugtrio, M|235/235","|move|p2a: Zapdos|Thunderbolt|p1a: Dugtrio","|-immune|p1a: Dugtrio","|","|upkeep","|turn|64","||adding 10 for new turn","|","|t:|1753055756","|switch|p1a: Forretress|Forretress, M|154/354","|move|p2a: Zapdos|Hidden Power|p1a: Forretress","|-resisted|p1a: Forretress","|-damage|p1a: Forretress|134/354","|","|-heal|p1a: Forretress|156/354|[from] item: Leftovers","|upkeep","|turn|65","||adding 10 for new turn","|","|t:|1753055757","|switch|p1a: Dugtrio|Dugtrio, M|235/235","|move|p2a: Zapdos|Thunderbolt|p1a: Dugtrio","|-immune|p1a: Dugtrio","|","|upkeep","|turn|66","||adding 10 for new turn","|","|t:|1753055759","|switch|p1a: Forretress|Forretress, M|156/354","|move|p2a: Zapdos|Hidden Power|p1a: Forretress","|-resisted|p1a: Forretress","|-damage|p1a: Forretress|135/354","|","|-heal|p1a: Forretress|157/354|[from] item: Leftovers","|upkeep","|turn|67","||adding 10 for new turn","|","|t:|1753055760","|switch|p1a: Dugtrio|Dugtrio, M|235/235","|move|p2a: Zapdos|Hidden Power|p1a: Dugtrio","|-supereffective|p1a: Dugtrio","|-damage|p1a: Dugtrio|7/235","|","|upkeep","|turn|68","||adding 10 for new turn","|","|t:|1753055762","|switch|p1a: Forretress|Forretress, M|157/354","|move|p2a: Zapdos|Hidden Power|p1a: Forretress","|-resisted|p1a: Forretress","|-damage|p1a: Forretress|136/354","|","|-heal|p1a: Forretress|158/354|[from] item: Leftovers","|upkeep","|turn|69","||adding 10 for new turn","|","|t:|1753055763","|switch|p2a: Gengar|Gengar, F|263/263","|switch|p1a: Dugtrio|Dugtrio, M|7/235","|","|upkeep","|turn|70","||adding 10 for new turn","|","|t:|1753055764","|switch|p1a: Forretress|Forretress, M|158/354","|move|p2a: Gengar|Ice Punch|p1a: Forretress","|-resisted|p1a: Forretress","|-crit|p1a: Forretress","|-damage|p1a: Forretress|83/354","|","|-heal|p1a: Forretress|105/354|[from] item: Leftovers","|upkeep","|turn|71","||adding 10 for new turn","|","|t:|1753055766","|move|p2a: Gengar|Thunderbolt|p1a: Forretress","|-damage|p1a: Forretress|6/354","|move|p1a: Forretress|Zap Cannon|p2a: Gengar|[miss]","|-miss|p1a: Forretress|p2a: Gengar","|","|-heal|p1a: Forretress|28/354|[from] item: Leftovers","|upkeep","|turn|72","||adding 10 for new turn","|","|t:|1753055768","|move|p2a: Gengar|Ice Punch|p1a: Forretress","|-resisted|p1a: Forretress","|-damage|p1a: Forretress|0 fnt","|faint|p1a: Forretress","||adding 5 to each for mid turn request","|","|t:|1753055769","|switch|p1a: Dugtrio|Dugtrio, M|7/235","|","|upkeep","|turn|73","||adding 10 for new turn","|","|t:|1753055771","|move|p2a: Gengar|Ice Punch|p1a: Dugtrio","|-supereffective|p1a: Dugtrio","|-damage|p1a: Dugtrio|0 fnt","|faint|p1a: Dugtrio","|","|win|foultestacceptor1",""],"p1rating":null,"p2rating":null,"endType":"normal","ladderError":true,"timestamp":"Sun Jul 20 2025 16:56:11 GMT-0700 (アメリカ太平洋夏時間)","roomid":"battle-gen3ou-1063","format":"gen3ou"}