{"winner":"foultestacceptor1","seed":"sodium,14fbb1290c056e9ef78524e5099168cb","turns":31,"p1":"foultestchallenge1","p2":"foultestacceptor1","p1team":[{"name":"Tyranitar","species":"Tyranitar","item":"Leftovers","ability":"Sand Stream","moves":["Rock Slide","Earthquake","Hidden Power Bug","Roar"],"nature":"Adamant","evs":{"hp":184,"atk":196,"def":120,"spa":0,"spd":0,"spe":8},"gender":"F","ivs":{"hp":31,"atk":30,"def":30,"spa":31,"spd":30,"spe":31},"happiness":255,"hpType":"Bug","pokeball":"","gigantamax":false,"dynamaxLevel":10,"teraType":"","level":100},{"name":"Milotic","species":"Milotic","item":"Leftovers","ability":"Marvel Scale","moves":["Surf","Toxic","Recover","Refresh"],"nature":"Bold","evs":{"hp":248,"atk":0,"def":212,"spa":0,"spd":0,"spe":48},"gender":"F","ivs":{"hp":31,"atk":0,"def":31,"spa":31,"spd":31,"spe":31},"level":100},{"name":"Blissey","species":"Blissey","item":"Leftovers","ability":"Natural Cure","moves":["Seismic Toss","Ice Beam","Thunder Wave","Soft-Boiled"],"nature":"Bold","evs":{"hp":40,"atk":0,"def":244,"spa":208,"spd":0,"spe":16},"gender":"F","level":100,"ivs":{"hp":31,"atk":31,"def":31,"spa":31,"spd":31,"spe":31}},{"name":"Skarmory","species":"Skarmory","item":"Leftovers","ability":"Keen Eye","moves":["Drill Peck","Toxic","Spikes","Roar"],"nature":"Careful","evs":{"hp":248,"atk":0,"def":0,"spa":0,"spd":236,"spe":24},"gender":"M","level":100,"ivs":{"hp":31,"atk":31,"def":31,"spa":31,"spd":31,"spe":31}},{"name":"Claydol","species":"Claydol","item":"Leftovers","ability":"Levitate","moves":["Earthquake","Psychic","Refresh","Rapid Spin"],"nature":"Adamant","evs":{"hp":224,"atk":228,"def":0,"spa":36,"spd":0,"spe":20},"gender":"N","level":100,"ivs":{"hp":31,"atk":31,"def":31,"spa":31,"spd":31,"spe":31}},{"name":"Dugtrio","species":"Dugtrio","item":"Choice Band","ability":"Arena Trap","moves":["Earthquake","Aerial Ace","Hidden Power Bug","Screech"],"nature":"Jolly","evs":{"hp":0,"atk":252,"def":0,"spa":0,"spd":4,"spe":252},"gender":"M","ivs":{"hp":31,"atk":30,"def":30,"spa":31,"spd":30,"spe":31},"happiness":255,"hpType":"Bug","pokeball":"","gigantamax":false,"dynamaxLevel":10,"teraType":"","level":100}],"p2team":[{"name":"Skarmory","species":"Skarmory","item":"Leftovers","ability":"Keen Eye","moves":["Spikes","Roar","Toxic","Protect"],"nature":"Careful","evs":{"hp":252,"atk":0,"def":0,"spa":0,"spd":252,"spe":4},"gender":"M","ivs":{"hp":31,"atk":0,"def":31,"spa":31,"spd":31,"spe":31},"level":100},{"name":"Jolteon","species":"Jolteon","item":"Leftovers","ability":"Volt Absorb","moves":["Thunderbolt","Thunder Wave","Hidden Power Grass","Baton Pass"],"nature":"Timid","evs":{"hp":4,"atk":0,"def":0,"spa":252,"spd":0,"spe":252},"gender":"F","ivs":{"hp":31,"atk":2,"def":31,"spa":30,"spd":31,"spe":31},"happiness":255,"hpType":"Grass","pokeball":"","gigantamax":false,"dynamaxLevel":10,"teraType":"","level":100},{"name":"Tyranitar","species":"Tyranitar","item":"Leftovers","ability":"Sand Stream","moves":["Focus Punch","Earthquake","Hidden Power Bug","Rock Slide"],"nature":"Adamant","evs":{"hp":252,"atk":252,"def":4,"spa":0,"spd":0,"spe":0},"gender":"F","ivs":{"hp":31,"atk":31,"def":31,"spa":31,"spd":30,"spe":30},"happiness":255,"hpType":"Bug","pokeball":"","gigantamax":false,"dynamaxLevel":10,"teraType":"","level":100},{"name":"Gengar","species":"Gengar","item":"Leftovers","ability":"Levitate","moves":["Ice Punch","Fire Punch","Hidden Power Grass","Explosion"],"nature":"Hasty","evs":{"hp":40,"atk":0,"def":0,"spa":252,"spd":0,"spe":216},"gender":"M","ivs":{"hp":31,"atk":30,"def":31,"spa":30,"spd":31,"spe":31},"happiness":255,"hpType":"Grass","pokeball":"","gigantamax":false,"dynamaxLevel":10,"teraType":"","level":100},{"name":"Metagross","species":"Metagross","item":"Choice Band","ability":"Clear Body","moves":["Meteor Mash","Earthquake","Rock Slide","Explosion"],"nature":"Adamant","evs":{"hp":68,"atk":252,"def":0,"spa":0,"spd":0,"spe":188},"gender":"N","level":100,"ivs":{"hp":31,"atk":31,"def":31,"spa":31,"spd":31,"spe":31}},{"name":"Starmie","species":"Starmie","item":"Leftovers","ability":"Natural Cure","moves":["Hydro Pump","Thunderbolt","Ice Beam","Psychic"],"nature":"Timid","evs":{"hp":4,"atk":0,"def":0,"spa":252,"spd":0,"spe":252},"gender":"N","ivs":{"hp":31,"atk":0,"def":31,"spa":31,"spd":31,"spe":31},"level":100}],"score":[0,2],"inputLog":[">version 372d05e49c92a79eecdf6c8dddb208bd1765c00f",">start {\"formatid\":\"gen3ou\",\"seed\":\"sodium,14fbb1290c056e9ef78524e5099168cb\"}",">player p1 {\"name\":\"foultestchallenge1\",\"avatar\":\"169\",\"team\":\"Tyranitar||Leftovers|SandStream|RockSlide,Earthquake,HiddenPowerBug,Roar|Adamant|184,196,120,,,8|F|,30,30,,30,|||,Bug,,,,]Milotic||Leftovers|MarvelScale|Surf,Toxic,Recover,Refresh|Bold|248,,212,,,48|F|,0,,,,|||]Blissey||Leftovers|NaturalCure|SeismicToss,IceBeam,ThunderWave,SoftBoiled|Bold|40,,244,208,,16|F||||]Skarmory||Leftovers|KeenEye|DrillPeck,Toxic,Spikes,Roar|Careful|248,,,,236,24|M||||]Claydol||Leftovers|Levitate|Earthquake,Psychic,Refresh,RapidSpin|Adamant|224,228,,36,,20|N||||]Dugtrio||ChoiceBand|ArenaTrap|Earthquake,AerialAce,HiddenPowerBug,Screech|Jolly|,252,,,4,252|M|,30,30,,30,|||,Bug,,,,\",\"rating\":0}",">player p2 {\"name\":\"foultestacceptor1\",\"avatar\":\"102\",\"team\":\"Skarmory||Leftovers|KeenEye|Spikes,Roar,Toxic,Protect|Careful|252,,,,252,4|M|,0,,,,|||]Jolteon||Leftovers|VoltAbsorb|Thunderbolt,ThunderWave,HiddenPowerGrass,BatonPass|Timid|4,,,252,,252|F|,2,,30,,|||,Grass,,,,]Tyranitar||Leftovers|SandStream|FocusPunch,Earthquake,HiddenPowerBug,RockSlide|Adamant|252,252,4,,,|F|,,,,30,30|||,Bug,,,,]Gengar||Leftovers|Levitate|IcePunch,FirePunch,HiddenPowerGrass,Explosion|Hasty|40,,,252,,216|M|,30,,30,,|||,Grass,,,,]Metagross||ChoiceBand|ClearBody|MeteorMash,Earthquake,RockSlide,Explosion|Adamant|68,252,,,,188|N||||]Starmie||Leftovers|NaturalCure|HydroPump,Thunderbolt,IceBeam,Psychic|Timid|4,,,252,,252|N|,0,,,,|||\",\"rating\":0}",">p1 move rockslide",">p2 move spikes",">p1 move rockslide",">p2 move toxic",">p1 move rockslide",">p2 move spikes",">p1 move rockslide",">p2 move spikes",">p2 switch 5",">p1 switch 4",">p2 move meteormash",">p1 move roar",">p2 move meteormash",">p1 move spikes",">p2 move firepunch",">p1 switch 2",">p1 move recover",">p2 switch 6",">p1 move surf",">p2 move thunderbolt",">p1 move recover",">p2 move thunderbolt",">p1 move recover",">p2 move thunderbolt",">p1 move recover",">p2 move thunderbolt",">p1 move surf",">p2 move thunderbolt",">p1 move recover",">p2 move thunderbolt",">p1 move recover",">p2 move thunderbolt",">p1 move recover",">p2 move psychic",">p1 switch 6",">p1 move earthquake",">p2 move icebeam",">p2 switch 6",">p1 switch 3",">p2 move icepunch",">p1 move thunderwave",">p2 switch 4",">p1 move seismictoss",">p2 move meteormash",">p1 switch 5",">p1 move rapidspin",">p2 move meteormash",">p1 move earthquake",">p2 move meteormash",">p2 switch 4",">p1 move psychic",">p2 switch 3",">p1 move earthquake",">p2 move hiddenpower",">p1 move earthquake",">p2 switch 3",">p1 move psychic",">p2 move hiddenpower",">p1 switch 4",">p2 move hiddenpower",">p1 move roar",">p2 move hiddenpower",">p1 switch 3",">p1 switch 4",">p2 move icepunch",">p1 switch 4",">p1 move aerialace",">p2 move explosion",">p2 switch 3",">p1 move aerialace",">p2 move earthquake"],"log":["|j|☆foultestchallenge1","|j|☆foultestacceptor1","|t:|1753075141","|gametype|singles","|player|p1|foultestchallenge1|169|","|player|p2|foultestacceptor1|102|","|teamsize|p1|6","|teamsize|p2|6","|gen|3","|tier|[Gen 3] OU","|rule|Sleep Clause Mod: Limit one foe put to sleep","|rule|Switch Priority Clause Mod: Faster Pokémon switch first","|rule|Species Clause: Limit one of each Pokémon","|rule|OHKO Clause: OHKO moves are banned","|rule|Evasion Items Clause: Evasion items are banned","|rule|Evasion Moves Clause: Evasion moves are banned","|rule|Endless Battle Clause: Forcing endless battles is banned","|rule|HP Percentage Mod: HP is shown in percentages","|rule|One Boost Passer Clause: Limit one Baton Passer that has a way to boost its stats","|rule|Freeze Clause Mod: Limit one foe frozen","|","|t:|1753075141","|start","|switch|p1a: Tyranitar|Tyranitar, F|387/387","|switch|p2a: Skarmory|Skarmory, M|334/334","|-weather|Sandstorm|[from] ability: Sand Stream|[of] p1a: Tyranitar","|turn|1","|inactive|Battle timer is ON: inactive players will automatically lose when time's up. (requested by foultestchallenge1)","|inactive|foultestacceptor1 also wants the timer to be on.","|","|t:|1753075149","|move|p2a: Skarmory|Spikes|p1a: Tyranitar","|-sidestart|p1: foultestchallenge1|Spikes","|move|p1a: Tyranitar|Rock Slide|p2a: Skarmory","|-damage|p2a: Skarmory|234/334","|","|-weather|Sandstorm|[upkeep]","|-heal|p2a: Skarmory|254/334|[from] item: Leftovers","|upkeep","|turn|2","||adding 10 for new turn","|","|t:|1753075158","|move|p2a: Skarmory|Toxic|p1a: Tyranitar","|-status|p1a: Tyranitar|tox","|move|p1a: Tyranitar|Rock Slide|p2a: Skarmory","|-damage|p2a: Skarmory|148/334","|","|-weather|Sandstorm|[upkeep]","|-heal|p2a: Skarmory|168/334|[from] item: Leftovers","|-damage|p1a: Tyranitar|363/387 tox|[from] psn","|upkeep","|turn|3","||adding 10 for new turn","|","|t:|1753075166","|move|p2a: Skarmory|Spikes|p1a: Tyranitar","|-sidestart|p1: foultestchallenge1|Spikes","|move|p1a: Tyranitar|Rock Slide|p2a: Skarmory","|-damage|p2a: Skarmory|67/334","|","|-weather|Sandstorm|[upkeep]","|-heal|p2a: Skarmory|87/334|[from] item: Leftovers","|-heal|p1a: Tyranitar|387/387 tox|[from] item: Leftovers","|-damage|p1a: Tyranitar|339/387 tox|[from] psn","|upkeep","|turn|4","||adding 10 for new turn","|","|t:|1753075175","|move|p2a: Skarmory|Spikes|p1a: Tyranitar","|-sidestart|p1: foultestchallenge1|Spikes","|move|p1a: Tyranitar|Rock Slide|p2a: Skarmory","|-damage|p2a: Skarmory|0 fnt","|faint|p2a: Skarmory","||adding 5 to each for mid turn request","|","|t:|1753075182","|switch|p2a: Metagross|Metagross|318/318","|","|-weather|Sandstorm|[upkeep]","|-heal|p1a: Tyranitar|363/387 tox|[from] item: Leftovers","|-damage|p1a: Tyranitar|291/387 tox|[from] psn","|upkeep","|turn|5","||adding 10 for new turn","|","|t:|1753075190","|switch|p1a: Skarmory|Skarmory, M|333/333","|move|p2a: Metagross|Meteor Mash|p1a: Skarmory","|-resisted|p1a: Skarmory","|-damage|p1a: Skarmory|229/333","|-boost|p2a: Metagross|atk|1","|","|-weather|Sandstorm|[upkeep]","|-heal|p1a: Skarmory|249/333|[from] item: Leftovers","|upkeep","|turn|6","||adding 10 for new turn","|","|t:|1753075199","|move|p2a: Metagross|Meteor Mash|p1a: Skarmory","|-resisted|p1a: Skarmory","|-damage|p1a: Skarmory|91/333","|move|p1a: Skarmory|Roar|p2a: Metagross","|drag|p2a: Gengar|Gengar, M|271/271","|","|-weather|Sandstorm|[upkeep]","|-damage|p2a: Gengar|255/271|[from] Sandstorm","|-heal|p2a: Gengar|271/271|[from] item: Leftovers","|-heal|p1a: Skarmory|111/333|[from] item: Leftovers","|upkeep","|turn|7","||adding 10 for new turn","|","|t:|1753075207","|move|p2a: Gengar|Fire Punch|p1a: Skarmory","|-supereffective|p1a: Skarmory","|-damage|p1a: Skarmory|0 fnt","|faint|p1a: Skarmory","||adding 5 to each for mid turn request","|","|t:|1753075215","|switch|p1a: Milotic|Milotic, F|393/393","|-damage|p1a: Milotic|295/393|[from] Spikes","|","|-weather|Sandstorm|[upkeep]","|-damage|p2a: Gengar|255/271|[from] Sandstorm","|-damage|p1a: Milotic|271/393|[from] Sandstorm","|-heal|p2a: Gengar|271/271|[from] item: Leftovers","|-heal|p1a: Milotic|295/393|[from] item: Leftovers","|upkeep","|turn|8","||adding 10 for new turn","|","|t:|1753075223","|switch|p2a: Starmie|Starmie|262/262","|move|p1a: Milotic|Recover|p1a: Milotic","|-heal|p1a: Milotic|393/393","|","|-weather|Sandstorm|[upkeep]","|-damage|p2a: Starmie|246/262|[from] Sandstorm","|-damage|p1a: Milotic|369/393|[from] Sandstorm","|-heal|p2a: Starmie|262/262|[from] item: Leftovers","|-heal|p1a: Milotic|393/393|[from] item: Leftovers","|upkeep","|turn|9","||adding 10 for new turn","|","|t:|1753075230","|move|p2a: Starmie|Thunderbolt|p1a: Milotic","|-supereffective|p1a: Milotic","|-damage|p1a: Milotic|229/393","|move|p1a: Milotic|Surf|p2a: Starmie","|-resisted|p2a: Starmie","|-damage|p2a: Starmie|196/262","|","|-weather|Sandstorm|[upkeep]","|-damage|p2a: Starmie|180/262|[from] Sandstorm","|-damage|p1a: Milotic|205/393|[from] Sandstorm","|-heal|p2a: Starmie|196/262|[from] item: Leftovers","|-heal|p1a: Milotic|229/393|[from] item: Leftovers","|upkeep","|turn|10","||adding 10 for new turn","|","|t:|1753075239","|move|p2a: Starmie|Thunderbolt|p1a: Milotic","|-supereffective|p1a: Milotic","|-damage|p1a: Milotic|85/393","|move|p1a: Milotic|Recover|p1a: Milotic","|-heal|p1a: Milotic|281/393","|","|-weather|Sandstorm|[upkeep]","|-damage|p2a: Starmie|180/262|[from] Sandstorm","|-damage|p1a: Milotic|257/393|[from] Sandstorm","|-heal|p2a: Starmie|196/262|[from] item: Leftovers","|-heal|p1a: Milotic|281/393|[from] item: Leftovers","|upkeep","|turn|11","||adding 10 for new turn","|","|t:|1753075247","|move|p2a: Starmie|Thunderbolt|p1a: Milotic","|-supereffective|p1a: Milotic","|-damage|p1a: Milotic|111/393","|move|p1a: Milotic|Recover|p1a: Milotic","|-heal|p1a: Milotic|307/393","|","|-weather|Sandstorm|[upkeep]","|-damage|p2a: Starmie|180/262|[from] Sandstorm","|-damage|p1a: Milotic|283/393|[from] Sandstorm","|-heal|p2a: Starmie|196/262|[from] item: Leftovers","|-heal|p1a: Milotic|307/393|[from] item: Leftovers","|upkeep","|turn|12","||adding 10 for new turn","|","|t:|1753075255","|move|p2a: Starmie|Thunderbolt|p1a: Milotic","|-supereffective|p1a: Milotic","|-damage|p1a: Milotic|156/393","|move|p1a: Milotic|Recover|p1a: Milotic","|-heal|p1a: Milotic|352/393","|","|-weather|Sandstorm|[upkeep]","|-damage|p2a: Starmie|180/262|[from] Sandstorm","|-damage|p1a: Milotic|328/393|[from] Sandstorm","|-heal|p2a: Starmie|196/262|[from] item: Leftovers","|-heal|p1a: Milotic|352/393|[from] item: Leftovers","|upkeep","|turn|13","||adding 10 for new turn","|","|t:|1753075263","|move|p2a: Starmie|Thunderbolt|p1a: Milotic","|-supereffective|p1a: Milotic","|-damage|p1a: Milotic|205/393","|move|p1a: Milotic|Surf|p2a: Starmie","|-resisted|p2a: Starmie","|-damage|p2a: Starmie|134/262","|","|-weather|Sandstorm|[upkeep]","|-damage|p2a: Starmie|118/262|[from] Sandstorm","|-damage|p1a: Milotic|181/393|[from] Sandstorm","|-heal|p2a: Starmie|134/262|[from] item: Leftovers","|-heal|p1a: Milotic|205/393|[from] item: Leftovers","|upkeep","|turn|14","||adding 10 for new turn","|","|t:|1753075271","|move|p2a: Starmie|Thunderbolt|p1a: Milotic","|-supereffective|p1a: Milotic","|-damage|p1a: Milotic|41/393","|move|p1a: Milotic|Recover|p1a: Milotic","|-heal|p1a: Milotic|237/393","|","|-weather|Sandstorm|[upkeep]","|-damage|p2a: Starmie|118/262|[from] Sandstorm","|-damage|p1a: Milotic|213/393|[from] Sandstorm","|-heal|p2a: Starmie|134/262|[from] item: Leftovers","|-heal|p1a: Milotic|237/393|[from] item: Leftovers","|upkeep","|turn|15","||adding 10 for new turn","|","|t:|1753075279","|move|p2a: Starmie|Thunderbolt|p1a: Milotic","|-supereffective|p1a: Milotic","|-damage|p1a: Milotic|73/393","|-status|p1a: Milotic|par","|cant|p1a: Milotic|par","|","|-weather|Sandstorm|[upkeep]","|-damage|p2a: Starmie|118/262|[from] Sandstorm","|-damage|p1a: Milotic|49/393 par|[from] Sandstorm","|-heal|p2a: Starmie|134/262|[from] item: Leftovers","|-heal|p1a: Milotic|73/393 par|[from] item: Leftovers","|upkeep","|turn|16","||adding 10 for new turn","|","|t:|1753075287","|move|p2a: Starmie|Psychic|p1a: Milotic","|-damage|p1a: Milotic|0 fnt","|faint|p1a: Milotic","||adding 5 to each for mid turn request","|","|t:|1753075294","|switch|p1a: Dugtrio|Dugtrio, M|211/211","|-damage|p1a: Dugtrio|159/211|[from] Spikes","|","|-weather|Sandstorm|[upkeep]","|-damage|p2a: Starmie|118/262|[from] Sandstorm","|-heal|p2a: Starmie|134/262|[from] item: Leftovers","|upkeep","|turn|17","||adding 10 for new turn","|","|t:|1753075302","|move|p1a: Dugtrio|Earthquake|p2a: Starmie","|-damage|p2a: Starmie|0 fnt","|faint|p2a: Starmie","||adding 5 to each for mid turn request","|","|t:|1753075309","|switch|p2a: Gengar|Gengar, M|271/271","|","|-weather|Sandstorm|[upkeep]","|-damage|p2a: Gengar|255/271|[from] Sandstorm","|-heal|p2a: Gengar|271/271|[from] item: Leftovers","|upkeep","|turn|18","||adding 10 for new turn","|","|t:|1753075317","|switch|p1a: Blissey|Blissey, F|661/661","|-damage|p1a: Blissey|496/661|[from] Spikes","|move|p2a: Gengar|Ice Punch|p1a: Blissey","|-damage|p1a: Blissey|433/661","|","|-weather|Sandstorm|[upkeep]","|-damage|p2a: Gengar|255/271|[from] Sandstorm","|-damage|p1a: Blissey|392/661|[from] Sandstorm","|-heal|p2a: Gengar|271/271|[from] item: Leftovers","|-heal|p1a: Blissey|433/661|[from] item: Leftovers","|upkeep","|turn|19","||adding 10 for new turn","|","|t:|1753075326","|switch|p2a: Metagross|Metagross|318/318","|move|p1a: Blissey|Thunder Wave|p2a: Metagross","|-status|p2a: Metagross|par","|","|-weather|Sandstorm|[upkeep]","|-damage|p1a: Blissey|392/661|[from] Sandstorm","|-heal|p1a: Blissey|433/661|[from] item: Leftovers","|upkeep","|turn|20","||adding 10 for new turn","|","|t:|1753075333","|move|p1a: Blissey|Seismic Toss|p2a: Metagross","|-damage|p2a: Metagross|218/318 par","|move|p2a: Metagross|Meteor Mash|p1a: Blissey","|-damage|p1a: Blissey|0 fnt","|faint|p1a: Blissey","||adding 5 to each for mid turn request","|","|t:|1753075341","|switch|p1a: Claydol|Claydol|317/317","|","|-weather|Sandstorm|[upkeep]","|upkeep","|turn|21","||adding 10 for new turn","|","|t:|1753075349","|move|p1a: Claydol|Rapid Spin|p2a: Metagross","|-resisted|p2a: Metagross","|-damage|p2a: Metagross|211/318 par","|-sideend|p1: foultestchallenge1|Spikes|[from] move: Rapid Spin|[of] p1a: Claydol","|cant|p2a: Metagross|par","|","|-weather|Sandstorm|[upkeep]","|upkeep","|turn|22","||adding 10 for new turn","|","|t:|1753075357","|move|p1a: Claydol|Earthquake|p2a: Metagross","|-supereffective|p2a: Metagross","|-damage|p2a: Metagross|0 fnt","|faint|p2a: Metagross","||adding 5 to each for mid turn request","|","|t:|1753075364","|switch|p2a: Gengar|Gengar, M|271/271","|","|-weather|Sandstorm|[upkeep]","|-damage|p2a: Gengar|255/271|[from] Sandstorm","|-heal|p2a: Gengar|271/271|[from] item: Leftovers","|upkeep","|turn|23","||adding 10 for new turn","|","|t:|1753075372","|switch|p2a: Tyranitar|Tyranitar, F|404/404","|move|p1a: Claydol|Psychic|p2a: Tyranitar","|-immune|p2a: Tyranitar","|","|-weather|Sandstorm|[upkeep]","|upkeep","|turn|24","||adding 10 for new turn","|","|t:|1753075380","|move|p1a: Claydol|Earthquake|p2a: Tyranitar","|-supereffective|p2a: Tyranitar","|-damage|p2a: Tyranitar|153/404","|move|p2a: Tyranitar|Hidden Power|p1a: Claydol","|-supereffective|p1a: Claydol","|-damage|p1a: Claydol|137/317","|","|-weather|Sandstorm|[upkeep]","|-heal|p1a: Claydol|156/317|[from] item: Leftovers","|-heal|p2a: Tyranitar|178/404|[from] item: Leftovers","|upkeep","|turn|25","||adding 10 for new turn","|","|t:|1753075388","|switch|p2a: Gengar|Gengar, M|271/271","|move|p1a: Claydol|Earthquake|p2a: Gengar","|-immune|p2a: Gengar","|","|-weather|Sandstorm|[upkeep]","|-damage|p2a: Gengar|255/271|[from] Sandstorm","|-heal|p2a: Gengar|271/271|[from] item: Leftovers","|-heal|p1a: Claydol|175/317|[from] item: Leftovers","|upkeep","|turn|26","||adding 10 for new turn","|","|t:|1753075395","|move|p2a: Gengar|Hidden Power|p1a: Claydol","|-supereffective|p1a: Claydol","|-damage|p1a: Claydol|32/317","|move|p1a: Claydol|Psychic|p2a: Gengar","|-supereffective|p2a: Gengar","|-damage|p2a: Gengar|78/271","|","|-weather|Sandstorm|[upkeep]","|-damage|p2a: Gengar|62/271|[from] Sandstorm","|-heal|p2a: Gengar|78/271|[from] item: Leftovers","|-heal|p1a: Claydol|51/317|[from] item: Leftovers","|upkeep","|turn|27","||adding 10 for new turn","|","|t:|1753075400","|switch|p1a: Tyranitar|Tyranitar, F|291/387 tox","|move|p2a: Gengar|Hidden Power|p1a: Tyranitar","|-supereffective|p1a: Tyranitar","|-damage|p1a: Tyranitar|113/387 tox","|","|-weather|Sandstorm|[upkeep]","|-damage|p2a: Gengar|62/271|[from] Sandstorm","|-heal|p2a: Gengar|78/271|[from] item: Leftovers","|-heal|p1a: Tyranitar|137/387 tox|[from] item: Leftovers","|-damage|p1a: Tyranitar|113/387 tox|[from] psn","|upkeep","|turn|28","||adding 10 for new turn","|","|t:|1753075407","|move|p2a: Gengar|Hidden Power|p1a: Tyranitar","|-supereffective|p1a: Tyranitar","|-damage|p1a: Tyranitar|0 fnt","|faint|p1a: Tyranitar","||adding 5 to each for mid turn request","|","|t:|1753075410","|switch|p1a: Dugtrio|Dugtrio, M|159/211","|","|-weather|Sandstorm|[upkeep]","|-damage|p2a: Gengar|62/271|[from] Sandstorm","|-heal|p2a: Gengar|78/271|[from] item: Leftovers","|upkeep","|turn|29","||adding 10 for new turn","|","|t:|1753075417","|switch|p1a: Claydol|Claydol|51/317","|move|p2a: Gengar|Ice Punch|p1a: Claydol","|-supereffective|p1a: Claydol","|-damage|p1a: Claydol|0 fnt","|faint|p1a: Claydol","||adding 5 to each for mid turn request","|","|t:|1753075420","|switch|p1a: Dugtrio|Dugtrio, M|159/211","|","|-weather|Sandstorm|[upkeep]","|-damage|p2a: Gengar|62/271|[from] Sandstorm","|-heal|p2a: Gengar|78/271|[from] item: Leftovers","|upkeep","|turn|30","||adding 10 for new turn","|","|t:|1753075427","|move|p1a: Dugtrio|Aerial Ace|p2a: Gengar","|-damage|p2a: Gengar|0 fnt","|faint|p2a: Gengar","||adding 5 to each for mid turn request","|","|t:|1753075434","|switch|p2a: Tyranitar|Tyranitar, F|178/404","|","|-weather|Sandstorm|[upkeep]","|-heal|p2a: Tyranitar|203/404|[from] item: Leftovers","|upkeep","|turn|31","||adding 10 for new turn","|","|t:|1753075440","|move|p1a: Dugtrio|Aerial Ace|p2a: Tyranitar","|-resisted|p2a: Tyranitar","|-damage|p2a: Tyranitar|167/404","|move|p2a: Tyranitar|Earthquake|p1a: Dugtrio","|-damage|p1a: Dugtrio|0 fnt","|faint|p1a: Dugtrio","|","|win|foultestacceptor1",""],"p1rating":null,"p2rating":null,"endType":"normal","ladderError":true,"timestamp":"Sun Jul 20 2025 22:24:00 GMT-0700 (アメリカ太平洋夏時間)","roomid":"battle-gen3ou-1126","format":"gen3ou"}