{"winner":"foultestacceptor1","seed":"sodium,fba22b82c38c27bc776f46f7ddc5df83","turns":53,"p1":"foultestchallenge1","p2":"foultestacceptor1","p1team":[{"name":"Skarmory","species":"Skarmory","item":"Leftovers","ability":"Keen Eye","moves":["Spikes","Roar","Toxic","Protect"],"nature":"Careful","evs":{"hp":252,"atk":0,"def":0,"spa":0,"spd":252,"spe":4},"gender":"M","ivs":{"hp":31,"atk":0,"def":31,"spa":31,"spd":31,"spe":31},"level":100},{"name":"Jolteon","species":"Jolteon","item":"Leftovers","ability":"Volt Absorb","moves":["Thunderbolt","Thunder Wave","Hidden Power Grass","Baton Pass"],"nature":"Timid","evs":{"hp":4,"atk":0,"def":0,"spa":252,"spd":0,"spe":252},"gender":"M","ivs":{"hp":31,"atk":2,"def":31,"spa":30,"spd":31,"spe":31},"happiness":255,"hpType":"Grass","pokeball":"","gigantamax":false,"dynamaxLevel":10,"teraType":"","level":100},{"name":"Tyranitar","species":"Tyranitar","item":"Leftovers","ability":"Sand Stream","moves":["Focus Punch","Earthquake","Hidden Power Bug","Rock Slide"],"nature":"Adamant","evs":{"hp":252,"atk":252,"def":4,"spa":0,"spd":0,"spe":0},"gender":"F","ivs":{"hp":31,"atk":31,"def":31,"spa":31,"spd":30,"spe":30},"happiness":255,"hpType":"Bug","pokeball":"","gigantamax":false,"dynamaxLevel":10,"teraType":"","level":100},{"name":"Gengar","species":"Gengar","item":"Leftovers","ability":"Levitate","moves":["Ice Punch","Fire Punch","Hidden Power Grass","Explosion"],"nature":"Hasty","evs":{"hp":40,"atk":0,"def":0,"spa":252,"spd":0,"spe":216},"gender":"F","ivs":{"hp":31,"atk":30,"def":31,"spa":30,"spd":31,"spe":31},"happiness":255,"hpType":"Grass","pokeball":"","gigantamax":false,"dynamaxLevel":10,"teraType":"","level":100},{"name":"Metagross","species":"Metagross","item":"Choice Band","ability":"Clear Body","moves":["Meteor Mash","Earthquake","Rock Slide","Explosion"],"nature":"Adamant","evs":{"hp":68,"atk":252,"def":0,"spa":0,"spd":0,"spe":188},"gender":"N","level":100,"ivs":{"hp":31,"atk":31,"def":31,"spa":31,"spd":31,"spe":31}},{"name":"Starmie","species":"Starmie","item":"Leftovers","ability":"Natural Cure","moves":["Hydro Pump","Thunderbolt","Ice Beam","Psychic"],"nature":"Timid","evs":{"hp":4,"atk":0,"def":0,"spa":252,"spd":0,"spe":252},"gender":"N","ivs":{"hp":31,"atk":0,"def":31,"spa":31,"spd":31,"spe":31},"level":100}],"p2team":[{"name":"Skarmory","species":"Skarmory","item":"Leftovers","ability":"Keen Eye","moves":["Spikes","Roar","Toxic","Protect"],"nature":"Careful","evs":{"hp":252,"atk":0,"def":0,"spa":0,"spd":252,"spe":4},"gender":"F","ivs":{"hp":31,"atk":0,"def":31,"spa":31,"spd":31,"spe":31},"level":100},{"name":"Jolteon","species":"Jolteon","item":"Leftovers","ability":"Volt Absorb","moves":["Thunderbolt","Thunder Wave","Hidden Power Grass","Baton Pass"],"nature":"Timid","evs":{"hp":4,"atk":0,"def":0,"spa":252,"spd":0,"spe":252},"gender":"M","ivs":{"hp":31,"atk":2,"def":31,"spa":30,"spd":31,"spe":31},"happiness":255,"hpType":"Grass","pokeball":"","gigantamax":false,"dynamaxLevel":10,"teraType":"","level":100},{"name":"Tyranitar","species":"Tyranitar","item":"Leftovers","ability":"Sand Stream","moves":["Focus Punch","Earthquake","Hidden Power Bug","Rock Slide"],"nature":"Adamant","evs":{"hp":252,"atk":252,"def":4,"spa":0,"spd":0,"spe":0},"gender":"F","ivs":{"hp":31,"atk":31,"def":31,"spa":31,"spd":30,"spe":30},"happiness":255,"hpType":"Bug","pokeball":"","gigantamax":false,"dynamaxLevel":10,"teraType":"","level":100},{"name":"Gengar","species":"Gengar","item":"Leftovers","ability":"Levitate","moves":["Ice Punch","Fire Punch","Hidden Power Grass","Explosion"],"nature":"Hasty","evs":{"hp":40,"atk":0,"def":0,"spa":252,"spd":0,"spe":216},"gender":"M","ivs":{"hp":31,"atk":30,"def":31,"spa":30,"spd":31,"spe":31},"happiness":255,"hpType":"Grass","pokeball":"","gigantamax":false,"dynamaxLevel":10,"teraType":"","level":100},{"name":"Metagross","species":"Metagross","item":"Choice Band","ability":"Clear Body","moves":["Meteor Mash","Earthquake","Rock Slide","Explosion"],"nature":"Adamant","evs":{"hp":68,"atk":252,"def":0,"spa":0,"spd":0,"spe":188},"gender":"N","level":100,"ivs":{"hp":31,"atk":31,"def":31,"spa":31,"spd":31,"spe":31}},{"name":"Starmie","species":"Starmie","item":"Leftovers","ability":"Natural Cure","moves":["Hydro Pump","Thunderbolt","Ice Beam","Psychic"],"nature":"Timid","evs":{"hp":4,"atk":0,"def":0,"spa":252,"spd":0,"spe":252},"gender":"N","ivs":{"hp":31,"atk":0,"def":31,"spa":31,"spd":31,"spe":31},"level":100}],"score":[0,2],"inputLog":[">version 372d05e49c92a79eecdf6c8dddb208bd1765c00f",">start {\"formatid\":\"gen3ou\",\"seed\":\"sodium,fba22b82c38c27bc776f46f7ddc5df83\"}",">player p1 {\"name\":\"foultestchallenge1\",\"avatar\":\"169\",\"team\":\"Skarmory||Leftovers|KeenEye|Spikes,Roar,Toxic,Protect|Careful|252,,,,252,4|M|,0,,,,|||]Jolteon||Leftovers|VoltAbsorb|Thunderbolt,ThunderWave,HiddenPowerGrass,BatonPass|Timid|4,,,252,,252|M|,2,,30,,|||,Grass,,,,]Tyranitar||Leftovers|SandStream|FocusPunch,Earthquake,HiddenPowerBug,RockSlide|Adamant|252,252,4,,,|F|,,,,30,30|||,Bug,,,,]Gengar||Leftovers|Levitate|IcePunch,FirePunch,HiddenPowerGrass,Explosion|Hasty|40,,,252,,216|F|,30,,30,,|||,Grass,,,,]Metagross||ChoiceBand|ClearBody|MeteorMash,Earthquake,RockSlide,Explosion|Adamant|68,252,,,,188|N||||]Starmie||Leftovers|NaturalCure|HydroPump,Thunderbolt,IceBeam,Psychic|Timid|4,,,252,,252|N|,0,,,,|||\",\"rating\":0}",">player p2 {\"name\":\"foultestacceptor1\",\"avatar\":\"265\",\"team\":\"Skarmory||Leftovers|KeenEye|Spikes,Roar,Toxic,Protect|Careful|252,,,,252,4|F|,0,,,,|||]Jolteon||Leftovers|VoltAbsorb|Thunderbolt,ThunderWave,HiddenPowerGrass,BatonPass|Timid|4,,,252,,252|M|,2,,30,,|||,Grass,,,,]Tyranitar||Leftovers|SandStream|FocusPunch,Earthquake,HiddenPowerBug,RockSlide|Adamant|252,252,4,,,|F|,,,,30,30|||,Bug,,,,]Gengar||Leftovers|Levitate|IcePunch,FirePunch,HiddenPowerGrass,Explosion|Hasty|40,,,252,,216|M|,30,,30,,|||,Grass,,,,]Metagross||ChoiceBand|ClearBody|MeteorMash,Earthquake,RockSlide,Explosion|Adamant|68,252,,,,188|N||||]Starmie||Leftovers|NaturalCure|HydroPump,Thunderbolt,IceBeam,Psychic|Timid|4,,,252,,252|N|,0,,,,|||\",\"rating\":0}",">p1 move spikes",">p2 move spikes",">p1 move spikes",">p2 move spikes",">p1 move spikes",">p2 move spikes",">p1 move roar",">p2 move roar",">p1 switch 4",">p2 move thunderbolt",">p1 move hiddenpower",">p2 move psychic",">p1 switch 2",">p1 move thunderbolt",">p2 switch 2",">p1 move thunderwave",">p2 move thunderwave",">p1 move hiddenpower",">p2 move thunderwave",">p1 move hiddenpower",">p2 move hiddenpower",">p1 move hiddenpower",">p2 move hiddenpower",">p1 move hiddenpower",">p2 move hiddenpower",">p1 move hiddenpower",">p2 move hiddenpower",">p1 move hiddenpower",">p2 move hiddenpower",">p1 switch 6",">p1 move hydropump",">p2 move thunderbolt",">p2 switch 2",">p1 move thunderbolt",">p2 move thunderbolt",">p1 switch 5",">p1 move earthquake",">p2 move hydropump",">p2 switch 4",">p1 move earthquake",">p2 move firepunch",">p1 switch 3",">p1 move rockslide",">p2 move hiddenpower",">p1 move hiddenpower",">p2 move hiddenpower",">p2 switch 5",">p1 move earthquake",">p2 move rockslide",">p1 move focuspunch",">p2 move rockslide",">p1 switch 4",">p1 move roar",">p2 move rockslide",">p1 move protect",">p2 move focuspunch",">p1 move protect",">p2 move focuspunch",">p1 move roar",">p2 move focuspunch",">p1 move roar",">p2 switch 6",">p1 move toxic",">p2 move spikes",">p1 move toxic",">p2 move spikes",">p1 move toxic",">p2 move toxic",">p1 move toxic",">p2 move spikes",">p1 move toxic",">p2 move toxic",">p1 move roar",">p2 move roar",">p2 switch 3",">p1 move toxic",">p2 move roar",">p1 move toxic",">p2 move roar",">p1 move roar",">p2 move roar",">p1 move roar",">p2 move focuspunch",">p1 move toxic",">p2 move toxic",">p1 move toxic",">p2 move toxic",">p1 move toxic",">p2 move toxic",">p1 move protect",">p2 move spikes",">p1 move roar",">p2 move spikes",">p1 move roar",">p2 move rockslide",">p1 move roar",">p2 move rockslide",">p1 move toxic",">p2 move roar",">p1 move toxic",">p2 move roar",">p1 move toxic",">p2 move roar",">p1 move toxic",">p2 move roar",">p1 move toxic",">p2 move roar",">p1 move toxic",">p2 move roar",">p1 move protect",">p2 move roar",">p1 move roar",">p2 move roar",">p1 move roar",">p2 move focuspunch"],"log":["|j|☆foultestchallenge1","|j|☆foultestacceptor1","|t:|1753054727","|gametype|singles","|player|p1|foultestchallenge1|169|","|player|p2|foultestacceptor1|265|","|teamsize|p1|6","|teamsize|p2|6","|gen|3","|tier|[Gen 3] OU","|rule|Sleep Clause Mod: Limit one foe put to sleep","|rule|Switch Priority Clause Mod: Faster Pokémon switch first","|rule|Species Clause: Limit one of each Pokémon","|rule|OHKO Clause: OHKO moves are banned","|rule|Evasion Items Clause: Evasion items are banned","|rule|Evasion Moves Clause: Evasion moves are banned","|rule|Endless Battle Clause: Forcing endless battles is banned","|rule|HP Percentage Mod: HP is shown in percentages","|rule|One Boost Passer Clause: Limit one Baton Passer that has a way to boost its stats","|rule|Freeze Clause Mod: Limit one foe frozen","|","|t:|1753054727","|start","|switch|p1a: Skarmory|Skarmory, M|334/334","|switch|p2a: Skarmory|Skarmory, F|334/334","|turn|1","|inactive|Battle timer is ON: inactive players will automatically lose when time's up. (requested by foultestacceptor1)","|inactive|foultestchallenge1 also wants the timer to be on.","|","|t:|1753054729","|move|p1a: Skarmory|Spikes|p2a: Skarmory","|-sidestart|p2: foultestacceptor1|Spikes","|move|p2a: Skarmory|Spikes|p1a: Skarmory","|-sidestart|p1: foultestchallenge1|Spikes","|","|upkeep","|turn|2","||adding 10 for new turn","|","|t:|1753054730","|move|p2a: Skarmory|Spikes|p1a: Skarmory","|-sidestart|p1: foultestchallenge1|Spikes","|move|p1a: Skarmory|Spikes|p2a: Skarmory","|-sidestart|p2: foultestacceptor1|Spikes","|","|upkeep","|turn|3","||adding 10 for new turn","|","|t:|1753054731","|move|p2a: Skarmory|Spikes|p1a: Skarmory","|-sidestart|p1: foultestchallenge1|Spikes","|move|p1a: Skarmory|Spikes|p2a: Skarmory","|-sidestart|p2: foultestacceptor1|Spikes","|","|upkeep","|turn|4","||adding 10 for new turn","|","|t:|1753054733","|move|p1a: Skarmory|Roar|p2a: Skarmory","|drag|p2a: Starmie|Starmie|262/262","|-damage|p2a: Starmie|197/262|[from] Spikes","|","|-heal|p2a: Starmie|213/262|[from] item: Leftovers","|upkeep","|turn|5","||adding 10 for new turn","|","|t:|1753054734","|switch|p1a: Gengar|Gengar, F|271/271","|move|p2a: Starmie|Thunderbolt|p1a: Gengar","|-damage|p1a: Gengar|151/271","|","|-heal|p2a: Starmie|229/262|[from] item: Leftovers","|-heal|p1a: Gengar|167/271|[from] item: Leftovers","|upkeep","|turn|6","||adding 10 for new turn","|","|t:|1753054736","|move|p2a: Starmie|Psychic|p1a: Gengar","|-supereffective|p1a: Gengar","|-damage|p1a: Gengar|0 fnt","|faint|p1a: Gengar","||adding 5 to each for mid turn request","|","|t:|1753054738","|switch|p1a: Jolteon|Jolteon, M|272/272","|-damage|p1a: Jolteon|204/272|[from] Spikes","|","|-heal|p1a: Jolteon|221/272|[from] item: Leftovers","|-heal|p2a: Starmie|245/262|[from] item: Leftovers","|upkeep","|turn|7","||adding 10 for new turn","|","|t:|1753054740","|switch|p2a: Jolteon|Jolteon, M|272/272","|-damage|p2a: Jolteon|204/272|[from] Spikes","|move|p1a: Jolteon|Thunderbolt|p2a: Jolteon","|-heal|p2a: Jolteon|272/272|[from] ability: Volt Absorb|[of] p1a: Jolteon","|","|-heal|p1a: Jolteon|238/272|[from] item: Leftovers","|upkeep","|turn|8","||adding 10 for new turn","|","|t:|1753054741","|move|p1a: Jolteon|Thunder Wave|p2a: Jolteon","|-status|p2a: Jolteon|par","|cant|p2a: Jolteon|par","|","|-heal|p1a: Jolteon|255/272|[from] item: Leftovers","|upkeep","|turn|9","||adding 10 for new turn","|","|t:|1753054742","|move|p1a: Jolteon|Hidden Power|p2a: Jolteon","|-damage|p2a: Jolteon|199/272 par","|move|p2a: Jolteon|Thunder Wave|p1a: Jolteon","|-status|p1a: Jolteon|par","|","|-heal|p1a: Jolteon|272/272 par|[from] item: Leftovers","|-heal|p2a: Jolteon|216/272 par|[from] item: Leftovers","|upkeep","|turn|10","||adding 10 for new turn","|","|t:|1753054744","|cant|p1a: Jolteon|par","|move|p2a: Jolteon|Hidden Power|p1a: Jolteon","|-damage|p1a: Jolteon|188/272 par","|","|-heal|p2a: Jolteon|233/272 par|[from] item: Leftovers","|-heal|p1a: Jolteon|205/272 par|[from] item: Leftovers","|upkeep","|turn|11","||adding 10 for new turn","|","|t:|1753054745","|move|p1a: Jolteon|Hidden Power|p2a: Jolteon","|-damage|p2a: Jolteon|156/272 par","|move|p2a: Jolteon|Hidden Power|p1a: Jolteon","|-damage|p1a: Jolteon|123/272 par","|","|-heal|p2a: Jolteon|173/272 par|[from] item: Leftovers","|-heal|p1a: Jolteon|140/272 par|[from] item: Leftovers","|upkeep","|turn|12","||adding 10 for new turn","|","|t:|1753054747","|move|p1a: Jolteon|Hidden Power|p2a: Jolteon","|-damage|p2a: Jolteon|94/272 par","|move|p2a: Jolteon|Hidden Power|p1a: Jolteon","|-damage|p1a: Jolteon|64/272 par","|","|-heal|p2a: Jolteon|111/272 par|[from] item: Leftovers","|-heal|p1a: Jolteon|81/272 par|[from] item: Leftovers","|upkeep","|turn|13","||adding 10 for new turn","|","|t:|1753054748","|move|p2a: Jolteon|Hidden Power|p1a: Jolteon","|-damage|p1a: Jolteon|3/272 par","|cant|p1a: Jolteon|par","|","|-heal|p1a: Jolteon|20/272 par|[from] item: Leftovers","|-heal|p2a: Jolteon|128/272 par|[from] item: Leftovers","|upkeep","|turn|14","||adding 10 for new turn","|","|t:|1753054749","|move|p2a: Jolteon|Hidden Power|p1a: Jolteon","|-damage|p1a: Jolteon|0 fnt","|faint|p1a: Jolteon","||adding 5 to each for mid turn request","|","|t:|1753054751","|switch|p1a: Starmie|Starmie|262/262","|-damage|p1a: Starmie|197/262|[from] Spikes","|","|-heal|p1a: Starmie|213/262|[from] item: Leftovers","|-heal|p2a: Jolteon|145/272 par|[from] item: Leftovers","|upkeep","|turn|15","||adding 10 for new turn","|","|t:|1753054752","|move|p1a: Starmie|Hydro Pump|p2a: Jolteon","|-damage|p2a: Jolteon|0 fnt","|faint|p2a: Jolteon","||adding 5 to each for mid turn request","|","|t:|1753054754","|switch|p2a: Starmie|Starmie|245/262","|-damage|p2a: Starmie|180/262|[from] Spikes","|","|-heal|p1a: Starmie|229/262|[from] item: Leftovers","|-heal|p2a: Starmie|196/262|[from] item: Leftovers","|upkeep","|turn|16","||adding 10 for new turn","|","|t:|1753054755","|move|p2a: Starmie|Thunderbolt|p1a: Starmie","|-supereffective|p1a: Starmie","|-damage|p1a: Starmie|0 fnt","|faint|p1a: Starmie","||adding 5 to each for mid turn request","|","|t:|1753054756","|switch|p1a: Metagross|Metagross|318/318","|-damage|p1a: Metagross|239/318|[from] Spikes","|","|-heal|p2a: Starmie|212/262|[from] item: Leftovers","|upkeep","|turn|17","||adding 10 for new turn","|","|t:|1753054758","|move|p2a: Starmie|Hydro Pump|p1a: Metagross","|-damage|p1a: Metagross|52/318","|move|p1a: Metagross|Earthquake|p2a: Starmie","|-damage|p2a: Starmie|0 fnt","|faint|p2a: Starmie","||adding 5 to each for mid turn request","|","|t:|1753054760","|switch|p2a: Gengar|Gengar, M|271/271","|","|upkeep","|turn|18","||adding 10 for new turn","|","|t:|1753054761","|move|p2a: Gengar|Fire Punch|p1a: Metagross","|-supereffective|p1a: Metagross","|-damage|p1a: Metagross|0 fnt","|faint|p1a: Metagross","||adding 5 to each for mid turn request","|","|t:|1753054763","|switch|p1a: Tyranitar|Tyranitar, F|404/404","|-damage|p1a: Tyranitar|303/404|[from] Spikes","|-weather|Sandstorm|[from] ability: Sand Stream|[of] p1a: Tyranitar","|","|-weather|Sandstorm|[upkeep]","|-damage|p2a: Gengar|255/271|[from] Sandstorm","|-heal|p2a: Gengar|271/271|[from] item: Leftovers","|-heal|p1a: Tyranitar|328/404|[from] item: Leftovers","|upkeep","|turn|19","||adding 10 for new turn","|","|t:|1753054764","|move|p2a: Gengar|Hidden Power|p1a: Tyranitar","|-supereffective|p1a: Tyranitar","|-damage|p1a: Tyranitar|150/404","|move|p1a: Tyranitar|Rock Slide|p2a: Gengar","|-damage|p2a: Gengar|19/271","|","|-weather|Sandstorm|[upkeep]","|-damage|p2a: Gengar|3/271|[from] Sandstorm","|-heal|p2a: Gengar|19/271|[from] item: Leftovers","|-heal|p1a: Tyranitar|175/404|[from] item: Leftovers","|upkeep","|turn|20","||adding 10 for new turn","|","|t:|1753054766","|move|p2a: Gengar|Hidden Power|p1a: Tyranitar","|-supereffective|p1a: Tyranitar","|-damage|p1a: Tyranitar|12/404","|move|p1a: Tyranitar|Hidden Power|p2a: Gengar","|-resisted|p2a: Gengar","|-damage|p2a: Gengar|0 fnt","|faint|p2a: Gengar","||adding 5 to each for mid turn request","|","|t:|1753054768","|switch|p2a: Metagross|Metagross|318/318","|-damage|p2a: Metagross|239/318|[from] Spikes","|","|-weather|Sandstorm|[upkeep]","|-heal|p1a: Tyranitar|37/404|[from] item: Leftovers","|upkeep","|turn|21","||adding 10 for new turn","|","|t:|1753054769","|move|p2a: Metagross|Rock Slide|p1a: Tyranitar|[miss]","|-miss|p2a: Metagross|p1a: Tyranitar","|move|p1a: Tyranitar|Earthquake|p2a: Metagross","|-supereffective|p2a: Metagross","|-damage|p2a: Metagross|7/318","|","|-weather|Sandstorm|[upkeep]","|-heal|p1a: Tyranitar|62/404|[from] item: Leftovers","|upkeep","|turn|22","||adding 10 for new turn","|","|t:|1753054771","|-singleturn|p1a: Tyranitar|move: Focus Punch","|move|p2a: Metagross|Rock Slide|p1a: Tyranitar","|-damage|p1a: Tyranitar|0 fnt","|faint|p1a: Tyranitar","||adding 5 to each for mid turn request","|","|t:|1753054772","|switch|p1a: Skarmory|Skarmory, M|334/334","|","|-weather|Sandstorm|[upkeep]","|upkeep","|turn|23","||adding 10 for new turn","|","|t:|1753054774","|move|p2a: Metagross|Rock Slide|p1a: Skarmory","|-damage|p1a: Skarmory|216/334","|move|p1a: Skarmory|Roar|p2a: Metagross","|drag|p2a: Tyranitar|Tyranitar, F|404/404","|-damage|p2a: Tyranitar|303/404|[from] Spikes","|","|-weather|Sandstorm|[upkeep]","|-heal|p1a: Skarmory|236/334|[from] item: Leftovers","|-heal|p2a: Tyranitar|328/404|[from] item: Leftovers","|upkeep","|turn|24","||adding 10 for new turn","|","|t:|1753054775","|-singleturn|p2a: Tyranitar|move: Focus Punch","|move|p1a: Skarmory|Protect|p1a: Skarmory","|-singleturn|p1a: Skarmory|Protect","|move|p2a: Tyranitar|Focus Punch|p1a: Skarmory","|-activate|p1a: Skarmory|Protect","|","|-weather|Sandstorm|[upkeep]","|-heal|p1a: Skarmory|256/334|[from] item: Leftovers","|-heal|p2a: Tyranitar|353/404|[from] item: Leftovers","|upkeep","|turn|25","||adding 10 for new turn","|","|t:|1753054777","|-singleturn|p2a: Tyranitar|move: Focus Punch","|move|p1a: Skarmory|Protect|p1a: Skarmory","|-singleturn|p1a: Skarmory|Protect","|move|p2a: Tyranitar|Focus Punch|p1a: Skarmory","|-activate|p1a: Skarmory|Protect","|","|-weather|Sandstorm|[upkeep]","|-heal|p1a: Skarmory|276/334|[from] item: Leftovers","|-heal|p2a: Tyranitar|378/404|[from] item: Leftovers","|upkeep","|turn|26","||adding 10 for new turn","|","|t:|1753054778","|-singleturn|p2a: Tyranitar|move: Focus Punch","|move|p2a: Tyranitar|Focus Punch|p1a: Skarmory","|-damage|p1a: Skarmory|131/334","|move|p1a: Skarmory|Roar|p2a: Tyranitar","|drag|p2a: Skarmory|Skarmory, F|334/334","|","|-weather|Sandstorm|[upkeep]","|-heal|p1a: Skarmory|151/334|[from] item: Leftovers","|upkeep","|turn|27","||adding 10 for new turn","|","|t:|1753054780","|switch|p2a: Tyranitar|Tyranitar, F|378/404","|-damage|p2a: Tyranitar|277/404|[from] Spikes","|move|p1a: Skarmory|Roar|p2a: Tyranitar","|drag|p2a: Skarmory|Skarmory, F|334/334","|","|-weather|Sandstorm|[upkeep]","|-heal|p1a: Skarmory|171/334|[from] item: Leftovers","|upkeep","|turn|28","||adding 10 for new turn","|","|t:|1753054782","|move|p1a: Skarmory|Toxic|p2a: Skarmory","|-immune|p2a: Skarmory","|move|p2a: Skarmory|Spikes||[still]","|-fail|p2a: Skarmory","|","|-weather|Sandstorm|[upkeep]","|-heal|p1a: Skarmory|191/334|[from] item: Leftovers","|upkeep","|turn|29","||adding 10 for new turn","|","|t:|1753054783","|move|p1a: Skarmory|Toxic|p2a: Skarmory","|-immune|p2a: Skarmory","|move|p2a: Skarmory|Spikes||[still]","|-fail|p2a: Skarmory","|","|-weather|Sandstorm|[upkeep]","|-heal|p1a: Skarmory|211/334|[from] item: Leftovers","|upkeep","|turn|30","||adding 10 for new turn","|","|t:|1753054785","|move|p1a: Skarmory|Toxic|p2a: Skarmory","|-immune|p2a: Skarmory","|move|p2a: Skarmory|Toxic|p1a: Skarmory","|-immune|p1a: Skarmory","|","|-weather|Sandstorm|[upkeep]","|-heal|p1a: Skarmory|231/334|[from] item: Leftovers","|upkeep","|turn|31","||adding 10 for new turn","|","|t:|1753054786","|move|p1a: Skarmory|Toxic|p2a: Skarmory","|-immune|p2a: Skarmory","|move|p2a: Skarmory|Spikes||[still]","|-fail|p2a: Skarmory","|","|-weather|Sandstorm|[upkeep]","|-heal|p1a: Skarmory|251/334|[from] item: Leftovers","|upkeep","|turn|32","||adding 10 for new turn","|","|t:|1753054788","|move|p2a: Skarmory|Toxic|p1a: Skarmory","|-immune|p1a: Skarmory","|move|p1a: Skarmory|Toxic|p2a: Skarmory","|-immune|p2a: Skarmory","|","|-weather|Sandstorm|[upkeep]","|-heal|p1a: Skarmory|271/334|[from] item: Leftovers","|upkeep","|turn|33","||adding 10 for new turn","|","|t:|1753054789","|move|p1a: Skarmory|Roar|p2a: Skarmory","|drag|p2a: Metagross|Metagross|7/318","|-damage|p2a: Metagross|0 fnt|[from] Spikes","|faint|p2a: Metagross","||adding 5 to each for mid turn request","|","|t:|1753054790","|switch|p2a: Skarmory|Skarmory, F|334/334","|","|-weather|Sandstorm|[upkeep]","|-heal|p1a: Skarmory|291/334|[from] item: Leftovers","|upkeep","|turn|34","||adding 10 for new turn","|","|t:|1753054791","|move|p1a: Skarmory|Toxic|p2a: Skarmory","|-immune|p2a: Skarmory","|move|p2a: Skarmory|Roar||[still]","|-fail|p2a: Skarmory","|","|-weather|Sandstorm|[upkeep]","|-heal|p1a: Skarmory|311/334|[from] item: Leftovers","|upkeep","|turn|35","||adding 10 for new turn","|","|t:|1753054792","|move|p1a: Skarmory|Toxic|p2a: Skarmory","|-immune|p2a: Skarmory","|move|p2a: Skarmory|Roar||[still]","|-fail|p2a: Skarmory","|","|-weather|Sandstorm|[upkeep]","|-heal|p1a: Skarmory|331/334|[from] item: Leftovers","|upkeep","|turn|36","||adding 10 for new turn","|","|t:|1753054793","|move|p2a: Skarmory|Roar||[still]","|-fail|p2a: Skarmory","|move|p1a: Skarmory|Roar|p2a: Skarmory","|drag|p2a: Tyranitar|Tyranitar, F|277/404","|-damage|p2a: Tyranitar|176/404|[from] Spikes","|","|-weather|Sandstorm|[upkeep]","|-heal|p1a: Skarmory|334/334|[from] item: Leftovers","|-heal|p2a: Tyranitar|201/404|[from] item: Leftovers","|upkeep","|turn|37","||adding 10 for new turn","|","|t:|1753054795","|-singleturn|p2a: Tyranitar|move: Focus Punch","|move|p2a: Tyranitar|Focus Punch|p1a: Skarmory","|-damage|p1a: Skarmory|179/334","|move|p1a: Skarmory|Roar|p2a: Tyranitar","|drag|p2a: Skarmory|Skarmory, F|334/334","|","|-weather|Sandstorm|[upkeep]","|-heal|p1a: Skarmory|199/334|[from] item: Leftovers","|upkeep","|turn|38","||adding 10 for new turn","|","|t:|1753054796","|move|p2a: Skarmory|Toxic|p1a: Skarmory|[miss]","|-miss|p2a: Skarmory|p1a: Skarmory","|move|p1a: Skarmory|Toxic|p2a: Skarmory","|-immune|p2a: Skarmory","|","|-weather|Sandstorm|[upkeep]","|-heal|p1a: Skarmory|219/334|[from] item: Leftovers","|upkeep","|turn|39","||adding 10 for new turn","|","|t:|1753054797","|move|p2a: Skarmory|Toxic|p1a: Skarmory","|-immune|p1a: Skarmory","|move|p1a: Skarmory|Toxic|p2a: Skarmory","|-immune|p2a: Skarmory","|","|-weather|Sandstorm|[upkeep]","|-heal|p1a: Skarmory|239/334|[from] item: Leftovers","|upkeep","|turn|40","||adding 10 for new turn","|","|t:|1753054798","|move|p1a: Skarmory|Toxic|p2a: Skarmory","|-immune|p2a: Skarmory","|move|p2a: Skarmory|Toxic|p1a: Skarmory","|-immune|p1a: Skarmory","|","|-weather|Sandstorm|[upkeep]","|-heal|p1a: Skarmory|259/334|[from] item: Leftovers","|upkeep","|turn|41","||adding 10 for new turn","|","|t:|1753054799","|move|p1a: Skarmory|Protect|p1a: Skarmory","|-singleturn|p1a: Skarmory|Protect","|move|p2a: Skarmory|Spikes||[still]","|-fail|p2a: Skarmory","|","|-weather|Sandstorm|[upkeep]","|-heal|p1a: Skarmory|279/334|[from] item: Leftovers","|upkeep","|turn|42","||adding 10 for new turn","|","|t:|1753054800","|move|p2a: Skarmory|Spikes||[still]","|-fail|p2a: Skarmory","|move|p1a: Skarmory|Roar|p2a: Skarmory","|drag|p2a: Tyranitar|Tyranitar, F|201/404","|-damage|p2a: Tyranitar|100/404|[from] Spikes","|","|-weather|Sandstorm|[upkeep]","|-heal|p1a: Skarmory|299/334|[from] item: Leftovers","|-heal|p2a: Tyranitar|125/404|[from] item: Leftovers","|upkeep","|turn|43","||adding 10 for new turn","|","|t:|1753054802","|move|p2a: Tyranitar|Rock Slide|p1a: Skarmory","|-damage|p1a: Skarmory|183/334","|cant|p1a: Skarmory|flinch","|","|-weather|Sandstorm|[upkeep]","|-heal|p1a: Skarmory|203/334|[from] item: Leftovers","|-heal|p2a: Tyranitar|150/404|[from] item: Leftovers","|upkeep","|turn|44","||adding 10 for new turn","|","|t:|1753054803","|move|p2a: Tyranitar|Rock Slide|p1a: Skarmory","|-damage|p1a: Skarmory|95/334","|move|p1a: Skarmory|Roar|p2a: Tyranitar","|drag|p2a: Skarmory|Skarmory, F|334/334","|","|-weather|Sandstorm|[upkeep]","|-heal|p1a: Skarmory|115/334|[from] item: Leftovers","|upkeep","|turn|45","||adding 10 for new turn","|","|t:|1753054805","|move|p1a: Skarmory|Toxic|p2a: Skarmory","|-immune|p2a: Skarmory","|move|p2a: Skarmory|Roar||[still]","|-fail|p2a: Skarmory","|","|-weather|Sandstorm|[upkeep]","|-heal|p1a: Skarmory|135/334|[from] item: Leftovers","|upkeep","|turn|46","||adding 10 for new turn","|","|t:|1753054806","|move|p1a: Skarmory|Toxic|p2a: Skarmory","|-immune|p2a: Skarmory","|move|p2a: Skarmory|Roar||[still]","|-fail|p2a: Skarmory","|","|-weather|Sandstorm|[upkeep]","|-heal|p1a: Skarmory|155/334|[from] item: Leftovers","|upkeep","|turn|47","||adding 10 for new turn","|","|t:|1753054807","|move|p1a: Skarmory|Toxic|p2a: Skarmory|[miss]","|-miss|p1a: Skarmory|p2a: Skarmory","|move|p2a: Skarmory|Roar||[still]","|-fail|p2a: Skarmory","|","|-weather|Sandstorm|[upkeep]","|-heal|p1a: Skarmory|175/334|[from] item: Leftovers","|upkeep","|turn|48","||adding 10 for new turn","|","|t:|1753054808","|move|p1a: Skarmory|Toxic|p2a: Skarmory|[miss]","|-miss|p1a: Skarmory|p2a: Skarmory","|move|p2a: Skarmory|Roar||[still]","|-fail|p2a: Skarmory","|","|-weather|Sandstorm|[upkeep]","|-heal|p1a: Skarmory|195/334|[from] item: Leftovers","|upkeep","|turn|49","||adding 10 for new turn","|","|t:|1753054809","|move|p1a: Skarmory|Toxic|p2a: Skarmory|[miss]","|-miss|p1a: Skarmory|p2a: Skarmory","|move|p2a: Skarmory|Roar||[still]","|-fail|p2a: Skarmory","|","|-weather|Sandstorm|[upkeep]","|-heal|p1a: Skarmory|215/334|[from] item: Leftovers","|upkeep","|turn|50","||adding 10 for new turn","|","|t:|1753054810","|move|p1a: Skarmory|Toxic|p2a: Skarmory","|-immune|p2a: Skarmory","|move|p2a: Skarmory|Roar||[still]","|-fail|p2a: Skarmory","|","|-weather|Sandstorm|[upkeep]","|-heal|p1a: Skarmory|235/334|[from] item: Leftovers","|upkeep","|turn|51","||adding 10 for new turn","|","|t:|1753054811","|move|p1a: Skarmory|Protect|p1a: Skarmory","|-singleturn|p1a: Skarmory|Protect","|move|p2a: Skarmory|Roar|p1a: Skarmory","|-activate|p1a: Skarmory|Protect","|","|-weather|Sandstorm|[upkeep]","|-heal|p1a: Skarmory|255/334|[from] item: Leftovers","|upkeep","|turn|52","||adding 10 for new turn","|","|t:|1753054812","|move|p1a: Skarmory|Roar|p2a: Skarmory","|drag|p2a: Tyranitar|Tyranitar, F|150/404","|-damage|p2a: Tyranitar|49/404|[from] Spikes","|","|-weather|Sandstorm|[upkeep]","|-heal|p1a: Skarmory|275/334|[from] item: Leftovers","|-heal|p2a: Tyranitar|74/404|[from] item: Leftovers","|upkeep","|turn|53","||adding 10 for new turn","|","|t:|1753054814","|-singleturn|p2a: Tyranitar|move: Focus Punch","|move|p2a: Tyranitar|Focus Punch|p1a: Skarmory","|-crit|p1a: Skarmory","|-damage|p1a: Skarmory|0 fnt","|faint|p1a: Skarmory","|","|win|foultestacceptor1",""],"p1rating":null,"p2rating":null,"endType":"normal","ladderError":true,"timestamp":"Sun Jul 20 2025 16:40:14 GMT-0700 (アメリカ太平洋夏時間)","roomid":"battle-gen3ou-1060","format":"gen3ou"}