{"winner":"foultestacceptor1","seed":"sodium,f3bd737a4ce6d2faa5d571b12f38d9a3","turns":60,"p1":"foultestchallenge1","p2":"foultestacceptor1","p1team":[{"name":"Metagross","species":"Metagross","item":"Leftovers","ability":"Clear Body","moves":["Meteor Mash","Earthquake","Agility","Explosion"],"nature":"Adamant","evs":{"hp":152,"atk":252,"def":0,"spa":0,"spd":0,"spe":104},"gender":"N","level":100,"ivs":{"hp":31,"atk":31,"def":31,"spa":31,"spd":31,"spe":31}},{"name":"Milotic","species":"Milotic","item":"Leftovers","ability":"Marvel Scale","moves":["Hypnosis","Surf","Ice Beam","Recover"],"nature":"Bold","evs":{"hp":248,"atk":0,"def":212,"spa":0,"spd":0,"spe":48},"gender":"M","ivs":{"hp":31,"atk":0,"def":31,"spa":31,"spd":31,"spe":31},"level":100},{"name":"Celebi","species":"Celebi","item":"Leftovers","ability":"Natural Cure","moves":["Swords Dance","Hidden Power Rock","Baton Pass","Recover"],"nature":"Jolly","evs":{"hp":240,"atk":0,"def":44,"spa":0,"spd":4,"spe":220},"gender":"N","ivs":{"hp":31,"atk":31,"def":30,"spa":31,"spd":30,"spe":30},"happiness":255,"hpType":"Rock","pokeball":"","gigantamax":false,"dynamaxLevel":10,"teraType":"","level":100},{"name":"Magneton","species":"Magneton","item":"Leftovers","ability":"Magnet Pull","moves":["Thunderbolt","Hidden Power Fire","Thunder Wave","Toxic"],"nature":"Timid","evs":{"hp":144,"atk":0,"def":0,"spa":112,"spd":0,"spe":252},"gender":"N","ivs":{"hp":31,"atk":2,"def":31,"spa":30,"spd":31,"spe":30},"happiness":255,"hpType":"Fire","pokeball":"","gigantamax":false,"dynamaxLevel":10,"teraType":"","level":100},{"name":"Heracross","species":"Heracross","item":"Leftovers","ability":"Guts","moves":["Megahorn","Rock Slide","Hidden Power Ghost","Brick Break"],"nature":"Adamant","evs":{"hp":144,"atk":16,"def":0,"spa":0,"spd":184,"spe":164},"gender":"M","ivs":{"hp":31,"atk":31,"def":30,"spa":31,"spd":30,"spe":31},"happiness":255,"hpType":"Ghost","pokeball":"","gigantamax":false,"dynamaxLevel":10,"teraType":"","level":100},{"name":"Gyarados","species":"Gyarados","item":"Leftovers","ability":"Intimidate","moves":["Hidden Power Flying","Double-Edge","Earthquake","Dragon Dance"],"nature":"Jolly","evs":{"hp":0,"atk":252,"def":4,"spa":0,"spd":0,"spe":252},"gender":"F","ivs":{"hp":30,"atk":30,"def":30,"spa":30,"spd":30,"spe":31},"happiness":255,"hpType":"Flying","pokeball":"","gigantamax":false,"dynamaxLevel":10,"teraType":"","level":100}],"p2team":[{"name":"Tyranitar","species":"Tyranitar","item":"Leftovers","ability":"Sand Stream","moves":["Rock Slide","Earthquake","Hidden Power Bug","Roar"],"nature":"Adamant","evs":{"hp":184,"atk":196,"def":120,"spa":0,"spd":0,"spe":8},"gender":"M","ivs":{"hp":31,"atk":30,"def":30,"spa":31,"spd":30,"spe":31},"happiness":255,"hpType":"Bug","pokeball":"","gigantamax":false,"dynamaxLevel":10,"teraType":"","level":100},{"name":"Milotic","species":"Milotic","item":"Leftovers","ability":"Marvel Scale","moves":["Surf","Toxic","Recover","Refresh"],"nature":"Bold","evs":{"hp":248,"atk":0,"def":212,"spa":0,"spd":0,"spe":48},"gender":"F","ivs":{"hp":31,"atk":0,"def":31,"spa":31,"spd":31,"spe":31},"level":100},{"name":"Blissey","species":"Blissey","item":"Leftovers","ability":"Natural Cure","moves":["Seismic Toss","Ice Beam","Thunder Wave","Soft-Boiled"],"nature":"Bold","evs":{"hp":40,"atk":0,"def":244,"spa":208,"spd":0,"spe":16},"gender":"F","level":100,"ivs":{"hp":31,"atk":31,"def":31,"spa":31,"spd":31,"spe":31}},{"name":"Skarmory","species":"Skarmory","item":"Leftovers","ability":"Keen Eye","moves":["Drill Peck","Toxic","Spikes","Roar"],"nature":"Careful","evs":{"hp":248,"atk":0,"def":0,"spa":0,"spd":236,"spe":24},"gender":"M","level":100,"ivs":{"hp":31,"atk":31,"def":31,"spa":31,"spd":31,"spe":31}},{"name":"Claydol","species":"Claydol","item":"Leftovers","ability":"Levitate","moves":["Earthquake","Psychic","Refresh","Rapid Spin"],"nature":"Adamant","evs":{"hp":224,"atk":228,"def":0,"spa":36,"spd":0,"spe":20},"gender":"N","level":100,"ivs":{"hp":31,"atk":31,"def":31,"spa":31,"spd":31,"spe":31}},{"name":"Dugtrio","species":"Dugtrio","item":"Choice Band","ability":"Arena Trap","moves":["Earthquake","Aerial Ace","Hidden Power Bug","Screech"],"nature":"Jolly","evs":{"hp":0,"atk":252,"def":0,"spa":0,"spd":4,"spe":252},"gender":"M","ivs":{"hp":31,"atk":30,"def":30,"spa":31,"spd":30,"spe":31},"happiness":255,"hpType":"Bug","pokeball":"","gigantamax":false,"dynamaxLevel":10,"teraType":"","level":100}],"score":[0,3],"inputLog":[">version 372d05e49c92a79eecdf6c8dddb208bd1765c00f",">start {\"formatid\":\"gen3ou\",\"seed\":\"sodium,f3bd737a4ce6d2faa5d571b12f38d9a3\"}",">player p1 {\"name\":\"foultestchallenge1\",\"avatar\":\"169\",\"team\":\"Metagross||Leftovers|ClearBody|MeteorMash,Earthquake,Agility,Explosion|Adamant|152,252,,,,104|N||||]Milotic||Leftovers|MarvelScale|Hypnosis,Surf,IceBeam,Recover|Bold|248,,212,,,48|M|,0,,,,|||]Celebi||Leftovers|NaturalCure|SwordsDance,HiddenPowerRock,BatonPass,Recover|Jolly|240,,44,,4,220|N|,,30,,30,30|||,Rock,,,,]Magneton||Leftovers|MagnetPull|Thunderbolt,HiddenPowerFire,ThunderWave,Toxic|Timid|144,,,112,,252|N|,2,,30,,30|||,Fire,,,,]Heracross||Leftovers|Guts|Megahorn,RockSlide,HiddenPowerGhost,BrickBreak|Adamant|144,16,,,184,164|M|,,30,,30,|||,Ghost,,,,]Gyarados||Leftovers|Intimidate|HiddenPowerFlying,DoubleEdge,Earthquake,DragonDance|Jolly|,252,4,,,252|F|30,30,30,30,30,|||,Flying,,,,\",\"rating\":0}",">player p2 {\"name\":\"foultestacceptor1\",\"avatar\":\"102\",\"team\":\"Tyranitar||Leftovers|SandStream|RockSlide,Earthquake,HiddenPowerBug,Roar|Adamant|184,196,120,,,8|M|,30,30,,30,|||,Bug,,,,]Milotic||Leftovers|MarvelScale|Surf,Toxic,Recover,Refresh|Bold|248,,212,,,48|F|,0,,,,|||]Blissey||Leftovers|NaturalCure|SeismicToss,IceBeam,ThunderWave,SoftBoiled|Bold|40,,244,208,,16|F||||]Skarmory||Leftovers|KeenEye|DrillPeck,Toxic,Spikes,Roar|Careful|248,,,,236,24|M||||]Claydol||Leftovers|Levitate|Earthquake,Psychic,Refresh,RapidSpin|Adamant|224,228,,36,,20|N||||]Dugtrio||ChoiceBand|ArenaTrap|Earthquake,AerialAce,HiddenPowerBug,Screech|Jolly|,252,,,4,252|M|,30,30,,30,|||,Bug,,,,\",\"rating\":0}",">p1 move meteormash",">p2 switch 4",">p1 switch 4",">p2 move spikes",">p1 move thunderbolt",">p2 move roar",">p1 move meteormash",">p2 switch 2",">p1 move meteormash",">p2 move surf",">p1 move meteormash",">p2 move surf",">p1 move explosion",">p2 move recover",">p1 switch 5",">p2 switch 3",">p1 move brickbreak",">p2 switch 2",">p2 switch 6",">p1 move megahorn",">p2 move aerialace",">p1 switch 6",">p1 move earthquake",">p2 switch 4",">p1 switch 2",">p2 move rockslide",">p1 move surf",">p2 switch 2",">p1 move hypnosis",">p2 move thunderwave",">p1 move recover",">p2 move seismictoss",">p1 move recover",">p2 move seismictoss",">p1 move recover",">p2 move seismictoss",">p1 move recover",">p2 move seismictoss",">p1 move recover",">p2 move seismictoss",">p1 move recover",">p2 move seismictoss",">p1 move recover",">p2 move seismictoss",">p1 move recover",">p2 move seismictoss",">p1 move hypnosis",">p2 move seismictoss",">p1 move recover",">p2 move softboiled",">p1 move surf",">p2 move seismictoss",">p1 move recover",">p2 move softboiled",">p1 move surf",">p2 move seismictoss",">p1 move recover",">p2 move seismictoss",">p1 move surf",">p2 move seismictoss",">p1 move recover",">p2 move seismictoss",">p1 move surf",">p2 move seismictoss",">p1 move recover",">p2 move seismictoss",">p1 move recover",">p2 move seismictoss",">p1 move recover",">p2 move seismictoss",">p1 move recover",">p2 move seismictoss",">p1 move recover",">p2 move seismictoss",">p1 move recover",">p2 move seismictoss",">p1 move recover",">p2 move seismictoss",">p1 switch 2",">p1 move dragondance",">p2 move thunderwave",">p1 move earthquake",">p2 move seismictoss",">p1 move earthquake",">p2 move seismictoss",">p2 switch 2",">p1 switch 4",">p2 move rockslide",">p1 switch 4",">p2 move earthquake",">p1 switch 4",">p2 move rockslide",">p1 move thunderwave",">p2 switch 5",">p1 switch 3",">p2 move psychic",">p1 move batonpass",">p2 switch 5",">p1 switch 3",">p1 move thunderwave",">p2 move hiddenpower",">p1 move thunderbolt",">p2 move rockslide",">p1 move thunderbolt",">p2 switch 5",">p1 switch 4",">p2 move earthquake",">p1 move hiddenpower",">p2 move psychic",">p1 switch 3",">p2 move psychic",">p1 move batonpass",">p2 switch 5",">p1 switch 3",">p1 move hiddenpower",">p2 move rockslide",">p1 switch 4",">p1 move thunderbolt",">p2 move earthquake",">p1 move toxic",">p2 move earthquake",">p1 switch 3",">p2 switch 4",">p1 move recover",">p2 move hiddenpower",">p1 switch 3",">p1 move toxic",">p2 switch 5",">p1 move hiddenpower",">p2 move earthquake"],"log":["|j|☆foultestchallenge1","|j|☆foultestacceptor1","|t:|1753080349","|gametype|singles","|player|p1|foultestchallenge1|169|","|player|p2|foultestacceptor1|102|","|teamsize|p1|6","|teamsize|p2|6","|gen|3","|tier|[Gen 3] OU","|rule|Sleep Clause Mod: Limit one foe put to sleep","|rule|Switch Priority Clause Mod: Faster Pokémon switch first","|rule|Species Clause: Limit one of each Pokémon","|rule|OHKO Clause: OHKO moves are banned","|rule|Evasion Items Clause: Evasion items are banned","|rule|Evasion Moves Clause: Evasion moves are banned","|rule|Endless Battle Clause: Forcing endless battles is banned","|rule|HP Percentage Mod: HP is shown in percentages","|rule|One Boost Passer Clause: Limit one Baton Passer that has a way to boost its stats","|rule|Freeze Clause Mod: Limit one foe frozen","|","|t:|1753080349","|start","|switch|p1a: Metagross|Metagross|339/339","|switch|p2a: Tyranitar|Tyranitar, M|387/387","|-weather|Sandstorm|[from] ability: Sand Stream|[of] p2a: Tyranitar","|turn|1","|inactive|Battle timer is ON: inactive players will automatically lose when time's up. (requested by foultestacceptor1)","|inactive|foultestchallenge1 also wants the timer to be on.","|","|t:|1753080358","|switch|p2a: Skarmory|Skarmory, M|333/333","|move|p1a: Metagross|Meteor Mash|p2a: Skarmory","|-resisted|p2a: Skarmory","|-damage|p2a: Skarmory|253/333","|","|-weather|Sandstorm|[upkeep]","|-heal|p2a: Skarmory|273/333|[from] item: Leftovers","|upkeep","|turn|2","||adding 10 for new turn","|","|t:|1753080367","|switch|p1a: Magneton|Magneton|277/277","|move|p2a: Skarmory|Spikes|p1a: Magneton","|-sidestart|p1: foultestchallenge1|Spikes","|","|-weather|Sandstorm|[upkeep]","|-heal|p2a: Skarmory|293/333|[from] item: Leftovers","|upkeep","|turn|3","||adding 10 for new turn","|","|t:|1753080375","|move|p1a: Magneton|Thunderbolt|p2a: Skarmory","|-supereffective|p2a: Skarmory","|-damage|p2a: Skarmory|49/333","|move|p2a: Skarmory|Roar|p1a: Magneton","|drag|p1a: Metagross|Metagross|339/339","|-damage|p1a: Metagross|297/339|[from] Spikes","|","|-weather|Sandstorm|[upkeep]","|-heal|p1a: Metagross|318/339|[from] item: Leftovers","|-heal|p2a: Skarmory|69/333|[from] item: Leftovers","|upkeep","|turn|4","||adding 10 for new turn","|","|t:|1753080383","|switch|p2a: Milotic|Milotic, F|393/393","|move|p1a: Metagross|Meteor Mash|p2a: Milotic","|-resisted|p2a: Milotic","|-damage|p2a: Milotic|310/393","|","|-weather|Sandstorm|[upkeep]","|-damage|p2a: Milotic|286/393|[from] Sandstorm","|-heal|p2a: Milotic|310/393|[from] item: Leftovers","|-heal|p1a: Metagross|339/339|[from] item: Leftovers","|upkeep","|turn|5","||adding 10 for new turn","|","|t:|1753080392","|move|p2a: Milotic|Surf|p1a: Metagross","|-damage|p1a: Metagross|222/339","|move|p1a: Metagross|Meteor Mash|p2a: Milotic","|-resisted|p2a: Milotic","|-damage|p2a: Milotic|218/393","|","|-weather|Sandstorm|[upkeep]","|-damage|p2a: Milotic|194/393|[from] Sandstorm","|-heal|p2a: Milotic|218/393|[from] item: Leftovers","|-heal|p1a: Metagross|243/339|[from] item: Leftovers","|upkeep","|turn|6","||adding 10 for new turn","|","|t:|1753080400","|move|p2a: Milotic|Surf|p1a: Metagross","|-damage|p1a: Metagross|116/339","|move|p1a: Metagross|Meteor Mash|p2a: Milotic","|-resisted|p2a: Milotic","|-damage|p2a: Milotic|126/393","|","|-weather|Sandstorm|[upkeep]","|-damage|p2a: Milotic|102/393|[from] Sandstorm","|-heal|p2a: Milotic|126/393|[from] item: Leftovers","|-heal|p1a: Metagross|137/339|[from] item: Leftovers","|upkeep","|turn|7","||adding 10 for new turn","|","|t:|1753080408","|move|p2a: Milotic|Recover|p2a: Milotic","|-heal|p2a: Milotic|322/393","|move|p1a: Metagross|Explosion|p2a: Milotic","|-damage|p2a: Milotic|0 fnt","|faint|p1a: Metagross","|faint|p2a: Milotic","||adding 5 to each for mid turn request","|","|t:|1753080416","|switch|p2a: Blissey|Blissey, F|661/661","|switch|p1a: Heracross|Heracross, M|337/337","|-damage|p1a: Heracross|295/337|[from] Spikes","|","|-weather|Sandstorm|[upkeep]","|-damage|p1a: Heracross|274/337|[from] Sandstorm","|-damage|p2a: Blissey|620/661|[from] Sandstorm","|-heal|p1a: Heracross|295/337|[from] item: Leftovers","|-heal|p2a: Blissey|661/661|[from] item: Leftovers","|upkeep","|turn|8","||adding 10 for new turn","|","|t:|1753080424","|switch|p2a: Skarmory|Skarmory, M|69/333","|move|p1a: Heracross|Brick Break|p2a: Skarmory","|-damage|p2a: Skarmory|0 fnt","|faint|p2a: Skarmory","||adding 5 to each for mid turn request","|","|t:|1753080432","|switch|p2a: Dugtrio|Dugtrio, M|211/211","|","|-weather|Sandstorm|[upkeep]","|-damage|p1a: Heracross|274/337|[from] Sandstorm","|-heal|p1a: Heracross|295/337|[from] item: Leftovers","|upkeep","|turn|9","||adding 10 for new turn","|","|t:|1753080439","|move|p2a: Dugtrio|Aerial Ace|p1a: Heracross","|-supereffective|p1a: Heracross","|-damage|p1a: Heracross|0 fnt","|faint|p1a: Heracross","||adding 5 to each for mid turn request","|","|t:|1753080447","|switch|p1a: Gyarados|Gyarados, F|330/330","|-ability|p1a: Gyarados|Intimidate|boost","|-unboost|p2a: Dugtrio|atk|1","|","|-weather|Sandstorm|[upkeep]","|-damage|p1a: Gyarados|310/330|[from] Sandstorm","|-heal|p1a: Gyarados|330/330|[from] item: Leftovers","|upkeep","|turn|10","||adding 10 for new turn","|","|t:|1753080455","|switch|p2a: Tyranitar|Tyranitar, M|387/387","|move|p1a: Gyarados|Earthquake|p2a: Tyranitar","|-supereffective|p2a: Tyranitar","|-damage|p2a: Tyranitar|198/387","|","|-weather|Sandstorm|[upkeep]","|-damage|p1a: Gyarados|310/330|[from] Sandstorm","|-heal|p1a: Gyarados|330/330|[from] item: Leftovers","|-heal|p2a: Tyranitar|222/387|[from] item: Leftovers","|upkeep","|turn|11","||adding 10 for new turn","|","|t:|1753080464","|switch|p1a: Milotic|Milotic, M|393/393","|-damage|p1a: Milotic|344/393|[from] Spikes","|move|p2a: Tyranitar|Rock Slide|p1a: Milotic","|-damage|p1a: Milotic|228/393","|","|-weather|Sandstorm|[upkeep]","|-damage|p1a: Milotic|204/393|[from] Sandstorm","|-heal|p1a: Milotic|228/393|[from] item: Leftovers","|-heal|p2a: Tyranitar|246/387|[from] item: Leftovers","|upkeep","|turn|12","||adding 10 for new turn","|","|t:|1753080472","|switch|p2a: Blissey|Blissey, F|661/661","|move|p1a: Milotic|Surf|p2a: Blissey","|-damage|p2a: Blissey|570/661","|","|-weather|Sandstorm|[upkeep]","|-damage|p1a: Milotic|204/393|[from] Sandstorm","|-damage|p2a: Blissey|529/661|[from] Sandstorm","|-heal|p1a: Milotic|228/393|[from] item: Leftovers","|-heal|p2a: Blissey|570/661|[from] item: Leftovers","|upkeep","|turn|13","||adding 10 for new turn","|","|t:|1753080480","|move|p1a: Milotic|Hypnosis|p2a: Blissey|[miss]","|-miss|p1a: Milotic|p2a: Blissey","|move|p2a: Blissey|Thunder Wave|p1a: Milotic","|-status|p1a: Milotic|par","|","|-weather|Sandstorm|[upkeep]","|-damage|p2a: Blissey|529/661|[from] Sandstorm","|-damage|p1a: Milotic|204/393 par|[from] Sandstorm","|-heal|p2a: Blissey|570/661|[from] item: Leftovers","|-heal|p1a: Milotic|228/393 par|[from] item: Leftovers","|upkeep","|turn|14","||adding 10 for new turn","|","|t:|1753080488","|move|p2a: Blissey|Seismic Toss|p1a: Milotic","|-damage|p1a: Milotic|128/393 par","|cant|p1a: Milotic|par","|","|-weather|Sandstorm|[upkeep]","|-damage|p2a: Blissey|529/661|[from] Sandstorm","|-damage|p1a: Milotic|104/393 par|[from] Sandstorm","|-heal|p2a: Blissey|570/661|[from] item: Leftovers","|-heal|p1a: Milotic|128/393 par|[from] item: Leftovers","|upkeep","|turn|15","||adding 10 for new turn","|","|t:|1753080496","|move|p2a: Blissey|Seismic Toss|p1a: Milotic","|-damage|p1a: Milotic|28/393 par","|move|p1a: Milotic|Recover|p1a: Milotic","|-heal|p1a: Milotic|224/393 par","|","|-weather|Sandstorm|[upkeep]","|-damage|p2a: Blissey|529/661|[from] Sandstorm","|-damage|p1a: Milotic|200/393 par|[from] Sandstorm","|-heal|p2a: Blissey|570/661|[from] item: Leftovers","|-heal|p1a: Milotic|224/393 par|[from] item: Leftovers","|upkeep","|turn|16","||adding 10 for new turn","|","|t:|1753080505","|move|p2a: Blissey|Seismic Toss|p1a: Milotic","|-damage|p1a: Milotic|124/393 par","|cant|p1a: Milotic|par","|","|-weather|Sandstorm|[upkeep]","|-damage|p2a: Blissey|529/661|[from] Sandstorm","|-damage|p1a: Milotic|100/393 par|[from] Sandstorm","|-heal|p2a: Blissey|570/661|[from] item: Leftovers","|-heal|p1a: Milotic|124/393 par|[from] item: Leftovers","|upkeep","|turn|17","||adding 10 for new turn","|","|t:|1753080513","|move|p2a: Blissey|Seismic Toss|p1a: Milotic","|-damage|p1a: Milotic|24/393 par","|move|p1a: Milotic|Recover|p1a: Milotic","|-heal|p1a: Milotic|220/393 par","|","|-weather|Sandstorm|[upkeep]","|-damage|p2a: Blissey|529/661|[from] Sandstorm","|-damage|p1a: Milotic|196/393 par|[from] Sandstorm","|-heal|p2a: Blissey|570/661|[from] item: Leftovers","|-heal|p1a: Milotic|220/393 par|[from] item: Leftovers","|upkeep","|turn|18","||adding 10 for new turn","|","|t:|1753080521","|move|p2a: Blissey|Seismic Toss|p1a: Milotic","|-damage|p1a: Milotic|120/393 par","|move|p1a: Milotic|Recover|p1a: Milotic","|-heal|p1a: Milotic|316/393 par","|","|-weather|Sandstorm|[upkeep]","|-damage|p2a: Blissey|529/661|[from] Sandstorm","|-damage|p1a: Milotic|292/393 par|[from] Sandstorm","|-heal|p2a: Blissey|570/661|[from] item: Leftovers","|-heal|p1a: Milotic|316/393 par|[from] item: Leftovers","|upkeep","|turn|19","||adding 10 for new turn","|","|t:|1753080530","|move|p2a: Blissey|Seismic Toss|p1a: Milotic","|-damage|p1a: Milotic|216/393 par","|cant|p1a: Milotic|par","|","|-weather|Sandstorm|[upkeep]","|-damage|p2a: Blissey|529/661|[from] Sandstorm","|-damage|p1a: Milotic|192/393 par|[from] Sandstorm","|-heal|p2a: Blissey|570/661|[from] item: Leftovers","|-heal|p1a: Milotic|216/393 par|[from] item: Leftovers","|upkeep","|turn|20","||adding 10 for new turn","|","|t:|1753080538","|move|p2a: Blissey|Seismic Toss|p1a: Milotic","|-damage|p1a: Milotic|116/393 par","|move|p1a: Milotic|Recover|p1a: Milotic","|-heal|p1a: Milotic|312/393 par","|","|-weather|Sandstorm|[upkeep]","|-damage|p2a: Blissey|529/661|[from] Sandstorm","|-damage|p1a: Milotic|288/393 par|[from] Sandstorm","|-heal|p2a: Blissey|570/661|[from] item: Leftovers","|-heal|p1a: Milotic|312/393 par|[from] item: Leftovers","|upkeep","|turn|21","||adding 10 for new turn","|","|t:|1753080546","|move|p2a: Blissey|Seismic Toss|p1a: Milotic","|-damage|p1a: Milotic|212/393 par","|move|p1a: Milotic|Recover|p1a: Milotic","|-heal|p1a: Milotic|393/393 par","|","|-weather|Sandstorm|[upkeep]","|-damage|p2a: Blissey|529/661|[from] Sandstorm","|-damage|p1a: Milotic|369/393 par|[from] Sandstorm","|-heal|p2a: Blissey|570/661|[from] item: Leftovers","|-heal|p1a: Milotic|393/393 par|[from] item: Leftovers","|upkeep","|turn|22","||adding 10 for new turn","|","|t:|1753080555","|move|p2a: Blissey|Seismic Toss|p1a: Milotic","|-damage|p1a: Milotic|293/393 par","|move|p1a: Milotic|Hypnosis|p2a: Blissey|[miss]","|-miss|p1a: Milotic|p2a: Blissey","|","|-weather|Sandstorm|[upkeep]","|-damage|p2a: Blissey|529/661|[from] Sandstorm","|-damage|p1a: Milotic|269/393 par|[from] Sandstorm","|-heal|p2a: Blissey|570/661|[from] item: Leftovers","|-heal|p1a: Milotic|293/393 par|[from] item: Leftovers","|upkeep","|turn|23","||adding 10 for new turn","|","|t:|1753080563","|move|p2a: Blissey|Soft-Boiled|p2a: Blissey","|-heal|p2a: Blissey|661/661","|move|p1a: Milotic|Recover|p1a: Milotic","|-heal|p1a: Milotic|393/393 par","|","|-weather|Sandstorm|[upkeep]","|-damage|p2a: Blissey|620/661|[from] Sandstorm","|-damage|p1a: Milotic|369/393 par|[from] Sandstorm","|-heal|p2a: Blissey|661/661|[from] item: Leftovers","|-heal|p1a: Milotic|393/393 par|[from] item: Leftovers","|upkeep","|turn|24","||adding 10 for new turn","|","|t:|1753080567","|move|p2a: Blissey|Seismic Toss|p1a: Milotic","|-damage|p1a: Milotic|293/393 par","|move|p1a: Milotic|Surf|p2a: Blissey","|-damage|p2a: Blissey|576/661","|","|-weather|Sandstorm|[upkeep]","|-damage|p2a: Blissey|535/661|[from] Sandstorm","|-damage|p1a: Milotic|269/393 par|[from] Sandstorm","|-heal|p2a: Blissey|576/661|[from] item: Leftovers","|-heal|p1a: Milotic|293/393 par|[from] item: Leftovers","|upkeep","|turn|25","||adding 10 for new turn","|","|t:|1753080572","|move|p2a: Blissey|Soft-Boiled|p2a: Blissey","|-heal|p2a: Blissey|661/661","|move|p1a: Milotic|Recover|p1a: Milotic","|-heal|p1a: Milotic|393/393 par","|","|-weather|Sandstorm|[upkeep]","|-damage|p2a: Blissey|620/661|[from] Sandstorm","|-damage|p1a: Milotic|369/393 par|[from] Sandstorm","|-heal|p2a: Blissey|661/661|[from] item: Leftovers","|-heal|p1a: Milotic|393/393 par|[from] item: Leftovers","|upkeep","|turn|26","||adding 10 for new turn","|","|t:|1753080577","|move|p2a: Blissey|Seismic Toss|p1a: Milotic","|-damage|p1a: Milotic|293/393 par","|cant|p1a: Milotic|par","|","|-weather|Sandstorm|[upkeep]","|-damage|p2a: Blissey|620/661|[from] Sandstorm","|-damage|p1a: Milotic|269/393 par|[from] Sandstorm","|-heal|p2a: Blissey|661/661|[from] item: Leftovers","|-heal|p1a: Milotic|293/393 par|[from] item: Leftovers","|upkeep","|turn|27","||adding 10 for new turn","|","|t:|1753080582","|move|p2a: Blissey|Seismic Toss|p1a: Milotic","|-damage|p1a: Milotic|193/393 par","|move|p1a: Milotic|Recover|p1a: Milotic","|-heal|p1a: Milotic|389/393 par","|","|-weather|Sandstorm|[upkeep]","|-damage|p2a: Blissey|620/661|[from] Sandstorm","|-damage|p1a: Milotic|365/393 par|[from] Sandstorm","|-heal|p2a: Blissey|661/661|[from] item: Leftovers","|-heal|p1a: Milotic|389/393 par|[from] item: Leftovers","|upkeep","|turn|28","||adding 10 for new turn","|","|t:|1753080587","|move|p2a: Blissey|Seismic Toss|p1a: Milotic","|-damage|p1a: Milotic|289/393 par","|cant|p1a: Milotic|par","|","|-weather|Sandstorm|[upkeep]","|-damage|p2a: Blissey|620/661|[from] Sandstorm","|-damage|p1a: Milotic|265/393 par|[from] Sandstorm","|-heal|p2a: Blissey|661/661|[from] item: Leftovers","|-heal|p1a: Milotic|289/393 par|[from] item: Leftovers","|upkeep","|turn|29","||adding 10 for new turn","|","|t:|1753080591","|move|p2a: Blissey|Seismic Toss|p1a: Milotic","|-damage|p1a: Milotic|189/393 par","|move|p1a: Milotic|Recover|p1a: Milotic","|-heal|p1a: Milotic|385/393 par","|","|-weather|Sandstorm|[upkeep]","|-damage|p2a: Blissey|620/661|[from] Sandstorm","|-damage|p1a: Milotic|361/393 par|[from] Sandstorm","|-heal|p2a: Blissey|661/661|[from] item: Leftovers","|-heal|p1a: Milotic|385/393 par|[from] item: Leftovers","|upkeep","|turn|30","||adding 10 for new turn","|","|t:|1753080596","|move|p2a: Blissey|Seismic Toss|p1a: Milotic","|-damage|p1a: Milotic|285/393 par","|cant|p1a: Milotic|par","|","|-weather|Sandstorm|[upkeep]","|-damage|p2a: Blissey|620/661|[from] Sandstorm","|-damage|p1a: Milotic|261/393 par|[from] Sandstorm","|-heal|p2a: Blissey|661/661|[from] item: Leftovers","|-heal|p1a: Milotic|285/393 par|[from] item: Leftovers","|upkeep","|turn|31","||adding 10 for new turn","|","|t:|1753080601","|move|p2a: Blissey|Seismic Toss|p1a: Milotic","|-damage|p1a: Milotic|185/393 par","|cant|p1a: Milotic|par","|","|-weather|Sandstorm|[upkeep]","|-damage|p2a: Blissey|620/661|[from] Sandstorm","|-damage|p1a: Milotic|161/393 par|[from] Sandstorm","|-heal|p2a: Blissey|661/661|[from] item: Leftovers","|-heal|p1a: Milotic|185/393 par|[from] item: Leftovers","|upkeep","|turn|32","||adding 10 for new turn","|","|t:|1753080606","|move|p2a: Blissey|Seismic Toss|p1a: Milotic","|-damage|p1a: Milotic|85/393 par","|move|p1a: Milotic|Recover|p1a: Milotic","|-heal|p1a: Milotic|281/393 par","|","|-weather|Sandstorm|[upkeep]","|-damage|p2a: Blissey|620/661|[from] Sandstorm","|-damage|p1a: Milotic|257/393 par|[from] Sandstorm","|-heal|p2a: Blissey|661/661|[from] item: Leftovers","|-heal|p1a: Milotic|281/393 par|[from] item: Leftovers","|upkeep","|turn|33","||adding 10 for new turn","|","|t:|1753080611","|move|p2a: Blissey|Seismic Toss|p1a: Milotic","|-damage|p1a: Milotic|181/393 par","|cant|p1a: Milotic|par","|","|-weather|Sandstorm|[upkeep]","|-damage|p2a: Blissey|620/661|[from] Sandstorm","|-damage|p1a: Milotic|157/393 par|[from] Sandstorm","|-heal|p2a: Blissey|661/661|[from] item: Leftovers","|-heal|p1a: Milotic|181/393 par|[from] item: Leftovers","|upkeep","|turn|34","||adding 10 for new turn","|","|t:|1753080615","|move|p2a: Blissey|Seismic Toss|p1a: Milotic","|-damage|p1a: Milotic|81/393 par","|move|p1a: Milotic|Recover|p1a: Milotic","|-heal|p1a: Milotic|277/393 par","|","|-weather|Sandstorm|[upkeep]","|-damage|p2a: Blissey|620/661|[from] Sandstorm","|-damage|p1a: Milotic|253/393 par|[from] Sandstorm","|-heal|p2a: Blissey|661/661|[from] item: Leftovers","|-heal|p1a: Milotic|277/393 par|[from] item: Leftovers","|upkeep","|turn|35","||adding 10 for new turn","|","|t:|1753080620","|move|p2a: Blissey|Seismic Toss|p1a: Milotic","|-damage|p1a: Milotic|177/393 par","|cant|p1a: Milotic|par","|","|-weather|Sandstorm|[upkeep]","|-damage|p2a: Blissey|620/661|[from] Sandstorm","|-damage|p1a: Milotic|153/393 par|[from] Sandstorm","|-heal|p2a: Blissey|661/661|[from] item: Leftovers","|-heal|p1a: Milotic|177/393 par|[from] item: Leftovers","|upkeep","|turn|36","||adding 10 for new turn","|","|t:|1753080625","|move|p2a: Blissey|Seismic Toss|p1a: Milotic","|-damage|p1a: Milotic|77/393 par","|cant|p1a: Milotic|par","|","|-weather|Sandstorm|[upkeep]","|-damage|p2a: Blissey|620/661|[from] Sandstorm","|-damage|p1a: Milotic|53/393 par|[from] Sandstorm","|-heal|p2a: Blissey|661/661|[from] item: Leftovers","|-heal|p1a: Milotic|77/393 par|[from] item: Leftovers","|upkeep","|turn|37","||adding 10 for new turn","|","|t:|1753080629","|move|p2a: Blissey|Seismic Toss|p1a: Milotic","|-damage|p1a: Milotic|0 fnt","|faint|p1a: Milotic","||adding 5 to each for mid turn request","|","|t:|1753080634","|switch|p1a: Gyarados|Gyarados, F|330/330","|-ability|p1a: Gyarados|Intimidate|boost","|-unboost|p2a: Blissey|atk|1","|","|-weather|Sandstorm|[upkeep]","|-damage|p1a: Gyarados|310/330|[from] Sandstorm","|-damage|p2a: Blissey|620/661|[from] Sandstorm","|-heal|p1a: Gyarados|330/330|[from] item: Leftovers","|-heal|p2a: Blissey|661/661|[from] item: Leftovers","|upkeep","|turn|38","||adding 10 for new turn","|","|t:|1753080642","|move|p1a: Gyarados|Dragon Dance|p1a: Gyarados","|-boost|p1a: Gyarados|atk|1","|-boost|p1a: Gyarados|spe|1","|move|p2a: Blissey|Thunder Wave|p1a: Gyarados","|-status|p1a: Gyarados|par","|","|-weather|Sandstorm|[upkeep]","|-damage|p2a: Blissey|620/661|[from] Sandstorm","|-damage|p1a: Gyarados|310/330 par|[from] Sandstorm","|-heal|p2a: Blissey|661/661|[from] item: Leftovers","|-heal|p1a: Gyarados|330/330 par|[from] item: Leftovers","|upkeep","|turn|39","||adding 10 for new turn","|","|t:|1753080649","|move|p2a: Blissey|Seismic Toss|p1a: Gyarados","|-damage|p1a: Gyarados|230/330 par","|move|p1a: Gyarados|Earthquake|p2a: Blissey","|-damage|p2a: Blissey|335/661","|","|-weather|Sandstorm|[upkeep]","|-damage|p2a: Blissey|294/661|[from] Sandstorm","|-damage|p1a: Gyarados|210/330 par|[from] Sandstorm","|-heal|p2a: Blissey|335/661|[from] item: Leftovers","|-heal|p1a: Gyarados|230/330 par|[from] item: Leftovers","|upkeep","|turn|40","||adding 10 for new turn","|","|t:|1753080657","|move|p2a: Blissey|Seismic Toss|p1a: Gyarados","|-damage|p1a: Gyarados|130/330 par","|move|p1a: Gyarados|Earthquake|p2a: Blissey","|-damage|p2a: Blissey|0 fnt","|faint|p2a: Blissey","||adding 5 to each for mid turn request","|","|t:|1753080665","|switch|p2a: Tyranitar|Tyranitar, M|246/387","|","|-weather|Sandstorm|[upkeep]","|-damage|p1a: Gyarados|110/330 par|[from] Sandstorm","|-heal|p2a: Tyranitar|270/387|[from] item: Leftovers","|-heal|p1a: Gyarados|130/330 par|[from] item: Leftovers","|upkeep","|turn|41","||adding 10 for new turn","|","|t:|1753080673","|switch|p1a: Magneton|Magneton|277/277","|-damage|p1a: Magneton|243/277|[from] Spikes","|move|p2a: Tyranitar|Rock Slide|p1a: Magneton","|-resisted|p1a: Magneton","|-damage|p1a: Magneton|168/277","|","|-weather|Sandstorm|[upkeep]","|-heal|p1a: Magneton|185/277|[from] item: Leftovers","|-heal|p2a: Tyranitar|294/387|[from] item: Leftovers","|upkeep","|turn|42","||adding 10 for new turn","|","|t:|1753080681","|switch|p1a: Gyarados|Gyarados, F|130/330 par","|-ability|p1a: Gyarados|Intimidate|boost","|-unboost|p2a: Tyranitar|atk|1","|move|p2a: Tyranitar|Earthquake|p1a: Gyarados","|-immune|p1a: Gyarados","|","|-weather|Sandstorm|[upkeep]","|-damage|p1a: Gyarados|110/330 par|[from] Sandstorm","|-heal|p2a: Tyranitar|318/387|[from] item: Leftovers","|-heal|p1a: Gyarados|130/330 par|[from] item: Leftovers","|upkeep","|turn|43","||adding 10 for new turn","|","|t:|1753080689","|switch|p1a: Magneton|Magneton|185/277","|-damage|p1a: Magneton|151/277|[from] Spikes","|move|p2a: Tyranitar|Rock Slide|p1a: Magneton","|-resisted|p1a: Magneton","|-crit|p1a: Magneton","|-damage|p1a: Magneton|10/277","|","|-weather|Sandstorm|[upkeep]","|-heal|p1a: Magneton|27/277|[from] item: Leftovers","|-heal|p2a: Tyranitar|342/387|[from] item: Leftovers","|upkeep","|turn|44","||adding 10 for new turn","|","|t:|1753080697","|switch|p2a: Claydol|Claydol|317/317","|move|p1a: Magneton|Thunder Wave|p2a: Claydol","|-immune|p2a: Claydol","|","|-weather|Sandstorm|[upkeep]","|-heal|p1a: Magneton|44/277|[from] item: Leftovers","|upkeep","|turn|45","||adding 10 for new turn","|","|t:|1753080705","|switch|p1a: Celebi|Celebi|401/401","|-damage|p1a: Celebi|351/401|[from] Spikes","|move|p2a: Claydol|Psychic|p1a: Celebi","|-resisted|p1a: Celebi","|-damage|p1a: Celebi|311/401","|","|-weather|Sandstorm|[upkeep]","|-damage|p1a: Celebi|286/401|[from] Sandstorm","|-heal|p1a: Celebi|311/401|[from] item: Leftovers","|upkeep","|turn|46","||adding 10 for new turn","|","|t:|1753080713","|switch|p2a: Tyranitar|Tyranitar, M|342/387","|move|p1a: Celebi|Baton Pass|p1a: Celebi","||adding 5 to each for mid turn request","|","|t:|1753080720","|switch|p1a: Magneton|Magneton|44/277|[from] Baton Pass","|-damage|p1a: Magneton|10/277|[from] Spikes","|","|-weather|Sandstorm|[upkeep]","|-heal|p1a: Magneton|27/277|[from] item: Leftovers","|-heal|p2a: Tyranitar|366/387|[from] item: Leftovers","|upkeep","|turn|47","||adding 10 for new turn","|","|t:|1753080728","|move|p1a: Magneton|Thunder Wave|p2a: Tyranitar","|-status|p2a: Tyranitar|par","|cant|p2a: Tyranitar|par","|","|-weather|Sandstorm|[upkeep]","|-heal|p1a: Magneton|44/277|[from] item: Leftovers","|-heal|p2a: Tyranitar|387/387 par|[from] item: Leftovers","|upkeep","|turn|48","||adding 10 for new turn","|","|t:|1753080736","|move|p1a: Magneton|Thunderbolt|p2a: Tyranitar","|-damage|p2a: Tyranitar|253/387 par","|cant|p2a: Tyranitar|par","|","|-weather|Sandstorm|[upkeep]","|-heal|p1a: Magneton|61/277|[from] item: Leftovers","|-heal|p2a: Tyranitar|277/387 par|[from] item: Leftovers","|upkeep","|turn|49","||adding 10 for new turn","|","|t:|1753080744","|switch|p2a: Claydol|Claydol|317/317","|move|p1a: Magneton|Thunderbolt|p2a: Claydol","|-immune|p2a: Claydol","|","|-weather|Sandstorm|[upkeep]","|-heal|p1a: Magneton|78/277|[from] item: Leftovers","|upkeep","|turn|50","||adding 10 for new turn","|","|t:|1753080752","|switch|p1a: Gyarados|Gyarados, F|130/330 par","|-ability|p1a: Gyarados|Intimidate|boost","|-unboost|p2a: Claydol|atk|1","|move|p2a: Claydol|Earthquake|p1a: Gyarados","|-immune|p1a: Gyarados","|","|-weather|Sandstorm|[upkeep]","|-damage|p1a: Gyarados|110/330 par|[from] Sandstorm","|-heal|p1a: Gyarados|130/330 par|[from] item: Leftovers","|upkeep","|turn|51","||adding 10 for new turn","|","|t:|1753080760","|move|p2a: Claydol|Psychic|p1a: Gyarados","|-damage|p1a: Gyarados|53/330 par","|move|p1a: Gyarados|Hidden Power|p2a: Claydol","|-damage|p2a: Claydol|197/317","|","|-weather|Sandstorm|[upkeep]","|-damage|p1a: Gyarados|33/330 par|[from] Sandstorm","|-heal|p2a: Claydol|216/317|[from] item: Leftovers","|-heal|p1a: Gyarados|53/330 par|[from] item: Leftovers","|upkeep","|turn|52","||adding 10 for new turn","|","|t:|1753080768","|switch|p1a: Celebi|Celebi|311/401","|-damage|p1a: Celebi|261/401|[from] Spikes","|move|p2a: Claydol|Psychic|p1a: Celebi","|-resisted|p1a: Celebi","|-damage|p1a: Celebi|225/401","|","|-weather|Sandstorm|[upkeep]","|-damage|p1a: Celebi|200/401|[from] Sandstorm","|-heal|p1a: Celebi|225/401|[from] item: Leftovers","|-heal|p2a: Claydol|235/317|[from] item: Leftovers","|upkeep","|turn|53","||adding 10 for new turn","|","|t:|1753080776","|switch|p2a: Tyranitar|Tyranitar, M|277/387 par","|move|p1a: Celebi|Baton Pass|p1a: Celebi","||adding 5 to each for mid turn request","|","|t:|1753080783","|switch|p1a: Gyarados|Gyarados, F|53/330 par|[from] Baton Pass","|-ability|p1a: Gyarados|Intimidate|boost","|-unboost|p2a: Tyranitar|atk|1","|","|-weather|Sandstorm|[upkeep]","|-damage|p1a: Gyarados|33/330 par|[from] Sandstorm","|-heal|p1a: Gyarados|53/330 par|[from] item: Leftovers","|-heal|p2a: Tyranitar|301/387 par|[from] item: Leftovers","|upkeep","|turn|54","||adding 10 for new turn","|","|t:|1753080791","|move|p1a: Gyarados|Hidden Power|p2a: Tyranitar","|-resisted|p2a: Tyranitar","|-damage|p2a: Tyranitar|255/387 par","|move|p2a: Tyranitar|Rock Slide|p1a: Gyarados","|-supereffective|p1a: Gyarados","|-damage|p1a: Gyarados|0 fnt","|faint|p1a: Gyarados","||adding 5 to each for mid turn request","|","|t:|1753080798","|switch|p1a: Magneton|Magneton|78/277","|-damage|p1a: Magneton|44/277|[from] Spikes","|","|-weather|Sandstorm|[upkeep]","|-heal|p1a: Magneton|61/277|[from] item: Leftovers","|-heal|p2a: Tyranitar|279/387 par|[from] item: Leftovers","|upkeep","|turn|55","||adding 10 for new turn","|","|t:|1753080805","|move|p1a: Magneton|Thunderbolt|p2a: Tyranitar","|-crit|p2a: Tyranitar","|-damage|p2a: Tyranitar|2/387 par","|cant|p2a: Tyranitar|par","|","|-weather|Sandstorm|[upkeep]","|-heal|p1a: Magneton|78/277|[from] item: Leftovers","|-heal|p2a: Tyranitar|26/387 par|[from] item: Leftovers","|upkeep","|turn|56","||adding 10 for new turn","|","|t:|1753080813","|move|p1a: Magneton|Toxic||[still]","|-fail|p1a: Magneton","|cant|p2a: Tyranitar|par","|","|-weather|Sandstorm|[upkeep]","|-heal|p1a: Magneton|95/277|[from] item: Leftovers","|-heal|p2a: Tyranitar|50/387 par|[from] item: Leftovers","|upkeep","|turn|57","||adding 10 for new turn","|","|t:|1753080820","|switch|p1a: Celebi|Celebi|225/401","|-damage|p1a: Celebi|175/401|[from] Spikes","|switch|p2a: Dugtrio|Dugtrio, M|211/211","|","|-weather|Sandstorm|[upkeep]","|-damage|p1a: Celebi|150/401|[from] Sandstorm","|-heal|p1a: Celebi|175/401|[from] item: Leftovers","|upkeep","|turn|58","||adding 10 for new turn","|","|t:|1753080827","|move|p2a: Dugtrio|Hidden Power|p1a: Celebi","|-supereffective|p1a: Celebi","|-damage|p1a: Celebi|0 fnt","|faint|p1a: Celebi","||adding 5 to each for mid turn request","|","|t:|1753080833","|switch|p1a: Magneton|Magneton|95/277","|-damage|p1a: Magneton|61/277|[from] Spikes","|","|-weather|Sandstorm|[upkeep]","|-heal|p1a: Magneton|78/277|[from] item: Leftovers","|upkeep","|turn|59","||adding 10 for new turn","|","|t:|1753080840","|switch|p2a: Claydol|Claydol|235/317","|move|p1a: Magneton|Toxic|p2a: Claydol","|-status|p2a: Claydol|tox","|","|-weather|Sandstorm|[upkeep]","|-heal|p1a: Magneton|95/277|[from] item: Leftovers","|-heal|p2a: Claydol|254/317 tox|[from] item: Leftovers","|-damage|p2a: Claydol|235/317 tox|[from] psn","|upkeep","|turn|60","||adding 10 for new turn","|","|t:|1753080847","|move|p1a: Magneton|Hidden Power|p2a: Claydol","|-damage|p2a: Claydol|176/317 tox","|move|p2a: Claydol|Earthquake|p1a: Magneton","|-supereffective|p1a: Magneton","|-damage|p1a: Magneton|0 fnt","|faint|p1a: Magneton","|","|win|foultestacceptor1",""],"p1rating":null,"p2rating":null,"endType":"normal","ladderError":true,"timestamp":"Sun Jul 20 2025 23:54:07 GMT-0700 (アメリカ太平洋夏時間)","roomid":"battle-gen3ou-1137","format":"gen3ou"}