{"winner":"foultestacceptor1","seed":"sodium,efcd318c04b396b203a8a8ffebd8286e","turns":56,"p1":"foultestchallenge1","p2":"foultestacceptor1","p1team":[{"name":"Skarmory","species":"Skarmory","item":"Leftovers","ability":"Keen Eye","moves":["Spikes","Protect","Roar","Toxic"],"nature":"Careful","evs":{"hp":252,"atk":0,"def":8,"spa":0,"spd":248,"spe":0},"gender":"F","ivs":{"hp":31,"atk":0,"def":31,"spa":31,"spd":31,"spe":31},"level":100},{"name":"Blissey","species":"Blissey","item":"Leftovers","ability":"Natural Cure","moves":["Soft-Boiled","Ice Beam","Toxic","Fire Blast"],"nature":"Modest","evs":{"hp":0,"atk":0,"def":252,"spa":252,"spd":0,"spe":4},"gender":"F","ivs":{"hp":31,"atk":0,"def":31,"spa":31,"spd":31,"spe":31},"shiny":true,"level":100},{"name":"Tyranitar","species":"Tyranitar","item":"Leftovers","ability":"Sand Stream","moves":["Focus Punch","Rock Slide","Hidden Power Bug","Earthquake"],"nature":"Adamant","evs":{"hp":248,"atk":196,"def":12,"spa":0,"spd":52,"spe":0},"gender":"F","ivs":{"hp":31,"atk":30,"def":30,"spa":31,"spd":30,"spe":31},"happiness":255,"hpType":"Bug","pokeball":"","gigantamax":false,"dynamaxLevel":10,"teraType":"","level":100},{"name":"Swampert","species":"Swampert","item":"Leftovers","ability":"Torrent","moves":["Earthquake","Ice Beam","Hydro Pump","Protect"],"nature":"Relaxed","evs":{"hp":240,"atk":0,"def":136,"spa":40,"spd":48,"spe":44},"gender":"F","level":100,"ivs":{"hp":31,"atk":31,"def":31,"spa":31,"spd":31,"spe":31}},{"name":"Gengar","species":"Gengar","item":"Leftovers","ability":"Levitate","moves":["Will-O-Wisp","Thunderbolt","Ice Punch","Explosion"],"nature":"Timid","evs":{"hp":168,"atk":0,"def":0,"spa":0,"spd":164,"spe":176},"gender":"F","level":100,"ivs":{"hp":31,"atk":31,"def":31,"spa":31,"spd":31,"spe":31}},{"name":"Starmie","species":"Starmie","item":"Leftovers","ability":"Natural Cure","moves":["Hydro Pump","Ice Beam","Thunderbolt","Rapid Spin"],"nature":"Timid","evs":{"hp":4,"atk":0,"def":0,"spa":252,"spd":0,"spe":252},"gender":"N","ivs":{"hp":31,"atk":0,"def":31,"spa":31,"spd":31,"spe":31},"level":100}],"p2team":[{"name":"Dugtrio","species":"Dugtrio","item":"Choice Band","ability":"Arena Trap","moves":["Earthquake","Hidden Power Bug","Aerial Ace","Sunny Day"],"nature":"Adamant","evs":{"hp":96,"atk":168,"def":20,"spa":0,"spd":0,"spe":224},"gender":"M","ivs":{"hp":31,"atk":30,"def":30,"spa":31,"spd":30,"spe":31},"happiness":255,"hpType":"Bug","pokeball":"","gigantamax":false,"dynamaxLevel":10,"teraType":"","level":100},{"name":"Forretress","species":"Forretress","item":"Leftovers","ability":"Sturdy","moves":["Spikes","Zap Cannon","Explosion","Hidden Power Bug"],"nature":"Careful","evs":{"hp":252,"atk":0,"def":4,"spa":0,"spd":252,"spe":0},"gender":"M","ivs":{"hp":31,"atk":30,"def":30,"spa":31,"spd":30,"spe":31},"happiness":255,"hpType":"Bug","pokeball":"","gigantamax":false,"dynamaxLevel":10,"teraType":"","level":100},{"name":"Snorlax","species":"Snorlax","item":"Leftovers","ability":"Immunity","moves":["Return","Curse","Rest","Shadow Ball"],"nature":"Careful","evs":{"hp":144,"atk":96,"def":132,"spa":0,"spd":136,"spe":0},"gender":"M","level":100,"ivs":{"hp":31,"atk":31,"def":31,"spa":31,"spd":31,"spe":31}},{"name":"Suicune","species":"Suicune","item":"Leftovers","ability":"Pressure","moves":["Calm Mind","Rest","Ice Beam","Surf"],"nature":"Bold","evs":{"hp":240,"atk":0,"def":252,"spa":0,"spd":0,"spe":16},"gender":"N","ivs":{"hp":31,"atk":0,"def":31,"spa":31,"spd":31,"spe":31},"level":100},{"name":"Claydol","species":"Claydol","item":"Leftovers","ability":"Levitate","moves":["Earthquake","Psychic","Rapid Spin","Rest"],"nature":"Lonely","evs":{"hp":252,"atk":224,"def":0,"spa":24,"spd":0,"spe":8},"gender":"N","level":100,"ivs":{"hp":31,"atk":31,"def":31,"spa":31,"spd":31,"spe":31}},{"name":"Blissey","species":"Blissey","item":"Leftovers","ability":"Natural Cure","moves":["Soft-Boiled","Seismic Toss","Thunder Wave","Aromatherapy"],"nature":"Bold","evs":{"hp":252,"atk":0,"def":252,"spa":0,"spd":0,"spe":4},"gender":"F","ivs":{"hp":31,"atk":0,"def":31,"spa":31,"spd":31,"spe":31},"level":100}],"score":[0,5],"inputLog":[">version 372d05e49c92a79eecdf6c8dddb208bd1765c00f",">start {\"formatid\":\"gen3ou\",\"seed\":\"sodium,efcd318c04b396b203a8a8ffebd8286e\"}",">player p1 {\"name\":\"foultestchallenge1\",\"avatar\":\"169\",\"team\":\"Skarmory||Leftovers|KeenEye|Spikes,Protect,Roar,Toxic|Careful|252,,8,,248,|F|,0,,,,|||]Blissey||Leftovers|NaturalCure|SoftBoiled,IceBeam,Toxic,FireBlast|Modest|,,252,252,,4|F|,0,,,,|S||]Tyranitar||Leftovers|SandStream|FocusPunch,RockSlide,HiddenPowerBug,Earthquake|Adamant|248,196,12,,52,|F|,30,30,,30,|||,Bug,,,,]Swampert||Leftovers|Torrent|Earthquake,IceBeam,HydroPump,Protect|Relaxed|240,,136,40,48,44|F||||]Gengar||Leftovers|Levitate|WillOWisp,Thunderbolt,IcePunch,Explosion|Timid|168,,,,164,176|F||||]Starmie||Leftovers|NaturalCure|HydroPump,IceBeam,Thunderbolt,RapidSpin|Timid|4,,,252,,252|N|,0,,,,|||\",\"rating\":0}",">player p2 {\"name\":\"foultestacceptor1\",\"avatar\":\"102\",\"team\":\"Dugtrio||ChoiceBand|ArenaTrap|Earthquake,HiddenPowerBug,AerialAce,SunnyDay|Adamant|96,168,20,,,224|M|,30,30,,30,|||,Bug,,,,]Forretress||Leftovers|Sturdy|Spikes,ZapCannon,Explosion,HiddenPowerBug|Careful|252,,4,,252,|M|,30,30,,30,|||,Bug,,,,]Snorlax||Leftovers|Immunity|Return,Curse,Rest,ShadowBall|Careful|144,96,132,,136,|M||||]Suicune||Leftovers|Pressure|CalmMind,Rest,IceBeam,Surf|Bold|240,,252,,,16|N|,0,,,,|||]Claydol||Leftovers|Levitate|Earthquake,Psychic,RapidSpin,Rest|Lonely|252,224,,24,,8|N||||]Blissey||Leftovers|NaturalCure|SoftBoiled,SeismicToss,ThunderWave,Aromatherapy|Bold|252,,252,,,4|F|,0,,,,|||\",\"rating\":0}",">p1 move spikes",">p2 switch 2",">p1 switch 5",">p2 move spikes",">p1 move willowisp",">p2 switch 6",">p1 switch 3",">p2 move thunderwave",">p1 move focuspunch",">p2 switch 5",">p1 move hiddenpower",">p2 move rapidspin",">p1 switch 5",">p2 move rest",">p1 move spikes",">p2 switch 5",">p1 move spikes",">p2 move thunderwave",">p1 move spikes",">p2 move aromatherapy",">p1 move spikes",">p2 switch 5",">p1 switch 3",">p2 move psychic",">p1 move explosion",">p2 move psychic",">p1 switch 6",">p1 move icebeam",">p2 switch 5",">p1 move rapidspin",">p2 move softboiled",">p1 switch 5",">p2 move seismictoss",">p1 switch 5",">p2 move seismictoss",">p1 switch 5",">p2 move seismictoss",">p1 switch 5",">p2 move seismictoss",">p1 move thunderbolt",">p2 move seismictoss",">p1 switch 2",">p1 move icebeam",">p2 move softboiled",">p1 move icebeam",">p2 move seismictoss",">p1 move icebeam",">p2 move seismictoss",">p1 move softboiled",">p2 move softboiled",">p1 move icebeam",">p2 move seismictoss",">p1 move icebeam",">p2 move seismictoss",">p1 move softboiled",">p2 move thunderwave",">p1 move icebeam",">p2 move seismictoss",">p1 move icebeam",">p2 move softboiled",">p1 move icebeam",">p2 move seismictoss",">p1 move icebeam",">p2 move seismictoss",">p1 move icebeam",">p2 switch 5",">p2 switch 2",">p1 move icebeam",">p2 move earthquake",">p1 switch 4",">p1 move hydropump",">p2 switch 4",">p1 move earthquake",">p2 move calmmind",">p1 move earthquake",">p2 move surf",">p1 move earthquake",">p2 move rest",">p1 move earthquake",">p2 move rest",">p1 move earthquake",">p2 move rest",">p1 move earthquake",">p2 move surf",">p1 move earthquake",">p2 move rest",">p1 move earthquake",">p2 move calmmind",">p1 switch 3",">p2 move calmmind",">p1 move roar",">p2 move surf",">p1 move roar",">p2 move return",">p1 move roar",">p2 move return",">p1 move roar",">p2 move surf",">p1 move roar",">p2 move return",">p1 move roar",">p2 move return",">p1 switch 3",">p1 move protect",">p2 move curse",">p1 switch 5",">p2 move return",">p1 move focuspunch",">p2 move return",">p1 switch 5",">p1 move protect",">p2 move return",">p1 move protect",">p2 move return",">p1 move icebeam",">p2 move return",">p1 move icebeam",">p2 move shadowball"],"log":["|j|☆foultestchallenge1","|j|☆foultestacceptor1","|t:|1753064289","|gametype|singles","|player|p1|foultestchallenge1|169|","|player|p2|foultestacceptor1|102|","|teamsize|p1|6","|teamsize|p2|6","|gen|3","|tier|[Gen 3] OU","|rule|Sleep Clause Mod: Limit one foe put to sleep","|rule|Switch Priority Clause Mod: Faster Pokémon switch first","|rule|Species Clause: Limit one of each Pokémon","|rule|OHKO Clause: OHKO moves are banned","|rule|Evasion Items Clause: Evasion items are banned","|rule|Evasion Moves Clause: Evasion moves are banned","|rule|Endless Battle Clause: Forcing endless battles is banned","|rule|HP Percentage Mod: HP is shown in percentages","|rule|One Boost Passer Clause: Limit one Baton Passer that has a way to boost its stats","|rule|Freeze Clause Mod: Limit one foe frozen","|","|t:|1753064289","|start","|switch|p1a: Skarmory|Skarmory, F|334/334","|switch|p2a: Dugtrio|Dugtrio, M|235/235","|turn|1","|inactive|Battle timer is ON: inactive players will automatically lose when time's up. (requested by foultestacceptor1)","|inactive|foultestchallenge1 also wants the timer to be on.","|","|t:|1753064298","|switch|p2a: Forretress|Forretress, M|354/354","|move|p1a: Skarmory|Spikes|p2a: Forretress","|-sidestart|p2: foultestacceptor1|Spikes","|","|upkeep","|turn|2","||adding 10 for new turn","|","|t:|1753064305","|switch|p1a: Gengar|Gengar, F|303/303","|move|p2a: Forretress|Spikes|p1a: Gengar","|-sidestart|p1: foultestchallenge1|Spikes","|","|upkeep","|turn|3","||adding 10 for new turn","|","|t:|1753064313","|switch|p2a: Blissey|Blissey, F|714/714","|-damage|p2a: Blissey|625/714|[from] Spikes","|move|p1a: Gengar|Will-O-Wisp|p2a: Blissey","|-status|p2a: Blissey|brn","|","|-heal|p2a: Blissey|669/714 brn|[from] item: Leftovers","|-damage|p2a: Blissey|580/714 brn|[from] brn","|upkeep","|turn|4","||adding 10 for new turn","|","|t:|1753064321","|switch|p1a: Tyranitar|Tyranitar, F|403/403","|-damage|p1a: Tyranitar|353/403|[from] Spikes","|-weather|Sandstorm|[from] ability: Sand Stream|[of] p1a: Tyranitar","|move|p2a: Blissey|Thunder Wave|p1a: Tyranitar","|-status|p1a: Tyranitar|par","|","|-weather|Sandstorm|[upkeep]","|-damage|p2a: Blissey|536/714 brn|[from] Sandstorm","|-heal|p2a: Blissey|580/714 brn|[from] item: Leftovers","|-damage|p2a: Blissey|491/714 brn|[from] brn","|-heal|p1a: Tyranitar|378/403 par|[from] item: Leftovers","|upkeep","|turn|5","||adding 10 for new turn","|","|t:|1753064329","|-singleturn|p1a: Tyranitar|move: Focus Punch","|-curestatus|p2a: Blissey|brn|[from] ability: Natural Cure","|switch|p2a: Claydol|Claydol|324/324","|move|p1a: Tyranitar|Focus Punch|p2a: Claydol","|-resisted|p2a: Claydol","|-damage|p2a: Claydol|219/324","|","|-weather|Sandstorm|[upkeep]","|-heal|p2a: Claydol|239/324|[from] item: Leftovers","|-heal|p1a: Tyranitar|403/403 par|[from] item: Leftovers","|upkeep","|turn|6","||adding 10 for new turn","|","|t:|1753064337","|move|p2a: Claydol|Rapid Spin|p1a: Tyranitar","|-resisted|p1a: Tyranitar","|-damage|p1a: Tyranitar|395/403 par","|-sideend|p2: foultestacceptor1|Spikes|[from] move: Rapid Spin|[of] p2a: Claydol","|move|p1a: Tyranitar|Hidden Power|p2a: Claydol","|-supereffective|p2a: Claydol","|-damage|p2a: Claydol|59/324","|","|-weather|Sandstorm|[upkeep]","|-heal|p2a: Claydol|79/324|[from] item: Leftovers","|-heal|p1a: Tyranitar|403/403 par|[from] item: Leftovers","|upkeep","|turn|7","||adding 10 for new turn","|","|t:|1753064346","|switch|p1a: Skarmory|Skarmory, F|334/334","|move|p2a: Claydol|Rest|p2a: Claydol","|-status|p2a: Claydol|slp|[from] move: Rest","|-heal|p2a: Claydol|324/324 slp|[silent]","|","|-weather|Sandstorm|[upkeep]","|upkeep","|turn|8","||adding 10 for new turn","|","|t:|1753064353","|switch|p2a: Blissey|Blissey, F|491/714","|move|p1a: Skarmory|Spikes|p2a: Blissey","|-sidestart|p2: foultestacceptor1|Spikes","|","|-weather|Sandstorm|[upkeep]","|-damage|p2a: Blissey|447/714|[from] Sandstorm","|-heal|p2a: Blissey|491/714|[from] item: Leftovers","|upkeep","|turn|9","||adding 10 for new turn","|","|t:|1753064361","|move|p1a: Skarmory|Spikes|p2a: Blissey","|-sidestart|p2: foultestacceptor1|Spikes","|move|p2a: Blissey|Thunder Wave|p1a: Skarmory","|-status|p1a: Skarmory|par","|","|-weather|Sandstorm|[upkeep]","|-damage|p2a: Blissey|447/714|[from] Sandstorm","|-heal|p2a: Blissey|491/714|[from] item: Leftovers","|upkeep","|turn|10","||adding 10 for new turn","|","|t:|1753064369","|move|p2a: Blissey|Aromatherapy|p2a: Blissey","|-cureteam|p2a: Blissey|[from] move: Aromatherapy","|cant|p1a: Skarmory|par","|","|-weather|Sandstorm|[upkeep]","|-damage|p2a: Blissey|447/714|[from] Sandstorm","|-heal|p2a: Blissey|491/714|[from] item: Leftovers","|upkeep","|turn|11","||adding 10 for new turn","|","|t:|1753064377","|switch|p2a: Claydol|Claydol|324/324","|move|p1a: Skarmory|Spikes|p2a: Claydol","|-sidestart|p2: foultestacceptor1|Spikes","|","|-weather|Sandstorm|[upkeep]","|upkeep","|turn|12","||adding 10 for new turn","|","|t:|1753064385","|switch|p1a: Gengar|Gengar, F|303/303","|move|p2a: Claydol|Psychic|p1a: Gengar","|-supereffective|p1a: Gengar","|-damage|p1a: Gengar|121/303","|","|-weather|Sandstorm|[upkeep]","|-damage|p1a: Gengar|103/303|[from] Sandstorm","|-heal|p1a: Gengar|121/303|[from] item: Leftovers","|upkeep","|turn|13","||adding 10 for new turn","|","|t:|1753064392","|move|p1a: Gengar|Explosion|p2a: Claydol","|-damage|p2a: Claydol|41/324","|faint|p1a: Gengar","||adding 5 to each for mid turn request","|","|t:|1753064396","|switch|p1a: Starmie|Starmie|262/262","|-damage|p1a: Starmie|230/262|[from] Spikes","|","|-weather|Sandstorm|[upkeep]","|-damage|p1a: Starmie|214/262|[from] Sandstorm","|-heal|p1a: Starmie|230/262|[from] item: Leftovers","|-heal|p2a: Claydol|61/324|[from] item: Leftovers","|upkeep","|turn|14","||adding 10 for new turn","|","|t:|1753064404","|switch|p2a: Blissey|Blissey, F|491/714","|-damage|p2a: Blissey|313/714|[from] Spikes","|move|p1a: Starmie|Ice Beam|p2a: Blissey","|-damage|p2a: Blissey|235/714","|","|-weather|Sandstorm|[upkeep]","|-damage|p1a: Starmie|214/262|[from] Sandstorm","|-damage|p2a: Blissey|191/714|[from] Sandstorm","|-heal|p1a: Starmie|230/262|[from] item: Leftovers","|-heal|p2a: Blissey|235/714|[from] item: Leftovers","|upkeep","|turn|15","||adding 10 for new turn","|","|t:|1753064412","|move|p1a: Starmie|Rapid Spin|p2a: Blissey","|-damage|p2a: Blissey|217/714","|-sideend|p1: foultestchallenge1|Spikes|[from] move: Rapid Spin|[of] p1a: Starmie","|move|p2a: Blissey|Soft-Boiled|p2a: Blissey","|-heal|p2a: Blissey|574/714","|","|-weather|Sandstorm|[upkeep]","|-damage|p1a: Starmie|214/262|[from] Sandstorm","|-damage|p2a: Blissey|530/714|[from] Sandstorm","|-heal|p1a: Starmie|230/262|[from] item: Leftovers","|-heal|p2a: Blissey|574/714|[from] item: Leftovers","|upkeep","|turn|16","||adding 10 for new turn","|","|t:|1753064420","|switch|p1a: Tyranitar|Tyranitar, F|403/403 par","|move|p2a: Blissey|Seismic Toss|p1a: Tyranitar","|-damage|p1a: Tyranitar|303/403 par","|","|-weather|Sandstorm|[upkeep]","|-damage|p2a: Blissey|530/714|[from] Sandstorm","|-heal|p2a: Blissey|574/714|[from] item: Leftovers","|-heal|p1a: Tyranitar|328/403 par|[from] item: Leftovers","|upkeep","|turn|17","||adding 10 for new turn","|","|t:|1753064428","|switch|p1a: Starmie|Starmie|230/262","|move|p2a: Blissey|Seismic Toss|p1a: Starmie","|-damage|p1a: Starmie|130/262","|","|-weather|Sandstorm|[upkeep]","|-damage|p1a: Starmie|114/262|[from] Sandstorm","|-damage|p2a: Blissey|530/714|[from] Sandstorm","|-heal|p1a: Starmie|130/262|[from] item: Leftovers","|-heal|p2a: Blissey|574/714|[from] item: Leftovers","|upkeep","|turn|18","||adding 10 for new turn","|","|t:|1753064436","|switch|p1a: Tyranitar|Tyranitar, F|328/403 par","|move|p2a: Blissey|Seismic Toss|p1a: Tyranitar","|-damage|p1a: Tyranitar|228/403 par","|","|-weather|Sandstorm|[upkeep]","|-damage|p2a: Blissey|530/714|[from] Sandstorm","|-heal|p2a: Blissey|574/714|[from] item: Leftovers","|-heal|p1a: Tyranitar|253/403 par|[from] item: Leftovers","|upkeep","|turn|19","||adding 10 for new turn","|","|t:|1753064444","|switch|p1a: Starmie|Starmie|130/262","|move|p2a: Blissey|Seismic Toss|p1a: Starmie","|-damage|p1a: Starmie|30/262","|","|-weather|Sandstorm|[upkeep]","|-damage|p1a: Starmie|14/262|[from] Sandstorm","|-damage|p2a: Blissey|530/714|[from] Sandstorm","|-heal|p1a: Starmie|30/262|[from] item: Leftovers","|-heal|p2a: Blissey|574/714|[from] item: Leftovers","|upkeep","|turn|20","||adding 10 for new turn","|","|t:|1753064452","|move|p1a: Starmie|Thunderbolt|p2a: Blissey","|-damage|p2a: Blissey|505/714","|move|p2a: Blissey|Seismic Toss|p1a: Starmie","|-damage|p1a: Starmie|0 fnt","|faint|p1a: Starmie","||adding 5 to each for mid turn request","|","|t:|1753064457","|switch|p1a: Blissey|Blissey, F, shiny|651/651","|","|-weather|Sandstorm|[upkeep]","|-damage|p1a: Blissey|611/651|[from] Sandstorm","|-damage|p2a: Blissey|461/714|[from] Sandstorm","|-heal|p2a: Blissey|505/714|[from] item: Leftovers","|-heal|p1a: Blissey|651/651|[from] item: Leftovers","|upkeep","|turn|21","||adding 10 for new turn","|","|t:|1753064464","|move|p2a: Blissey|Soft-Boiled|p2a: Blissey","|-heal|p2a: Blissey|714/714","|move|p1a: Blissey|Ice Beam|p2a: Blissey","|-damage|p2a: Blissey|644/714","|","|-weather|Sandstorm|[upkeep]","|-damage|p2a: Blissey|600/714|[from] Sandstorm","|-damage|p1a: Blissey|611/651|[from] Sandstorm","|-heal|p2a: Blissey|644/714|[from] item: Leftovers","|-heal|p1a: Blissey|651/651|[from] item: Leftovers","|upkeep","|turn|22","||adding 10 for new turn","|","|t:|1753064473","|move|p1a: Blissey|Ice Beam|p2a: Blissey","|-damage|p2a: Blissey|577/714","|move|p2a: Blissey|Seismic Toss|p1a: Blissey","|-damage|p1a: Blissey|551/651","|","|-weather|Sandstorm|[upkeep]","|-damage|p1a: Blissey|511/651|[from] Sandstorm","|-damage|p2a: Blissey|533/714|[from] Sandstorm","|-heal|p1a: Blissey|551/651|[from] item: Leftovers","|-heal|p2a: Blissey|577/714|[from] item: Leftovers","|upkeep","|turn|23","||adding 10 for new turn","|","|t:|1753064481","|move|p1a: Blissey|Ice Beam|p2a: Blissey","|-damage|p2a: Blissey|505/714","|move|p2a: Blissey|Seismic Toss|p1a: Blissey","|-damage|p1a: Blissey|451/651","|","|-weather|Sandstorm|[upkeep]","|-damage|p1a: Blissey|411/651|[from] Sandstorm","|-damage|p2a: Blissey|461/714|[from] Sandstorm","|-heal|p1a: Blissey|451/651|[from] item: Leftovers","|-heal|p2a: Blissey|505/714|[from] item: Leftovers","|upkeep","|turn|24","||adding 10 for new turn","|","|t:|1753064489","|move|p2a: Blissey|Soft-Boiled|p2a: Blissey","|-heal|p2a: Blissey|714/714","|move|p1a: Blissey|Soft-Boiled|p1a: Blissey","|-heal|p1a: Blissey|651/651","|","|-weather|Sandstorm|[upkeep]","|-damage|p1a: Blissey|611/651|[from] Sandstorm","|-damage|p2a: Blissey|670/714|[from] Sandstorm","|-heal|p1a: Blissey|651/651|[from] item: Leftovers","|-heal|p2a: Blissey|714/714|[from] item: Leftovers","|upkeep","|turn|25","||adding 10 for new turn","|","|t:|1753064497","|move|p1a: Blissey|Ice Beam|p2a: Blissey","|-damage|p2a: Blissey|646/714","|move|p2a: Blissey|Seismic Toss|p1a: Blissey","|-damage|p1a: Blissey|551/651","|","|-weather|Sandstorm|[upkeep]","|-damage|p2a: Blissey|602/714|[from] Sandstorm","|-damage|p1a: Blissey|511/651|[from] Sandstorm","|-heal|p2a: Blissey|646/714|[from] item: Leftovers","|-heal|p1a: Blissey|551/651|[from] item: Leftovers","|upkeep","|turn|26","||adding 10 for new turn","|","|t:|1753064505","|move|p1a: Blissey|Ice Beam|p2a: Blissey","|-damage|p2a: Blissey|582/714","|move|p2a: Blissey|Seismic Toss|p1a: Blissey","|-damage|p1a: Blissey|451/651","|","|-weather|Sandstorm|[upkeep]","|-damage|p1a: Blissey|411/651|[from] Sandstorm","|-damage|p2a: Blissey|538/714|[from] Sandstorm","|-heal|p2a: Blissey|582/714|[from] item: Leftovers","|-heal|p1a: Blissey|451/651|[from] item: Leftovers","|upkeep","|turn|27","||adding 10 for new turn","|","|t:|1753064513","|move|p2a: Blissey|Thunder Wave|p1a: Blissey","|-status|p1a: Blissey|par","|move|p1a: Blissey|Soft-Boiled|p1a: Blissey","|-heal|p1a: Blissey|651/651 par","|","|-weather|Sandstorm|[upkeep]","|-damage|p2a: Blissey|538/714|[from] Sandstorm","|-damage|p1a: Blissey|611/651 par|[from] Sandstorm","|-heal|p2a: Blissey|582/714|[from] item: Leftovers","|-heal|p1a: Blissey|651/651 par|[from] item: Leftovers","|upkeep","|turn|28","||adding 10 for new turn","|","|t:|1753064521","|move|p2a: Blissey|Seismic Toss|p1a: Blissey","|-damage|p1a: Blissey|551/651 par","|move|p1a: Blissey|Ice Beam|p2a: Blissey","|-crit|p2a: Blissey","|-damage|p2a: Blissey|439/714","|","|-weather|Sandstorm|[upkeep]","|-damage|p2a: Blissey|395/714|[from] Sandstorm","|-damage|p1a: Blissey|511/651 par|[from] Sandstorm","|-heal|p2a: Blissey|439/714|[from] item: Leftovers","|-heal|p1a: Blissey|551/651 par|[from] item: Leftovers","|upkeep","|turn|29","||adding 10 for new turn","|","|t:|1753064528","|move|p2a: Blissey|Soft-Boiled|p2a: Blissey","|-heal|p2a: Blissey|714/714","|move|p1a: Blissey|Ice Beam|p2a: Blissey","|-damage|p2a: Blissey|650/714","|","|-weather|Sandstorm|[upkeep]","|-damage|p2a: Blissey|606/714|[from] Sandstorm","|-damage|p1a: Blissey|511/651 par|[from] Sandstorm","|-heal|p2a: Blissey|650/714|[from] item: Leftovers","|-heal|p1a: Blissey|551/651 par|[from] item: Leftovers","|upkeep","|turn|30","||adding 10 for new turn","|","|t:|1753064536","|move|p2a: Blissey|Seismic Toss|p1a: Blissey","|-damage|p1a: Blissey|451/651 par","|move|p1a: Blissey|Ice Beam|p2a: Blissey","|-damage|p2a: Blissey|579/714","|","|-weather|Sandstorm|[upkeep]","|-damage|p2a: Blissey|535/714|[from] Sandstorm","|-damage|p1a: Blissey|411/651 par|[from] Sandstorm","|-heal|p2a: Blissey|579/714|[from] item: Leftovers","|-heal|p1a: Blissey|451/651 par|[from] item: Leftovers","|upkeep","|turn|31","||adding 10 for new turn","|","|t:|1753064544","|move|p2a: Blissey|Seismic Toss|p1a: Blissey","|-damage|p1a: Blissey|351/651 par","|move|p1a: Blissey|Ice Beam|p2a: Blissey","|-damage|p2a: Blissey|517/714","|","|-weather|Sandstorm|[upkeep]","|-damage|p2a: Blissey|473/714|[from] Sandstorm","|-damage|p1a: Blissey|311/651 par|[from] Sandstorm","|-heal|p2a: Blissey|517/714|[from] item: Leftovers","|-heal|p1a: Blissey|351/651 par|[from] item: Leftovers","|upkeep","|turn|32","||adding 10 for new turn","|","|t:|1753064552","|switch|p2a: Claydol|Claydol|61/324","|move|p1a: Blissey|Ice Beam|p2a: Claydol","|-supereffective|p2a: Claydol","|-damage|p2a: Claydol|0 fnt","|faint|p2a: Claydol","||adding 5 to each for mid turn request","|","|t:|1753064560","|switch|p2a: Dugtrio|Dugtrio, M|235/235","|-damage|p2a: Dugtrio|177/235|[from] Spikes","|","|-weather|Sandstorm|[upkeep]","|-damage|p1a: Blissey|311/651 par|[from] Sandstorm","|-heal|p1a: Blissey|351/651 par|[from] item: Leftovers","|upkeep","|turn|33","||adding 10 for new turn","|","|t:|1753064567","|move|p2a: Dugtrio|Earthquake|p1a: Blissey","|-damage|p1a: Blissey|0 fnt","|faint|p1a: Blissey","||adding 5 to each for mid turn request","|","|t:|1753064575","|switch|p1a: Swampert|Swampert, F|401/401","|","|-weather|Sandstorm|[upkeep]","|upkeep","|turn|34","||adding 10 for new turn","|","|t:|1753064583","|switch|p2a: Suicune|Suicune|401/401","|-damage|p2a: Suicune|301/401|[from] Spikes","|-ability|p2a: Suicune|Pressure|[silent]","|move|p1a: Swampert|Hydro Pump|p2a: Suicune","|-resisted|p2a: Suicune","|-damage|p2a: Suicune|248/401","|","|-weather|Sandstorm|[upkeep]","|-damage|p2a: Suicune|223/401|[from] Sandstorm","|-heal|p2a: Suicune|248/401|[from] item: Leftovers","|upkeep","|turn|35","||adding 10 for new turn","|","|t:|1753064591","|move|p2a: Suicune|Calm Mind|p2a: Suicune","|-boost|p2a: Suicune|spa|1","|-boost|p2a: Suicune|spd|1","|move|p1a: Swampert|Earthquake|p2a: Suicune","|-damage|p2a: Suicune|171/401","|","|-weather|Sandstorm|[upkeep]","|-damage|p2a: Suicune|146/401|[from] Sandstorm","|-heal|p2a: Suicune|171/401|[from] item: Leftovers","|upkeep","|turn|36","||adding 10 for new turn","|","|t:|1753064599","|move|p2a: Suicune|Surf|p1a: Swampert","|-damage|p1a: Swampert|245/401","|move|p1a: Swampert|Earthquake|p2a: Suicune","|-damage|p2a: Suicune|84/401","|","|-weather|Sandstorm|[upkeep]","|-damage|p2a: Suicune|59/401|[from] Sandstorm","|-heal|p2a: Suicune|84/401|[from] item: Leftovers","|-heal|p1a: Swampert|270/401|[from] item: Leftovers","|upkeep","|turn|37","||adding 10 for new turn","|","|t:|1753064607","|move|p2a: Suicune|Rest|p2a: Suicune","|-status|p2a: Suicune|slp|[from] move: Rest","|-heal|p2a: Suicune|401/401 slp|[silent]","|move|p1a: Swampert|Earthquake|p2a: Suicune","|-damage|p2a: Suicune|319/401 slp","|","|-weather|Sandstorm|[upkeep]","|-damage|p2a: Suicune|294/401 slp|[from] Sandstorm","|-heal|p2a: Suicune|319/401 slp|[from] item: Leftovers","|-heal|p1a: Swampert|295/401|[from] item: Leftovers","|upkeep","|turn|38","||adding 10 for new turn","|","|t:|1753064615","|cant|p2a: Suicune|slp","|move|p1a: Swampert|Earthquake|p2a: Suicune","|-damage|p2a: Suicune|241/401 slp","|","|-weather|Sandstorm|[upkeep]","|-damage|p2a: Suicune|216/401 slp|[from] Sandstorm","|-heal|p2a: Suicune|241/401 slp|[from] item: Leftovers","|-heal|p1a: Swampert|320/401|[from] item: Leftovers","|upkeep","|turn|39","||adding 10 for new turn","|","|t:|1753064623","|cant|p2a: Suicune|slp","|move|p1a: Swampert|Earthquake|p2a: Suicune","|-damage|p2a: Suicune|161/401 slp","|","|-weather|Sandstorm|[upkeep]","|-damage|p2a: Suicune|136/401 slp|[from] Sandstorm","|-heal|p2a: Suicune|161/401 slp|[from] item: Leftovers","|-heal|p1a: Swampert|345/401|[from] item: Leftovers","|upkeep","|turn|40","||adding 10 for new turn","|","|t:|1753064631","|-curestatus|p2a: Suicune|slp|[msg]","|move|p2a: Suicune|Surf|p1a: Swampert","|-damage|p1a: Swampert|186/401","|move|p1a: Swampert|Earthquake|p2a: Suicune","|-damage|p2a: Suicune|84/401","|","|-weather|Sandstorm|[upkeep]","|-damage|p2a: Suicune|59/401|[from] Sandstorm","|-heal|p2a: Suicune|84/401|[from] item: Leftovers","|-heal|p1a: Swampert|211/401|[from] item: Leftovers","|upkeep","|turn|41","||adding 10 for new turn","|","|t:|1753064639","|move|p2a: Suicune|Rest|p2a: Suicune","|-status|p2a: Suicune|slp|[from] move: Rest","|-heal|p2a: Suicune|401/401 slp|[silent]","|move|p1a: Swampert|Earthquake|p2a: Suicune","|-damage|p2a: Suicune|320/401 slp","|","|-weather|Sandstorm|[upkeep]","|-damage|p2a: Suicune|295/401 slp|[from] Sandstorm","|-heal|p2a: Suicune|320/401 slp|[from] item: Leftovers","|-heal|p1a: Swampert|236/401|[from] item: Leftovers","|upkeep","|turn|42","||adding 10 for new turn","|","|t:|1753064647","|cant|p2a: Suicune|slp","|move|p1a: Swampert|Earthquake|p2a: Suicune","|-damage|p2a: Suicune|239/401 slp","|","|-weather|Sandstorm|[upkeep]","|-damage|p2a: Suicune|214/401 slp|[from] Sandstorm","|-heal|p2a: Suicune|239/401 slp|[from] item: Leftovers","|-heal|p1a: Swampert|261/401|[from] item: Leftovers","|upkeep","|turn|43","||adding 10 for new turn","|","|t:|1753064654","|switch|p1a: Skarmory|Skarmory, F|334/334 par","|cant|p2a: Suicune|slp","|","|-weather|Sandstorm|[upkeep]","|-damage|p2a: Suicune|214/401 slp|[from] Sandstorm","|-heal|p2a: Suicune|239/401 slp|[from] item: Leftovers","|upkeep","|turn|44","||adding 10 for new turn","|","|t:|1753064662","|-curestatus|p2a: Suicune|slp|[msg]","|move|p2a: Suicune|Surf|p1a: Skarmory","|-damage|p1a: Skarmory|190/334 par","|move|p1a: Skarmory|Roar|p2a: Suicune","|drag|p2a: Snorlax|Snorlax, M|497/497","|-damage|p2a: Snorlax|373/497|[from] Spikes","|","|-weather|Sandstorm|[upkeep]","|-damage|p2a: Snorlax|342/497|[from] Sandstorm","|-heal|p2a: Snorlax|373/497|[from] item: Leftovers","|-heal|p1a: Skarmory|210/334 par|[from] item: Leftovers","|upkeep","|turn|45","||adding 10 for new turn","|","|t:|1753064670","|move|p2a: Snorlax|Return|p1a: Skarmory","|-resisted|p1a: Skarmory","|-damage|p1a: Skarmory|156/334 par","|cant|p1a: Skarmory|par","|","|-weather|Sandstorm|[upkeep]","|-damage|p2a: Snorlax|342/497|[from] Sandstorm","|-heal|p2a: Snorlax|373/497|[from] item: Leftovers","|-heal|p1a: Skarmory|176/334 par|[from] item: Leftovers","|upkeep","|turn|46","||adding 10 for new turn","|","|t:|1753064679","|move|p2a: Snorlax|Return|p1a: Skarmory","|-resisted|p1a: Skarmory","|-damage|p1a: Skarmory|123/334 par","|move|p1a: Skarmory|Roar|p2a: Snorlax","|drag|p2a: Suicune|Suicune|239/401","|-damage|p2a: Suicune|139/401|[from] Spikes","|-ability|p2a: Suicune|Pressure|[silent]","|","|-weather|Sandstorm|[upkeep]","|-damage|p2a: Suicune|114/401|[from] Sandstorm","|-heal|p2a: Suicune|139/401|[from] item: Leftovers","|-heal|p1a: Skarmory|143/334 par|[from] item: Leftovers","|upkeep","|turn|47","||adding 10 for new turn","|","|t:|1753064687","|move|p2a: Suicune|Surf|p1a: Skarmory","|-damage|p1a: Skarmory|46/334 par","|move|p1a: Skarmory|Roar|p2a: Suicune","|drag|p2a: Snorlax|Snorlax, M|373/497","|-damage|p2a: Snorlax|249/497|[from] Spikes","|","|-weather|Sandstorm|[upkeep]","|-damage|p2a: Snorlax|218/497|[from] Sandstorm","|-heal|p2a: Snorlax|249/497|[from] item: Leftovers","|-heal|p1a: Skarmory|66/334 par|[from] item: Leftovers","|upkeep","|turn|48","||adding 10 for new turn","|","|t:|1753064695","|move|p2a: Snorlax|Return|p1a: Skarmory","|-resisted|p1a: Skarmory","|-damage|p1a: Skarmory|17/334 par","|cant|p1a: Skarmory|par","|","|-weather|Sandstorm|[upkeep]","|-damage|p2a: Snorlax|218/497|[from] Sandstorm","|-heal|p2a: Snorlax|249/497|[from] item: Leftovers","|-heal|p1a: Skarmory|37/334 par|[from] item: Leftovers","|upkeep","|turn|49","||adding 10 for new turn","|","|t:|1753064703","|move|p2a: Snorlax|Return|p1a: Skarmory","|-resisted|p1a: Skarmory","|-damage|p1a: Skarmory|0 fnt","|faint|p1a: Skarmory","||adding 5 to each for mid turn request","|","|t:|1753064710","|switch|p1a: Swampert|Swampert, F|261/401","|","|-weather|Sandstorm|[upkeep]","|-damage|p2a: Snorlax|218/497|[from] Sandstorm","|-heal|p1a: Swampert|286/401|[from] item: Leftovers","|-heal|p2a: Snorlax|249/497|[from] item: Leftovers","|upkeep","|turn|50","||adding 10 for new turn","|","|t:|1753064718","|move|p1a: Swampert|Protect|p1a: Swampert","|-singleturn|p1a: Swampert|Protect","|move|p2a: Snorlax|Curse|p2a: Snorlax","|-unboost|p2a: Snorlax|spe|1","|-boost|p2a: Snorlax|atk|1","|-boost|p2a: Snorlax|def|1","|","|-weather|Sandstorm|[upkeep]","|-damage|p2a: Snorlax|218/497|[from] Sandstorm","|-heal|p1a: Swampert|311/401|[from] item: Leftovers","|-heal|p2a: Snorlax|249/497|[from] item: Leftovers","|upkeep","|turn|51","||adding 10 for new turn","|","|t:|1753064725","|switch|p1a: Tyranitar|Tyranitar, F|253/403 par","|move|p2a: Snorlax|Return|p1a: Tyranitar","|-resisted|p1a: Tyranitar","|-damage|p1a: Tyranitar|161/403 par","|","|-weather|Sandstorm|[upkeep]","|-damage|p2a: Snorlax|218/497|[from] Sandstorm","|-heal|p2a: Snorlax|249/497|[from] item: Leftovers","|-heal|p1a: Tyranitar|186/403 par|[from] item: Leftovers","|upkeep","|turn|52","||adding 10 for new turn","|","|t:|1753064734","|-singleturn|p1a: Tyranitar|move: Focus Punch","|move|p2a: Snorlax|Return|p1a: Tyranitar","|-resisted|p1a: Tyranitar","|-crit|p1a: Tyranitar","|-damage|p1a: Tyranitar|0 fnt","|faint|p1a: Tyranitar","||adding 5 to each for mid turn request","|","|t:|1753064741","|switch|p1a: Swampert|Swampert, F|311/401","|","|-weather|Sandstorm|[upkeep]","|-damage|p2a: Snorlax|218/497|[from] Sandstorm","|-heal|p1a: Swampert|336/401|[from] item: Leftovers","|-heal|p2a: Snorlax|249/497|[from] item: Leftovers","|upkeep","|turn|53","||adding 10 for new turn","|","|t:|1753064748","|move|p1a: Swampert|Protect|p1a: Swampert","|-singleturn|p1a: Swampert|Protect","|move|p2a: Snorlax|Return|p1a: Swampert","|-activate|p1a: Swampert|Protect","|","|-weather|Sandstorm|[upkeep]","|-damage|p2a: Snorlax|218/497|[from] Sandstorm","|-heal|p1a: Swampert|361/401|[from] item: Leftovers","|-heal|p2a: Snorlax|249/497|[from] item: Leftovers","|upkeep","|turn|54","||adding 10 for new turn","|","|t:|1753064756","|move|p1a: Swampert|Protect||[still]","|-fail|p1a: Swampert","|move|p2a: Snorlax|Return|p1a: Swampert","|-damage|p1a: Swampert|189/401","|","|-weather|Sandstorm|[upkeep]","|-damage|p2a: Snorlax|218/497|[from] Sandstorm","|-heal|p1a: Swampert|214/401|[from] item: Leftovers","|-heal|p2a: Snorlax|249/497|[from] item: Leftovers","|upkeep","|turn|55","||adding 10 for new turn","|","|t:|1753064763","|move|p1a: Swampert|Ice Beam|p2a: Snorlax","|-damage|p2a: Snorlax|194/497","|move|p2a: Snorlax|Return|p1a: Swampert","|-damage|p1a: Swampert|34/401","|","|-weather|Sandstorm|[upkeep]","|-damage|p2a: Snorlax|163/497|[from] Sandstorm","|-heal|p1a: Swampert|59/401|[from] item: Leftovers","|-heal|p2a: Snorlax|194/497|[from] item: Leftovers","|upkeep","|turn|56","||adding 10 for new turn","|","|t:|1753064771","|move|p1a: Swampert|Ice Beam|p2a: Snorlax","|-damage|p2a: Snorlax|146/497","|move|p2a: Snorlax|Shadow Ball|p1a: Swampert","|-damage|p1a: Swampert|0 fnt","|faint|p1a: Swampert","|","|win|foultestacceptor1",""],"p1rating":null,"p2rating":null,"endType":"normal","ladderError":true,"timestamp":"Sun Jul 20 2025 19:26:11 GMT-0700 (アメリカ太平洋夏時間)","roomid":"battle-gen3ou-1097","format":"gen3ou"}