{"winner":"foultestacceptor1","seed":"sodium,3c63361f64bbc4b2852ee24cb85e7a14","turns":80,"p1":"foultestchallenge1","p2":"foultestacceptor1","p1team":[{"name":"Dugtrio","species":"Dugtrio","item":"Choice Band","ability":"Arena Trap","moves":["Earthquake","Hidden Power Bug","Aerial Ace","Sunny Day"],"nature":"Adamant","evs":{"hp":96,"atk":168,"def":20,"spa":0,"spd":0,"spe":224},"gender":"M","ivs":{"hp":31,"atk":30,"def":30,"spa":31,"spd":30,"spe":31},"happiness":255,"hpType":"Bug","pokeball":"","gigantamax":false,"dynamaxLevel":10,"teraType":"","level":100},{"name":"Forretress","species":"Forretress","item":"Leftovers","ability":"Sturdy","moves":["Spikes","Zap Cannon","Explosion","Hidden Power Bug"],"nature":"Careful","evs":{"hp":252,"atk":0,"def":4,"spa":0,"spd":252,"spe":0},"gender":"F","ivs":{"hp":31,"atk":30,"def":30,"spa":31,"spd":30,"spe":31},"happiness":255,"hpType":"Bug","pokeball":"","gigantamax":false,"dynamaxLevel":10,"teraType":"","level":100},{"name":"Snorlax","species":"Snorlax","item":"Leftovers","ability":"Immunity","moves":["Return","Curse","Rest","Shadow Ball"],"nature":"Careful","evs":{"hp":144,"atk":96,"def":132,"spa":0,"spd":136,"spe":0},"gender":"F","level":100,"ivs":{"hp":31,"atk":31,"def":31,"spa":31,"spd":31,"spe":31}},{"name":"Suicune","species":"Suicune","item":"Leftovers","ability":"Pressure","moves":["Calm Mind","Rest","Ice Beam","Surf"],"nature":"Bold","evs":{"hp":240,"atk":0,"def":252,"spa":0,"spd":0,"spe":16},"gender":"N","ivs":{"hp":31,"atk":0,"def":31,"spa":31,"spd":31,"spe":31},"level":100},{"name":"Claydol","species":"Claydol","item":"Leftovers","ability":"Levitate","moves":["Earthquake","Psychic","Rapid Spin","Rest"],"nature":"Lonely","evs":{"hp":252,"atk":224,"def":0,"spa":24,"spd":0,"spe":8},"gender":"N","level":100,"ivs":{"hp":31,"atk":31,"def":31,"spa":31,"spd":31,"spe":31}},{"name":"Blissey","species":"Blissey","item":"Leftovers","ability":"Natural Cure","moves":["Soft-Boiled","Seismic Toss","Thunder Wave","Aromatherapy"],"nature":"Bold","evs":{"hp":252,"atk":0,"def":252,"spa":0,"spd":0,"spe":4},"gender":"F","ivs":{"hp":31,"atk":0,"def":31,"spa":31,"spd":31,"spe":31},"level":100}],"p2team":[{"name":"Skarmory","species":"Skarmory","item":"Leftovers","ability":"Keen Eye","moves":["Spikes","Roar","Toxic","Protect"],"nature":"Careful","evs":{"hp":252,"atk":0,"def":0,"spa":0,"spd":252,"spe":4},"gender":"F","ivs":{"hp":31,"atk":0,"def":31,"spa":31,"spd":31,"spe":31},"level":100},{"name":"Jolteon","species":"Jolteon","item":"Leftovers","ability":"Volt Absorb","moves":["Thunderbolt","Thunder Wave","Hidden Power Grass","Baton Pass"],"nature":"Timid","evs":{"hp":4,"atk":0,"def":0,"spa":252,"spd":0,"spe":252},"gender":"F","ivs":{"hp":31,"atk":2,"def":31,"spa":30,"spd":31,"spe":31},"happiness":255,"hpType":"Grass","pokeball":"","gigantamax":false,"dynamaxLevel":10,"teraType":"","level":100},{"name":"Tyranitar","species":"Tyranitar","item":"Leftovers","ability":"Sand Stream","moves":["Focus Punch","Earthquake","Hidden Power Bug","Rock Slide"],"nature":"Adamant","evs":{"hp":252,"atk":252,"def":4,"spa":0,"spd":0,"spe":0},"gender":"M","ivs":{"hp":31,"atk":31,"def":31,"spa":31,"spd":30,"spe":30},"happiness":255,"hpType":"Bug","pokeball":"","gigantamax":false,"dynamaxLevel":10,"teraType":"","level":100},{"name":"Gengar","species":"Gengar","item":"Leftovers","ability":"Levitate","moves":["Ice Punch","Fire Punch","Hidden Power Grass","Explosion"],"nature":"Hasty","evs":{"hp":40,"atk":0,"def":0,"spa":252,"spd":0,"spe":216},"gender":"F","ivs":{"hp":31,"atk":30,"def":31,"spa":30,"spd":31,"spe":31},"happiness":255,"hpType":"Grass","pokeball":"","gigantamax":false,"dynamaxLevel":10,"teraType":"","level":100},{"name":"Metagross","species":"Metagross","item":"Choice Band","ability":"Clear Body","moves":["Meteor Mash","Earthquake","Rock Slide","Explosion"],"nature":"Adamant","evs":{"hp":68,"atk":252,"def":0,"spa":0,"spd":0,"spe":188},"gender":"N","level":100,"ivs":{"hp":31,"atk":31,"def":31,"spa":31,"spd":31,"spe":31}},{"name":"Starmie","species":"Starmie","item":"Leftovers","ability":"Natural Cure","moves":["Hydro Pump","Thunderbolt","Ice Beam","Psychic"],"nature":"Timid","evs":{"hp":4,"atk":0,"def":0,"spa":252,"spd":0,"spe":252},"gender":"N","ivs":{"hp":31,"atk":0,"def":31,"spa":31,"spd":31,"spe":31},"level":100}],"score":[0,5],"inputLog":[">version 372d05e49c92a79eecdf6c8dddb208bd1765c00f",">start {\"formatid\":\"gen3ou\",\"seed\":\"sodium,3c63361f64bbc4b2852ee24cb85e7a14\"}",">player p1 {\"name\":\"foultestchallenge1\",\"avatar\":\"169\",\"team\":\"Dugtrio||ChoiceBand|ArenaTrap|Earthquake,HiddenPowerBug,AerialAce,SunnyDay|Adamant|96,168,20,,,224|M|,30,30,,30,|||,Bug,,,,]Forretress||Leftovers|Sturdy|Spikes,ZapCannon,Explosion,HiddenPowerBug|Careful|252,,4,,252,|F|,30,30,,30,|||,Bug,,,,]Snorlax||Leftovers|Immunity|Return,Curse,Rest,ShadowBall|Careful|144,96,132,,136,|F||||]Suicune||Leftovers|Pressure|CalmMind,Rest,IceBeam,Surf|Bold|240,,252,,,16|N|,0,,,,|||]Claydol||Leftovers|Levitate|Earthquake,Psychic,RapidSpin,Rest|Lonely|252,224,,24,,8|N||||]Blissey||Leftovers|NaturalCure|SoftBoiled,SeismicToss,ThunderWave,Aromatherapy|Bold|252,,252,,,4|F|,0,,,,|||\",\"rating\":0}",">player p2 {\"name\":\"foultestacceptor1\",\"avatar\":\"102\",\"team\":\"Skarmory||Leftovers|KeenEye|Spikes,Roar,Toxic,Protect|Careful|252,,,,252,4|F|,0,,,,|||]Jolteon||Leftovers|VoltAbsorb|Thunderbolt,ThunderWave,HiddenPowerGrass,BatonPass|Timid|4,,,252,,252|F|,2,,30,,|||,Grass,,,,]Tyranitar||Leftovers|SandStream|FocusPunch,Earthquake,HiddenPowerBug,RockSlide|Adamant|252,252,4,,,|M|,,,,30,30|||,Bug,,,,]Gengar||Leftovers|Levitate|IcePunch,FirePunch,HiddenPowerGrass,Explosion|Hasty|40,,,252,,216|F|,30,,30,,|||,Grass,,,,]Metagross||ChoiceBand|ClearBody|MeteorMash,Earthquake,RockSlide,Explosion|Adamant|68,252,,,,188|N||||]Starmie||Leftovers|NaturalCure|HydroPump,Thunderbolt,IceBeam,Psychic|Timid|4,,,252,,252|N|,0,,,,|||\",\"rating\":0}",">p1 switch 2",">p2 move spikes",">p1 move spikes",">p2 switch 4",">p1 switch 4",">p2 move firepunch",">p1 move calmmind",">p2 move hiddenpower",">p1 move surf",">p2 move hiddenpower",">p1 switch 4",">p2 move explosion",">p2 switch 3",">p1 switch 6",">p2 move rockslide",">p1 move thunderwave",">p2 move rockslide",">p1 move softboiled",">p2 move focuspunch",">p1 switch 5",">p1 move rapidspin",">p2 move hiddenpower",">p1 switch 6",">p2 switch 4",">p1 move spikes",">p2 move roar",">p1 switch 6",">p2 move spikes",">p1 move spikes",">p2 move roar",">p1 switch 6",">p2 move roar",">p1 move rest",">p2 move spikes",">p1 switch 4",">p2 move roar",">p1 switch 4",">p2 move spikes",">p1 move rapidspin",">p2 move toxic",">p1 switch 2",">p2 move spikes",">p1 move zapcannon",">p2 move roar",">p1 switch 2",">p2 move spikes",">p1 move rapidspin",">p2 move toxic",">p1 switch 4",">p2 move spikes",">p1 move zapcannon",">p2 move roar",">p1 switch 4",">p2 move roar",">p1 move zapcannon",">p2 move roar",">p1 move earthquake",">p2 move spikes",">p1 move rapidspin",">p2 move spikes",">p1 move rapidspin",">p2 move spikes",">p1 move rapidspin",">p2 move spikes",">p1 move rest",">p2 move spikes",">p1 move psychic",">p2 move roar",">p1 move zapcannon",">p2 move roar",">p1 move rest",">p2 move roar",">p1 move return",">p2 move roar",">p1 switch 4",">p2 move roar",">p1 switch 2",">p2 move roar",">p1 move rapidspin",">p2 move toxic",">p1 move psychic",">p2 move spikes",">p1 move psychic",">p2 move spikes",">p1 move rapidspin",">p2 move spikes",">p1 move rest",">p2 move spikes",">p1 move rapidspin",">p2 move spikes",">p1 move earthquake",">p2 move roar",">p1 move return",">p2 move roar",">p1 switch 6",">p2 move roar",">p1 move rapidspin",">p2 move toxic",">p1 move psychic",">p2 move spikes",">p1 move psychic",">p2 move spikes",">p1 move rapidspin",">p2 move spikes",">p1 move rapidspin",">p2 move spikes",">p1 move rest",">p2 move spikes",">p1 move rapidspin",">p2 move roar",">p1 switch 6",">p2 move roar",">p1 switch 6",">p2 move roar",">p1 move psychic",">p2 move roar",">p1 move rest",">p2 move roar",">p1 switch 4",">p2 move roar",">p1 switch 6",">p2 move roar",">p1 switch 2",">p2 move roar",">p1 switch 3",">p2 move roar",">p1 switch 3",">p2 move roar",">p1 move rapidspin",">p2 move toxic",">p1 move psychic",">p2 move spikes",">p1 move rapidspin",">p2 move toxic",">p1 switch 3",">p2 move spikes",">p1 switch 3",">p2 move roar",">p1 switch 3",">p2 move roar",">p1 switch 3",">p2 move roar",">p1 switch 4",">p2 move roar",">p1 switch 2",">p2 move roar",">p1 switch 3",">p2 switch 6",">p1 move rapidspin",">p2 move hydropump",">p1 switch 2",">p1 move rest",">p2 move hydropump",">p1 move return",">p2 move psychic",">p1 switch 4",">p2 move psychic",">p1 move hiddenpower",">p2 move hydropump",">p1 switch 6",">p1 move hiddenpower",">p2 move psychic",">p1 switch 3",">p1 switch 4",">p1 move rest",">p2 move thunderbolt"],"log":["|j|☆foultestchallenge1","|j|☆foultestacceptor1","|t:|1753073368","|gametype|singles","|player|p1|foultestchallenge1|169|","|player|p2|foultestacceptor1|102|","|teamsize|p1|6","|teamsize|p2|6","|gen|3","|tier|[Gen 3] OU","|rule|Sleep Clause Mod: Limit one foe put to sleep","|rule|Switch Priority Clause Mod: Faster Pokémon switch first","|rule|Species Clause: Limit one of each Pokémon","|rule|OHKO Clause: OHKO moves are banned","|rule|Evasion Items Clause: Evasion items are banned","|rule|Evasion Moves Clause: Evasion moves are banned","|rule|Endless Battle Clause: Forcing endless battles is banned","|rule|HP Percentage Mod: HP is shown in percentages","|rule|One Boost Passer Clause: Limit one Baton Passer that has a way to boost its stats","|rule|Freeze Clause Mod: Limit one foe frozen","|","|t:|1753073368","|start","|switch|p1a: Dugtrio|Dugtrio, M|235/235","|switch|p2a: Skarmory|Skarmory, F|334/334","|turn|1","|inactive|Battle timer is ON: inactive players will automatically lose when time's up. (requested by foultestchallenge1)","|","|t:|1753073377","|switch|p1a: Forretress|Forretress, F|354/354","|move|p2a: Skarmory|Spikes|p1a: Forretress","|-sidestart|p1: foultestchallenge1|Spikes","|","|upkeep","|turn|2","|inactive|foultestacceptor1 also wants the timer to be on.","||adding 10 for new turn","|","|t:|1753073385","|switch|p2a: Gengar|Gengar, F|271/271","|move|p1a: Forretress|Spikes|p2a: Gengar","|-sidestart|p2: foultestacceptor1|Spikes","|","|upkeep","|turn|3","||adding 10 for new turn","|","|t:|1753073392","|switch|p1a: Suicune|Suicune|401/401","|-damage|p1a: Suicune|351/401|[from] Spikes","|-ability|p1a: Suicune|Pressure|[silent]","|move|p2a: Gengar|Fire Punch|p1a: Suicune","|-resisted|p1a: Suicune","|-damage|p1a: Suicune|314/401","|","|-heal|p1a: Suicune|339/401|[from] item: Leftovers","|upkeep","|turn|4","||adding 10 for new turn","|","|t:|1753073401","|move|p2a: Gengar|Hidden Power|p1a: Suicune","|-supereffective|p1a: Suicune","|-damage|p1a: Suicune|195/401","|move|p1a: Suicune|Calm Mind|p1a: Suicune","|-boost|p1a: Suicune|spa|1","|-boost|p1a: Suicune|spd|1","|","|-heal|p1a: Suicune|220/401|[from] item: Leftovers","|upkeep","|turn|5","||adding 10 for new turn","|","|t:|1753073408","|move|p2a: Gengar|Hidden Power|p1a: Suicune","|-supereffective|p1a: Suicune","|-damage|p1a: Suicune|120/401","|move|p1a: Suicune|Surf|p2a: Gengar","|-damage|p2a: Gengar|71/271","|","|-heal|p2a: Gengar|87/271|[from] item: Leftovers","|-heal|p1a: Suicune|145/401|[from] item: Leftovers","|upkeep","|turn|6","||adding 10 for new turn","|","|t:|1753073417","|switch|p1a: Forretress|Forretress, F|354/354","|-damage|p1a: Forretress|310/354|[from] Spikes","|move|p2a: Gengar|Explosion|p1a: Forretress","|-resisted|p1a: Forretress","|-damage|p1a: Forretress|215/354","|faint|p2a: Gengar","||adding 5 to each for mid turn request","|","|t:|1753073424","|switch|p2a: Tyranitar|Tyranitar, M|404/404","|-damage|p2a: Tyranitar|354/404|[from] Spikes","|-weather|Sandstorm|[from] ability: Sand Stream|[of] p2a: Tyranitar","|","|-weather|Sandstorm|[upkeep]","|-heal|p2a: Tyranitar|379/404|[from] item: Leftovers","|-heal|p1a: Forretress|237/354|[from] item: Leftovers","|upkeep","|turn|7","||adding 10 for new turn","|","|t:|1753073432","|switch|p1a: Blissey|Blissey, F|714/714","|-damage|p1a: Blissey|625/714|[from] Spikes","|move|p2a: Tyranitar|Rock Slide|p1a: Blissey","|-damage|p1a: Blissey|348/714","|","|-weather|Sandstorm|[upkeep]","|-damage|p1a: Blissey|304/714|[from] Sandstorm","|-heal|p2a: Tyranitar|404/404|[from] item: Leftovers","|-heal|p1a: Blissey|348/714|[from] item: Leftovers","|upkeep","|turn|8","||adding 10 for new turn","|","|t:|1753073441","|move|p2a: Tyranitar|Rock Slide|p1a: Blissey","|-damage|p1a: Blissey|83/714","|move|p1a: Blissey|Thunder Wave|p2a: Tyranitar","|-status|p2a: Tyranitar|par","|","|-weather|Sandstorm|[upkeep]","|-damage|p1a: Blissey|39/714|[from] Sandstorm","|-heal|p1a: Blissey|83/714|[from] item: Leftovers","|upkeep","|turn|9","||adding 10 for new turn","|","|t:|1753073449","|-singleturn|p2a: Tyranitar|move: Focus Punch","|move|p1a: Blissey|Soft-Boiled|p1a: Blissey","|-heal|p1a: Blissey|440/714","|move|p2a: Tyranitar|Focus Punch|p1a: Blissey","|-supereffective|p1a: Blissey","|-damage|p1a: Blissey|0 fnt","|faint|p1a: Blissey","||adding 5 to each for mid turn request","|","|t:|1753073457","|switch|p1a: Claydol|Claydol|324/324","|","|-weather|Sandstorm|[upkeep]","|upkeep","|turn|10","||adding 10 for new turn","|","|t:|1753073464","|move|p1a: Claydol|Rapid Spin|p2a: Tyranitar","|-resisted|p2a: Tyranitar","|-damage|p2a: Tyranitar|396/404 par","|-sideend|p1: foultestchallenge1|Spikes|[from] move: Rapid Spin|[of] p1a: Claydol","|cant|p2a: Tyranitar|par","|","|-weather|Sandstorm|[upkeep]","|-heal|p2a: Tyranitar|404/404 par|[from] item: Leftovers","|upkeep","|turn|11","||adding 10 for new turn","|","|t:|1753073473","|switch|p1a: Forretress|Forretress, F|237/354","|switch|p2a: Skarmory|Skarmory, F|334/334","|","|-weather|Sandstorm|[upkeep]","|-heal|p1a: Forretress|259/354|[from] item: Leftovers","|upkeep","|turn|12","||adding 10 for new turn","|","|t:|1753073480","|move|p1a: Forretress|Spikes|p2a: Skarmory","|-sidestart|p2: foultestacceptor1|Spikes","|move|p2a: Skarmory|Roar|p1a: Forretress","|drag|p1a: Claydol|Claydol|324/324","|","|-weather|Sandstorm|[upkeep]","|upkeep","|turn|13","||adding 10 for new turn","|","|t:|1753073488","|switch|p1a: Forretress|Forretress, F|259/354","|move|p2a: Skarmory|Spikes|p1a: Forretress","|-sidestart|p1: foultestchallenge1|Spikes","|","|-weather|Sandstorm|[upkeep]","|-heal|p1a: Forretress|281/354|[from] item: Leftovers","|upkeep","|turn|14","||adding 10 for new turn","|","|t:|1753073496","|move|p1a: Forretress|Spikes|p2a: Skarmory","|-sidestart|p2: foultestacceptor1|Spikes","|move|p2a: Skarmory|Roar|p1a: Forretress","|drag|p1a: Dugtrio|Dugtrio, M|235/235","|-damage|p1a: Dugtrio|206/235|[from] Spikes","|","|-weather|Sandstorm|[upkeep]","|upkeep","|turn|15","||adding 10 for new turn","|","|t:|1753073504","|switch|p1a: Claydol|Claydol|324/324","|move|p2a: Skarmory|Roar|p1a: Claydol","|drag|p1a: Suicune|Suicune|145/401","|-damage|p1a: Suicune|95/401|[from] Spikes","|-ability|p1a: Suicune|Pressure|[silent]","|","|-weather|Sandstorm|[upkeep]","|-damage|p1a: Suicune|70/401|[from] Sandstorm","|-heal|p1a: Suicune|95/401|[from] item: Leftovers","|upkeep","|turn|16","||adding 10 for new turn","|","|t:|1753073512","|move|p1a: Suicune|Rest|p1a: Suicune","|-status|p1a: Suicune|slp|[from] move: Rest","|-heal|p1a: Suicune|401/401 slp|[silent]","|move|p2a: Skarmory|Spikes|p1a: Suicune","|-sidestart|p1: foultestchallenge1|Spikes","|","|-weather|Sandstorm|[upkeep]","|-damage|p1a: Suicune|376/401 slp|[from] Sandstorm","|-heal|p1a: Suicune|401/401 slp|[from] item: Leftovers","|upkeep","|turn|17","||adding 10 for new turn","|","|t:|1753073520","|switch|p1a: Claydol|Claydol|324/324","|move|p2a: Skarmory|Roar|p1a: Claydol","|drag|p1a: Suicune|Suicune|401/401 slp","|-damage|p1a: Suicune|335/401 slp|[from] Spikes","|-ability|p1a: Suicune|Pressure|[silent]","|","|-weather|Sandstorm|[upkeep]","|-damage|p1a: Suicune|310/401 slp|[from] Sandstorm","|-heal|p1a: Suicune|335/401 slp|[from] item: Leftovers","|upkeep","|turn|18","||adding 10 for new turn","|","|t:|1753073527","|switch|p1a: Claydol|Claydol|324/324","|move|p2a: Skarmory|Spikes|p1a: Claydol","|-sidestart|p1: foultestchallenge1|Spikes","|","|-weather|Sandstorm|[upkeep]","|upkeep","|turn|19","||adding 10 for new turn","|","|t:|1753073535","|move|p1a: Claydol|Rapid Spin|p2a: Skarmory","|-resisted|p2a: Skarmory","|-damage|p2a: Skarmory|328/334","|-sideend|p1: foultestchallenge1|Spikes|[from] move: Rapid Spin|[of] p1a: Claydol","|move|p2a: Skarmory|Toxic|p1a: Claydol|[miss]","|-miss|p2a: Skarmory|p1a: Claydol","|","|-weather|Sandstorm|[upkeep]","|-heal|p2a: Skarmory|334/334|[from] item: Leftovers","|upkeep","|turn|20","||adding 10 for new turn","|","|t:|1753073543","|switch|p1a: Forretress|Forretress, F|281/354","|move|p2a: Skarmory|Spikes|p1a: Forretress","|-sidestart|p1: foultestchallenge1|Spikes","|","|-weather|Sandstorm|[upkeep]","|-heal|p1a: Forretress|303/354|[from] item: Leftovers","|upkeep","|turn|21","||adding 10 for new turn","|","|t:|1753073551","|move|p1a: Forretress|Zap Cannon|p2a: Skarmory|[miss]","|-miss|p1a: Forretress|p2a: Skarmory","|move|p2a: Skarmory|Roar|p1a: Forretress","|drag|p1a: Suicune|Suicune|335/401 slp","|-damage|p1a: Suicune|285/401 slp|[from] Spikes","|-ability|p1a: Suicune|Pressure|[silent]","|","|-weather|Sandstorm|[upkeep]","|-damage|p1a: Suicune|260/401 slp|[from] Sandstorm","|-heal|p1a: Suicune|285/401 slp|[from] item: Leftovers","|upkeep","|turn|22","||adding 10 for new turn","|","|t:|1753073555","|switch|p1a: Claydol|Claydol|324/324","|move|p2a: Skarmory|Spikes|p1a: Claydol","|-sidestart|p1: foultestchallenge1|Spikes","|","|-weather|Sandstorm|[upkeep]","|upkeep","|turn|23","||adding 10 for new turn","|","|t:|1753073563","|move|p1a: Claydol|Rapid Spin|p2a: Skarmory","|-resisted|p2a: Skarmory","|-damage|p2a: Skarmory|328/334","|-sideend|p1: foultestchallenge1|Spikes|[from] move: Rapid Spin|[of] p1a: Claydol","|move|p2a: Skarmory|Toxic|p1a: Claydol","|-status|p1a: Claydol|tox","|","|-weather|Sandstorm|[upkeep]","|-damage|p1a: Claydol|304/324 tox|[from] psn","|-heal|p2a: Skarmory|334/334|[from] item: Leftovers","|upkeep","|turn|24","||adding 10 for new turn","|","|t:|1753073571","|switch|p1a: Forretress|Forretress, F|303/354","|move|p2a: Skarmory|Spikes|p1a: Forretress","|-sidestart|p1: foultestchallenge1|Spikes","|","|-weather|Sandstorm|[upkeep]","|-heal|p1a: Forretress|325/354|[from] item: Leftovers","|upkeep","|turn|25","||adding 10 for new turn","|","|t:|1753073578","|move|p1a: Forretress|Zap Cannon|p2a: Skarmory|[miss]","|-miss|p1a: Forretress|p2a: Skarmory","|move|p2a: Skarmory|Roar|p1a: Forretress","|drag|p1a: Snorlax|Snorlax, F|497/497","|-damage|p1a: Snorlax|435/497|[from] Spikes","|","|-weather|Sandstorm|[upkeep]","|-damage|p1a: Snorlax|404/497|[from] Sandstorm","|-heal|p1a: Snorlax|435/497|[from] item: Leftovers","|upkeep","|turn|26","||adding 10 for new turn","|","|t:|1753073586","|switch|p1a: Claydol|Claydol|304/324 tox","|move|p2a: Skarmory|Roar|p1a: Claydol","|drag|p1a: Forretress|Forretress, F|325/354","|-damage|p1a: Forretress|281/354|[from] Spikes","|","|-weather|Sandstorm|[upkeep]","|-heal|p1a: Forretress|303/354|[from] item: Leftovers","|upkeep","|turn|27","||adding 10 for new turn","|","|t:|1753073594","|move|p1a: Forretress|Zap Cannon|p2a: Skarmory|[miss]","|-miss|p1a: Forretress|p2a: Skarmory","|move|p2a: Skarmory|Roar|p1a: Forretress","|drag|p1a: Claydol|Claydol|304/324 tox","|","|-weather|Sandstorm|[upkeep]","|-heal|p1a: Claydol|324/324 tox|[from] item: Leftovers","|-damage|p1a: Claydol|304/324 tox|[from] psn","|upkeep","|turn|28","||adding 10 for new turn","|","|t:|1753073601","|move|p1a: Claydol|Earthquake|p2a: Skarmory","|-immune|p2a: Skarmory","|move|p2a: Skarmory|Spikes|p1a: Claydol","|-sidestart|p1: foultestchallenge1|Spikes","|","|-weather|Sandstorm|[upkeep]","|-heal|p1a: Claydol|324/324 tox|[from] item: Leftovers","|-damage|p1a: Claydol|284/324 tox|[from] psn","|upkeep","|turn|29","||adding 10 for new turn","|","|t:|1753073609","|move|p1a: Claydol|Rapid Spin|p2a: Skarmory","|-resisted|p2a: Skarmory","|-damage|p2a: Skarmory|328/334","|-sideend|p1: foultestchallenge1|Spikes|[from] move: Rapid Spin|[of] p1a: Claydol","|move|p2a: Skarmory|Spikes|p1a: Claydol","|-sidestart|p1: foultestchallenge1|Spikes","|","|-weather|Sandstorm|[upkeep]","|-heal|p1a: Claydol|304/324 tox|[from] item: Leftovers","|-damage|p1a: Claydol|244/324 tox|[from] psn","|-heal|p2a: Skarmory|334/334|[from] item: Leftovers","|upkeep","|turn|30","||adding 10 for new turn","|","|t:|1753073617","|move|p1a: Claydol|Rapid Spin|p2a: Skarmory","|-resisted|p2a: Skarmory","|-damage|p2a: Skarmory|328/334","|-sideend|p1: foultestchallenge1|Spikes|[from] move: Rapid Spin|[of] p1a: Claydol","|move|p2a: Skarmory|Spikes|p1a: Claydol","|-sidestart|p1: foultestchallenge1|Spikes","|","|-weather|Sandstorm|[upkeep]","|-heal|p1a: Claydol|264/324 tox|[from] item: Leftovers","|-damage|p1a: Claydol|184/324 tox|[from] psn","|-heal|p2a: Skarmory|334/334|[from] item: Leftovers","|upkeep","|turn|31","||adding 10 for new turn","|","|t:|1753073625","|move|p1a: Claydol|Rapid Spin|p2a: Skarmory","|-resisted|p2a: Skarmory","|-damage|p2a: Skarmory|328/334","|-sideend|p1: foultestchallenge1|Spikes|[from] move: Rapid Spin|[of] p1a: Claydol","|move|p2a: Skarmory|Spikes|p1a: Claydol","|-sidestart|p1: foultestchallenge1|Spikes","|","|-weather|Sandstorm|[upkeep]","|-heal|p1a: Claydol|204/324 tox|[from] item: Leftovers","|-damage|p1a: Claydol|104/324 tox|[from] psn","|-heal|p2a: Skarmory|334/334|[from] item: Leftovers","|upkeep","|turn|32","||adding 10 for new turn","|","|t:|1753073633","|move|p1a: Claydol|Rest|p1a: Claydol","|-status|p1a: Claydol|slp|[from] move: Rest","|-heal|p1a: Claydol|324/324 slp|[silent]","|move|p2a: Skarmory|Spikes|p1a: Claydol","|-sidestart|p1: foultestchallenge1|Spikes","|","|-weather|Sandstorm|[upkeep]","|upkeep","|turn|33","||adding 10 for new turn","|","|t:|1753073637","|cant|p1a: Claydol|slp","|move|p2a: Skarmory|Roar|p1a: Claydol","|drag|p1a: Forretress|Forretress, F|303/354","|-damage|p1a: Forretress|244/354|[from] Spikes","|","|-weather|Sandstorm|[upkeep]","|-heal|p1a: Forretress|266/354|[from] item: Leftovers","|upkeep","|turn|34","||adding 10 for new turn","|","|t:|1753073645","|move|p1a: Forretress|Zap Cannon|p2a: Skarmory","|-supereffective|p2a: Skarmory","|-crit|p2a: Skarmory","|-damage|p2a: Skarmory|158/334","|-status|p2a: Skarmory|par","|move|p2a: Skarmory|Roar|p1a: Forretress","|drag|p1a: Claydol|Claydol|324/324 slp","|","|-weather|Sandstorm|[upkeep]","|-heal|p2a: Skarmory|178/334 par|[from] item: Leftovers","|upkeep","|turn|35","||adding 10 for new turn","|","|t:|1753073650","|cant|p1a: Claydol|slp","|move|p2a: Skarmory|Roar|p1a: Claydol","|drag|p1a: Snorlax|Snorlax, F|435/497","|-damage|p1a: Snorlax|353/497|[from] Spikes","|","|-weather|Sandstorm|[upkeep]","|-damage|p1a: Snorlax|322/497|[from] Sandstorm","|-heal|p1a: Snorlax|353/497|[from] item: Leftovers","|-heal|p2a: Skarmory|198/334 par|[from] item: Leftovers","|upkeep","|turn|36","||adding 10 for new turn","|","|t:|1753073658","|move|p1a: Snorlax|Return|p2a: Skarmory","|-resisted|p2a: Skarmory","|-damage|p2a: Skarmory|145/334 par","|move|p2a: Skarmory|Roar|p1a: Snorlax","|drag|p1a: Dugtrio|Dugtrio, M|206/235","|-damage|p1a: Dugtrio|167/235|[from] Spikes","|","|-weather|Sandstorm|[upkeep]","|-heal|p2a: Skarmory|165/334 par|[from] item: Leftovers","|upkeep","|turn|37","||adding 10 for new turn","|","|t:|1753073666","|switch|p1a: Claydol|Claydol|324/324 slp","|move|p2a: Skarmory|Roar|p1a: Claydol","|drag|p1a: Suicune|Suicune|285/401 slp","|-damage|p1a: Suicune|219/401 slp|[from] Spikes","|-ability|p1a: Suicune|Pressure|[silent]","|","|-weather|Sandstorm|[upkeep]","|-damage|p1a: Suicune|194/401 slp|[from] Sandstorm","|-heal|p1a: Suicune|219/401 slp|[from] item: Leftovers","|-heal|p2a: Skarmory|185/334 par|[from] item: Leftovers","|upkeep","|turn|38","||adding 10 for new turn","|","|t:|1753073671","|switch|p1a: Claydol|Claydol|324/324 slp","|cant|p2a: Skarmory|par","|","|-weather|Sandstorm|[upkeep]","|-heal|p2a: Skarmory|205/334 par|[from] item: Leftovers","|upkeep","|turn|39","||adding 10 for new turn","|","|t:|1753073675","|-curestatus|p1a: Claydol|slp|[msg]","|move|p1a: Claydol|Rapid Spin|p2a: Skarmory","|-resisted|p2a: Skarmory","|-damage|p2a: Skarmory|198/334 par","|-sideend|p1: foultestchallenge1|Spikes|[from] move: Rapid Spin|[of] p1a: Claydol","|move|p2a: Skarmory|Toxic|p1a: Claydol","|-status|p1a: Claydol|tox","|","|-weather|Sandstorm|[upkeep]","|-damage|p1a: Claydol|304/324 tox|[from] psn","|-heal|p2a: Skarmory|218/334 par|[from] item: Leftovers","|upkeep","|turn|40","||adding 10 for new turn","|","|t:|1753073680","|move|p1a: Claydol|Psychic|p2a: Skarmory","|-resisted|p2a: Skarmory","|-damage|p2a: Skarmory|182/334 par","|move|p2a: Skarmory|Spikes|p1a: Claydol","|-sidestart|p1: foultestchallenge1|Spikes","|","|-weather|Sandstorm|[upkeep]","|-heal|p1a: Claydol|324/324 tox|[from] item: Leftovers","|-damage|p1a: Claydol|284/324 tox|[from] psn","|-heal|p2a: Skarmory|202/334 par|[from] item: Leftovers","|upkeep","|turn|41","||adding 10 for new turn","|","|t:|1753073684","|move|p1a: Claydol|Psychic|p2a: Skarmory","|-resisted|p2a: Skarmory","|-damage|p2a: Skarmory|164/334 par","|move|p2a: Skarmory|Spikes|p1a: Claydol","|-sidestart|p1: foultestchallenge1|Spikes","|","|-weather|Sandstorm|[upkeep]","|-heal|p1a: Claydol|304/324 tox|[from] item: Leftovers","|-damage|p1a: Claydol|244/324 tox|[from] psn","|-heal|p2a: Skarmory|184/334 par|[from] item: Leftovers","|upkeep","|turn|42","||adding 10 for new turn","|","|t:|1753073689","|move|p1a: Claydol|Rapid Spin|p2a: Skarmory","|-resisted|p2a: Skarmory","|-damage|p2a: Skarmory|178/334 par","|-sideend|p1: foultestchallenge1|Spikes|[from] move: Rapid Spin|[of] p1a: Claydol","|cant|p2a: Skarmory|par","|","|-weather|Sandstorm|[upkeep]","|-heal|p1a: Claydol|264/324 tox|[from] item: Leftovers","|-damage|p1a: Claydol|184/324 tox|[from] psn","|-heal|p2a: Skarmory|198/334 par|[from] item: Leftovers","|upkeep","|turn|43","||adding 10 for new turn","|","|t:|1753073693","|move|p1a: Claydol|Rest|p1a: Claydol","|-status|p1a: Claydol|slp|[from] move: Rest","|-heal|p1a: Claydol|324/324 slp|[silent]","|move|p2a: Skarmory|Spikes|p1a: Claydol","|-sidestart|p1: foultestchallenge1|Spikes","|","|-weather|Sandstorm|[upkeep]","|-heal|p2a: Skarmory|218/334 par|[from] item: Leftovers","|upkeep","|turn|44","||adding 10 for new turn","|","|t:|1753073698","|cant|p1a: Claydol|slp","|move|p2a: Skarmory|Spikes|p1a: Claydol","|-sidestart|p1: foultestchallenge1|Spikes","|","|-weather|Sandstorm|[upkeep]","|-heal|p2a: Skarmory|238/334 par|[from] item: Leftovers","|upkeep","|turn|45","||adding 10 for new turn","|","|t:|1753073702","|cant|p1a: Claydol|slp","|move|p2a: Skarmory|Roar|p1a: Claydol","|drag|p1a: Snorlax|Snorlax, F|353/497","|-damage|p1a: Snorlax|271/497|[from] Spikes","|","|-weather|Sandstorm|[upkeep]","|-damage|p1a: Snorlax|240/497|[from] Sandstorm","|-heal|p1a: Snorlax|271/497|[from] item: Leftovers","|-heal|p2a: Skarmory|258/334 par|[from] item: Leftovers","|upkeep","|turn|46","||adding 10 for new turn","|","|t:|1753073710","|move|p1a: Snorlax|Return|p2a: Skarmory","|-resisted|p2a: Skarmory","|-damage|p2a: Skarmory|208/334 par","|move|p2a: Skarmory|Roar|p1a: Snorlax","|drag|p1a: Dugtrio|Dugtrio, M|167/235","|-damage|p1a: Dugtrio|128/235|[from] Spikes","|","|-weather|Sandstorm|[upkeep]","|-heal|p2a: Skarmory|228/334 par|[from] item: Leftovers","|upkeep","|turn|47","||adding 10 for new turn","|","|t:|1753073718","|switch|p1a: Claydol|Claydol|324/324 slp","|cant|p2a: Skarmory|par","|","|-weather|Sandstorm|[upkeep]","|-heal|p2a: Skarmory|248/334 par|[from] item: Leftovers","|upkeep","|turn|48","||adding 10 for new turn","|","|t:|1753073722","|-curestatus|p1a: Claydol|slp|[msg]","|move|p1a: Claydol|Rapid Spin|p2a: Skarmory","|-resisted|p2a: Skarmory","|-damage|p2a: Skarmory|242/334 par","|-sideend|p1: foultestchallenge1|Spikes|[from] move: Rapid Spin|[of] p1a: Claydol","|move|p2a: Skarmory|Toxic|p1a: Claydol","|-status|p1a: Claydol|tox","|","|-weather|Sandstorm|[upkeep]","|-damage|p1a: Claydol|304/324 tox|[from] psn","|-heal|p2a: Skarmory|262/334 par|[from] item: Leftovers","|upkeep","|turn|49","||adding 10 for new turn","|","|t:|1753073727","|move|p1a: Claydol|Psychic|p2a: Skarmory","|-resisted|p2a: Skarmory","|-damage|p2a: Skarmory|222/334 par","|move|p2a: Skarmory|Spikes|p1a: Claydol","|-sidestart|p1: foultestchallenge1|Spikes","|","|-weather|Sandstorm|[upkeep]","|-heal|p1a: Claydol|324/324 tox|[from] item: Leftovers","|-damage|p1a: Claydol|284/324 tox|[from] psn","|-heal|p2a: Skarmory|242/334 par|[from] item: Leftovers","|upkeep","|turn|50","||adding 10 for new turn","|","|t:|1753073731","|move|p1a: Claydol|Psychic|p2a: Skarmory","|-resisted|p2a: Skarmory","|-damage|p2a: Skarmory|203/334 par","|move|p2a: Skarmory|Spikes|p1a: Claydol","|-sidestart|p1: foultestchallenge1|Spikes","|","|-weather|Sandstorm|[upkeep]","|-heal|p1a: Claydol|304/324 tox|[from] item: Leftovers","|-damage|p1a: Claydol|244/324 tox|[from] psn","|-heal|p2a: Skarmory|223/334 par|[from] item: Leftovers","|upkeep","|turn|51","||adding 10 for new turn","|","|t:|1753073736","|move|p1a: Claydol|Rapid Spin|p2a: Skarmory","|-resisted|p2a: Skarmory","|-damage|p2a: Skarmory|217/334 par","|-sideend|p1: foultestchallenge1|Spikes|[from] move: Rapid Spin|[of] p1a: Claydol","|move|p2a: Skarmory|Spikes|p1a: Claydol","|-sidestart|p1: foultestchallenge1|Spikes","|","|-weather|Sandstorm|[upkeep]","|-heal|p1a: Claydol|264/324 tox|[from] item: Leftovers","|-damage|p1a: Claydol|184/324 tox|[from] psn","|-heal|p2a: Skarmory|237/334 par|[from] item: Leftovers","|upkeep","|turn|52","||adding 10 for new turn","|","|t:|1753073741","|move|p1a: Claydol|Rapid Spin|p2a: Skarmory","|-resisted|p2a: Skarmory","|-damage|p2a: Skarmory|231/334 par","|-sideend|p1: foultestchallenge1|Spikes|[from] move: Rapid Spin|[of] p1a: Claydol","|cant|p2a: Skarmory|par","|","|-weather|Sandstorm|[upkeep]","|-heal|p1a: Claydol|204/324 tox|[from] item: Leftovers","|-damage|p1a: Claydol|104/324 tox|[from] psn","|-heal|p2a: Skarmory|251/334 par|[from] item: Leftovers","|upkeep","|turn|53","||adding 10 for new turn","|","|t:|1753073745","|move|p1a: Claydol|Rest|p1a: Claydol","|-status|p1a: Claydol|slp|[from] move: Rest","|-heal|p1a: Claydol|324/324 slp|[silent]","|move|p2a: Skarmory|Spikes|p1a: Claydol","|-sidestart|p1: foultestchallenge1|Spikes","|","|-weather|Sandstorm|[upkeep]","|-heal|p2a: Skarmory|271/334 par|[from] item: Leftovers","|upkeep","|turn|54","||adding 10 for new turn","|","|t:|1753073750","|cant|p1a: Claydol|slp","|move|p2a: Skarmory|Roar|p1a: Claydol","|drag|p1a: Dugtrio|Dugtrio, M|128/235","|-damage|p1a: Dugtrio|99/235|[from] Spikes","|","|-weather|Sandstorm|[upkeep]","|-heal|p2a: Skarmory|291/334 par|[from] item: Leftovers","|upkeep","|turn|55","||adding 10 for new turn","|","|t:|1753073757","|switch|p1a: Claydol|Claydol|324/324 slp","|move|p2a: Skarmory|Roar|p1a: Claydol","|drag|p1a: Dugtrio|Dugtrio, M|99/235","|-damage|p1a: Dugtrio|70/235|[from] Spikes","|","|-weather|Sandstorm|[upkeep]","|-heal|p2a: Skarmory|311/334 par|[from] item: Leftovers","|upkeep","|turn|56","||adding 10 for new turn","|","|t:|1753073765","|switch|p1a: Claydol|Claydol|324/324 slp","|cant|p2a: Skarmory|par","|","|-weather|Sandstorm|[upkeep]","|-heal|p2a: Skarmory|331/334 par|[from] item: Leftovers","|upkeep","|turn|57","||adding 10 for new turn","|","|t:|1753073769","|cant|p1a: Claydol|slp","|move|p2a: Skarmory|Roar|p1a: Claydol","|drag|p1a: Snorlax|Snorlax, F|271/497","|-damage|p1a: Snorlax|209/497|[from] Spikes","|","|-weather|Sandstorm|[upkeep]","|-damage|p1a: Snorlax|178/497|[from] Sandstorm","|-heal|p1a: Snorlax|209/497|[from] item: Leftovers","|-heal|p2a: Skarmory|334/334 par|[from] item: Leftovers","|upkeep","|turn|58","||adding 10 for new turn","|","|t:|1753073777","|move|p1a: Snorlax|Rest|p1a: Snorlax","|-status|p1a: Snorlax|slp|[from] move: Rest","|-heal|p1a: Snorlax|497/497 slp|[silent]","|move|p2a: Skarmory|Roar|p1a: Snorlax","|drag|p1a: Suicune|Suicune|219/401 slp","|-damage|p1a: Suicune|169/401 slp|[from] Spikes","|-ability|p1a: Suicune|Pressure|[silent]","|","|-weather|Sandstorm|[upkeep]","|-damage|p1a: Suicune|144/401 slp|[from] Sandstorm","|-heal|p1a: Suicune|169/401 slp|[from] item: Leftovers","|upkeep","|turn|59","||adding 10 for new turn","|","|t:|1753073782","|switch|p1a: Claydol|Claydol|324/324 slp","|move|p2a: Skarmory|Roar|p1a: Claydol","|drag|p1a: Dugtrio|Dugtrio, M|70/235","|-damage|p1a: Dugtrio|41/235|[from] Spikes","|","|-weather|Sandstorm|[upkeep]","|upkeep","|turn|60","||adding 10 for new turn","|","|t:|1753073789","|switch|p1a: Claydol|Claydol|324/324 slp","|move|p2a: Skarmory|Roar|p1a: Claydol","|drag|p1a: Snorlax|Snorlax, F|497/497 slp","|-damage|p1a: Snorlax|435/497 slp|[from] Spikes","|","|-weather|Sandstorm|[upkeep]","|-damage|p1a: Snorlax|404/497 slp|[from] Sandstorm","|-heal|p1a: Snorlax|435/497 slp|[from] item: Leftovers","|upkeep","|turn|61","||adding 10 for new turn","|","|t:|1753073797","|switch|p1a: Claydol|Claydol|324/324 slp","|move|p2a: Skarmory|Roar|p1a: Claydol","|drag|p1a: Forretress|Forretress, F|266/354","|-damage|p1a: Forretress|222/354|[from] Spikes","|","|-weather|Sandstorm|[upkeep]","|-heal|p1a: Forretress|244/354|[from] item: Leftovers","|upkeep","|turn|62","||adding 10 for new turn","|","|t:|1753073805","|switch|p1a: Claydol|Claydol|324/324 slp","|move|p2a: Skarmory|Roar|p1a: Claydol","|drag|p1a: Forretress|Forretress, F|244/354","|-damage|p1a: Forretress|200/354|[from] Spikes","|","|-weather|Sandstorm|[upkeep]","|-heal|p1a: Forretress|222/354|[from] item: Leftovers","|upkeep","|turn|63","||adding 10 for new turn","|","|t:|1753073813","|switch|p1a: Claydol|Claydol|324/324 slp","|cant|p2a: Skarmory|par","|","|-weather|Sandstorm|[upkeep]","|upkeep","|turn|64","||adding 10 for new turn","|","|t:|1753073818","|-curestatus|p1a: Claydol|slp|[msg]","|move|p1a: Claydol|Rapid Spin|p2a: Skarmory","|-resisted|p2a: Skarmory","|-damage|p2a: Skarmory|328/334 par","|-sideend|p1: foultestchallenge1|Spikes|[from] move: Rapid Spin|[of] p1a: Claydol","|cant|p2a: Skarmory|par","|","|-weather|Sandstorm|[upkeep]","|-heal|p2a: Skarmory|334/334 par|[from] item: Leftovers","|upkeep","|turn|65","||adding 10 for new turn","|","|t:|1753073822","|move|p1a: Claydol|Psychic|p2a: Skarmory","|-resisted|p2a: Skarmory","|-damage|p2a: Skarmory|297/334 par","|move|p2a: Skarmory|Spikes|p1a: Claydol","|-sidestart|p1: foultestchallenge1|Spikes","|","|-weather|Sandstorm|[upkeep]","|-heal|p2a: Skarmory|317/334 par|[from] item: Leftovers","|upkeep","|turn|66","||adding 10 for new turn","|","|t:|1753073827","|move|p1a: Claydol|Rapid Spin|p2a: Skarmory","|-resisted|p2a: Skarmory","|-damage|p2a: Skarmory|311/334 par","|-sideend|p1: foultestchallenge1|Spikes|[from] move: Rapid Spin|[of] p1a: Claydol","|move|p2a: Skarmory|Toxic|p1a: Claydol","|-status|p1a: Claydol|tox","|","|-weather|Sandstorm|[upkeep]","|-damage|p1a: Claydol|304/324 tox|[from] psn","|-heal|p2a: Skarmory|331/334 par|[from] item: Leftovers","|upkeep","|turn|67","||adding 10 for new turn","|","|t:|1753073831","|switch|p1a: Forretress|Forretress, F|222/354","|move|p2a: Skarmory|Spikes|p1a: Forretress","|-sidestart|p1: foultestchallenge1|Spikes","|","|-weather|Sandstorm|[upkeep]","|-heal|p1a: Forretress|244/354|[from] item: Leftovers","|-heal|p2a: Skarmory|334/334 par|[from] item: Leftovers","|upkeep","|turn|68","||adding 10 for new turn","|","|t:|1753073839","|switch|p1a: Claydol|Claydol|304/324 tox","|move|p2a: Skarmory|Roar|p1a: Claydol","|drag|p1a: Forretress|Forretress, F|244/354","|-damage|p1a: Forretress|200/354|[from] Spikes","|","|-weather|Sandstorm|[upkeep]","|-heal|p1a: Forretress|222/354|[from] item: Leftovers","|upkeep","|turn|69","||adding 10 for new turn","|","|t:|1753073847","|switch|p1a: Claydol|Claydol|304/324 tox","|move|p2a: Skarmory|Roar|p1a: Claydol","|drag|p1a: Suicune|Suicune|169/401 slp","|-damage|p1a: Suicune|119/401 slp|[from] Spikes","|-ability|p1a: Suicune|Pressure|[silent]","|","|-weather|Sandstorm|[upkeep]","|-damage|p1a: Suicune|94/401 slp|[from] Sandstorm","|-heal|p1a: Suicune|119/401 slp|[from] item: Leftovers","|upkeep","|turn|70","||adding 10 for new turn","|","|t:|1753073851","|switch|p1a: Forretress|Forretress, F|222/354","|-damage|p1a: Forretress|178/354|[from] Spikes","|cant|p2a: Skarmory|par","|","|-weather|Sandstorm|[upkeep]","|-heal|p1a: Forretress|200/354|[from] item: Leftovers","|upkeep","|turn|71","||adding 10 for new turn","|","|t:|1753073858","|switch|p1a: Claydol|Claydol|304/324 tox","|move|p2a: Skarmory|Roar|p1a: Claydol","|drag|p1a: Snorlax|Snorlax, F|435/497 slp","|-damage|p1a: Snorlax|373/497 slp|[from] Spikes","|","|-weather|Sandstorm|[upkeep]","|-damage|p1a: Snorlax|342/497 slp|[from] Sandstorm","|-heal|p1a: Snorlax|373/497 slp|[from] item: Leftovers","|upkeep","|turn|72","||adding 10 for new turn","|","|t:|1753073866","|switch|p1a: Claydol|Claydol|304/324 tox","|move|p2a: Skarmory|Roar|p1a: Claydol","|drag|p1a: Suicune|Suicune|119/401 slp","|-damage|p1a: Suicune|69/401 slp|[from] Spikes","|-ability|p1a: Suicune|Pressure|[silent]","|","|-weather|Sandstorm|[upkeep]","|-damage|p1a: Suicune|44/401 slp|[from] Sandstorm","|-heal|p1a: Suicune|69/401 slp|[from] item: Leftovers","|upkeep","|turn|73","||adding 10 for new turn","|","|t:|1753073870","|switch|p1a: Claydol|Claydol|304/324 tox","|switch|p2a: Starmie|Starmie|262/262","|-damage|p2a: Starmie|197/262|[from] Spikes","|","|-weather|Sandstorm|[upkeep]","|-damage|p2a: Starmie|181/262|[from] Sandstorm","|-heal|p2a: Starmie|197/262|[from] item: Leftovers","|-heal|p1a: Claydol|324/324 tox|[from] item: Leftovers","|-damage|p1a: Claydol|304/324 tox|[from] psn","|upkeep","|turn|74","||adding 10 for new turn","|","|t:|1753073878","|move|p2a: Starmie|Hydro Pump|p1a: Claydol","|-supereffective|p1a: Claydol","|-damage|p1a: Claydol|0 fnt","|faint|p1a: Claydol","||adding 5 to each for mid turn request","|","|t:|1753073886","|switch|p1a: Snorlax|Snorlax, F|373/497 slp","|-damage|p1a: Snorlax|311/497 slp|[from] Spikes","|","|-weather|Sandstorm|[upkeep]","|-damage|p2a: Starmie|181/262|[from] Sandstorm","|-damage|p1a: Snorlax|280/497 slp|[from] Sandstorm","|-heal|p2a: Starmie|197/262|[from] item: Leftovers","|-heal|p1a: Snorlax|311/497 slp|[from] item: Leftovers","|upkeep","|turn|75","||adding 10 for new turn","|","|t:|1753073894","|move|p2a: Starmie|Hydro Pump|p1a: Snorlax","|-damage|p1a: Snorlax|178/497 slp","|cant|p1a: Snorlax|slp","|","|-weather|Sandstorm|[upkeep]","|-damage|p2a: Starmie|181/262|[from] Sandstorm","|-damage|p1a: Snorlax|147/497 slp|[from] Sandstorm","|-heal|p2a: Starmie|197/262|[from] item: Leftovers","|-heal|p1a: Snorlax|178/497 slp|[from] item: Leftovers","|upkeep","|turn|76","||adding 10 for new turn","|","|t:|1753073902","|move|p2a: Starmie|Psychic|p1a: Snorlax","|-damage|p1a: Snorlax|85/497 slp","|cant|p1a: Snorlax|slp","|","|-weather|Sandstorm|[upkeep]","|-damage|p2a: Starmie|181/262|[from] Sandstorm","|-damage|p1a: Snorlax|54/497 slp|[from] Sandstorm","|-heal|p2a: Starmie|197/262|[from] item: Leftovers","|-heal|p1a: Snorlax|85/497 slp|[from] item: Leftovers","|upkeep","|turn|77","||adding 10 for new turn","|","|t:|1753073910","|switch|p1a: Forretress|Forretress, F|200/354","|-damage|p1a: Forretress|156/354|[from] Spikes","|move|p2a: Starmie|Psychic|p1a: Forretress","|-resisted|p1a: Forretress","|-damage|p1a: Forretress|85/354","|","|-weather|Sandstorm|[upkeep]","|-damage|p2a: Starmie|181/262|[from] Sandstorm","|-heal|p2a: Starmie|197/262|[from] item: Leftovers","|-heal|p1a: Forretress|107/354|[from] item: Leftovers","|upkeep","|turn|78","||adding 10 for new turn","|","|t:|1753073917","|move|p2a: Starmie|Hydro Pump|p1a: Forretress","|-damage|p1a: Forretress|0 fnt","|faint|p1a: Forretress","||adding 5 to each for mid turn request","|","|t:|1753073924","|switch|p1a: Dugtrio|Dugtrio, M|41/235","|-damage|p1a: Dugtrio|12/235|[from] Spikes","|","|-weather|Sandstorm|[upkeep]","|-damage|p2a: Starmie|181/262|[from] Sandstorm","|-heal|p2a: Starmie|197/262|[from] item: Leftovers","|upkeep","|turn|79","||adding 10 for new turn","|","|t:|1753073931","|move|p2a: Starmie|Psychic|p1a: Dugtrio","|-damage|p1a: Dugtrio|0 fnt","|faint|p1a: Dugtrio","||adding 5 to each for mid turn request","|","|t:|1753073938","|switch|p1a: Suicune|Suicune|69/401 slp","|-damage|p1a: Suicune|19/401 slp|[from] Spikes","|-ability|p1a: Suicune|Pressure|[silent]","|","|-weather|Sandstorm|[upkeep]","|-damage|p2a: Starmie|181/262|[from] Sandstorm","|-damage|p1a: Suicune|0 fnt|[from] Sandstorm","|faint|p1a: Suicune","|-heal|p2a: Starmie|197/262|[from] item: Leftovers","|upkeep","||adding 5 to each for mid turn request","|","|t:|1753073944","|switch|p1a: Snorlax|Snorlax, F|85/497 slp","|-damage|p1a: Snorlax|23/497 slp|[from] Spikes","|turn|80","||adding 10 for new turn","|","|t:|1753073951","|move|p2a: Starmie|Thunderbolt|p1a: Snorlax","|-crit|p1a: Snorlax","|-damage|p1a: Snorlax|0 fnt","|faint|p1a: Snorlax","|","|win|foultestacceptor1",""],"p1rating":null,"p2rating":null,"endType":"normal","ladderError":true,"timestamp":"Sun Jul 20 2025 21:59:11 GMT-0700 (アメリカ太平洋夏時間)","roomid":"battle-gen3ou-1121","format":"gen3ou"}