{"winner":"foultestacceptor1","seed":"sodium,d648f7ef5acc8526544d51bfa88b40dd","turns":38,"p1":"foultestchallenge1","p2":"foultestacceptor1","p1team":[{"name":"Metagross","species":"Metagross","item":"Leftovers","ability":"Clear Body","moves":["Meteor Mash","Earthquake","Agility","Explosion"],"nature":"Adamant","evs":{"hp":152,"atk":252,"def":0,"spa":0,"spd":0,"spe":104},"gender":"N","level":100,"ivs":{"hp":31,"atk":31,"def":31,"spa":31,"spd":31,"spe":31}},{"name":"Milotic","species":"Milotic","item":"Leftovers","ability":"Marvel Scale","moves":["Hypnosis","Surf","Ice Beam","Recover"],"nature":"Bold","evs":{"hp":248,"atk":0,"def":212,"spa":0,"spd":0,"spe":48},"gender":"F","ivs":{"hp":31,"atk":0,"def":31,"spa":31,"spd":31,"spe":31},"level":100},{"name":"Celebi","species":"Celebi","item":"Leftovers","ability":"Natural Cure","moves":["Swords Dance","Hidden Power Rock","Baton Pass","Recover"],"nature":"Jolly","evs":{"hp":240,"atk":0,"def":44,"spa":0,"spd":4,"spe":220},"gender":"N","ivs":{"hp":31,"atk":31,"def":30,"spa":31,"spd":30,"spe":30},"happiness":255,"hpType":"Rock","pokeball":"","gigantamax":false,"dynamaxLevel":10,"teraType":"","level":100},{"name":"Magneton","species":"Magneton","item":"Leftovers","ability":"Magnet Pull","moves":["Thunderbolt","Hidden Power Fire","Thunder Wave","Toxic"],"nature":"Timid","evs":{"hp":144,"atk":0,"def":0,"spa":112,"spd":0,"spe":252},"gender":"N","ivs":{"hp":31,"atk":2,"def":31,"spa":30,"spd":31,"spe":30},"happiness":255,"hpType":"Fire","pokeball":"","gigantamax":false,"dynamaxLevel":10,"teraType":"","level":100},{"name":"Heracross","species":"Heracross","item":"Leftovers","ability":"Guts","moves":["Megahorn","Rock Slide","Hidden Power Ghost","Brick Break"],"nature":"Adamant","evs":{"hp":144,"atk":16,"def":0,"spa":0,"spd":184,"spe":164},"gender":"M","ivs":{"hp":31,"atk":31,"def":30,"spa":31,"spd":30,"spe":31},"happiness":255,"hpType":"Ghost","pokeball":"","gigantamax":false,"dynamaxLevel":10,"teraType":"","level":100},{"name":"Gyarados","species":"Gyarados","item":"Leftovers","ability":"Intimidate","moves":["Hidden Power Flying","Double-Edge","Earthquake","Dragon Dance"],"nature":"Jolly","evs":{"hp":0,"atk":252,"def":4,"spa":0,"spd":0,"spe":252},"gender":"M","ivs":{"hp":30,"atk":30,"def":30,"spa":30,"spd":30,"spe":31},"happiness":255,"hpType":"Flying","pokeball":"","gigantamax":false,"dynamaxLevel":10,"teraType":"","level":100}],"p2team":[{"name":"Salamence","species":"Salamence","item":"Choice Band","ability":"Intimidate","moves":["Earthquake","Hidden Power Flying","Brick Break","Rock Slide"],"nature":"Adamant","evs":{"hp":120,"atk":252,"def":0,"spa":0,"spd":0,"spe":136},"gender":"M","ivs":{"hp":30,"atk":30,"def":30,"spa":30,"spd":30,"spe":31},"happiness":255,"hpType":"Flying","pokeball":"","gigantamax":false,"dynamaxLevel":10,"teraType":"","level":100},{"name":"Magneton","species":"Magneton","item":"Magnet","ability":"Magnet Pull","moves":["Thunderbolt","Toxic","Hidden Power Fire","Protect"],"nature":"Modest","evs":{"hp":4,"atk":0,"def":0,"spa":252,"spd":0,"spe":252},"gender":"N","ivs":{"hp":31,"atk":2,"def":31,"spa":30,"spd":31,"spe":30},"happiness":255,"hpType":"Fire","pokeball":"","gigantamax":false,"dynamaxLevel":10,"teraType":"","level":100},{"name":"Tyranitar","species":"Tyranitar","item":"Leftovers","ability":"Sand Stream","moves":["Crunch","Pursuit","Hidden Power Grass","Fire Blast"],"nature":"Modest","evs":{"hp":240,"atk":0,"def":0,"spa":188,"spd":48,"spe":32},"gender":"M","ivs":{"hp":31,"atk":2,"def":31,"spa":30,"spd":31,"spe":31},"happiness":255,"hpType":"Grass","pokeball":"","gigantamax":false,"dynamaxLevel":10,"teraType":"","level":100},{"name":"Blissey","species":"Blissey","item":"Leftovers","ability":"Natural Cure","moves":["Seismic Toss","Wish","Protect","Toxic"],"nature":"","evs":{"hp":4,"atk":0,"def":252,"spa":0,"spd":252,"spe":0},"gender":"F","ivs":{"hp":31,"atk":0,"def":31,"spa":31,"spd":31,"spe":31},"level":100},{"name":"Metagross","species":"Metagross","item":"Leftovers","ability":"Clear Body","moves":["Agility","Meteor Mash","Earthquake","Explosion"],"nature":"Adamant","evs":{"hp":168,"atk":252,"def":0,"spa":0,"spd":0,"spe":88},"gender":"N","level":100,"ivs":{"hp":31,"atk":31,"def":31,"spa":31,"spd":31,"spe":31}},{"name":"Swampert","species":"Swampert","item":"Leftovers","ability":"Torrent","moves":["Surf","Ice Beam","Protect","Toxic"],"nature":"Bold","evs":{"hp":252,"atk":0,"def":160,"spa":0,"spd":96,"spe":0},"gender":"F","ivs":{"hp":31,"atk":0,"def":31,"spa":31,"spd":31,"spe":31},"level":100}],"score":[0,2],"inputLog":[">version 372d05e49c92a79eecdf6c8dddb208bd1765c00f",">start {\"formatid\":\"gen3ou\",\"seed\":\"sodium,d648f7ef5acc8526544d51bfa88b40dd\"}",">player p1 {\"name\":\"foultestchallenge1\",\"avatar\":\"169\",\"team\":\"Metagross||Leftovers|ClearBody|MeteorMash,Earthquake,Agility,Explosion|Adamant|152,252,,,,104|N||||]Milotic||Leftovers|MarvelScale|Hypnosis,Surf,IceBeam,Recover|Bold|248,,212,,,48|F|,0,,,,|||]Celebi||Leftovers|NaturalCure|SwordsDance,HiddenPowerRock,BatonPass,Recover|Jolly|240,,44,,4,220|N|,,30,,30,30|||,Rock,,,,]Magneton||Leftovers|MagnetPull|Thunderbolt,HiddenPowerFire,ThunderWave,Toxic|Timid|144,,,112,,252|N|,2,,30,,30|||,Fire,,,,]Heracross||Leftovers|Guts|Megahorn,RockSlide,HiddenPowerGhost,BrickBreak|Adamant|144,16,,,184,164|M|,,30,,30,|||,Ghost,,,,]Gyarados||Leftovers|Intimidate|HiddenPowerFlying,DoubleEdge,Earthquake,DragonDance|Jolly|,252,4,,,252|M|30,30,30,30,30,|||,Flying,,,,\",\"rating\":0}",">player p2 {\"name\":\"foultestacceptor1\",\"avatar\":\"102\",\"team\":\"Salamence||ChoiceBand|Intimidate|Earthquake,HiddenPowerFlying,BrickBreak,RockSlide|Adamant|120,252,,,,136|M|30,30,30,30,30,|||,Flying,,,,]Magneton||Magnet|MagnetPull|Thunderbolt,Toxic,HiddenPowerFire,Protect|Modest|4,,,252,,252|N|,2,,30,,30|||,Fire,,,,]Tyranitar||Leftovers|SandStream|Crunch,Pursuit,HiddenPowerGrass,FireBlast|Modest|240,,,188,48,32|M|,2,,30,,|||,Grass,,,,]Blissey||Leftovers|NaturalCure|SeismicToss,Wish,Protect,Toxic||4,,252,,252,|F|,0,,,,|||]Metagross||Leftovers|ClearBody|Agility,MeteorMash,Earthquake,Explosion|Adamant|168,252,,,,88|N||||]Swampert||Leftovers|Torrent|Surf,IceBeam,Protect,Toxic|Bold|252,,160,,96,|F|,0,,,,|||\",\"rating\":0}",">p1 switch 2",">p2 move earthquake",">p1 move recover",">p2 move earthquake",">p1 move icebeam",">p2 move earthquake",">p2 switch 2",">p1 move surf",">p2 move thunderbolt",">p1 switch 4",">p1 move thunderwave",">p2 move hiddenpower",">p1 move hiddenpower",">p2 move thunderbolt",">p1 switch 2",">p1 move earthquake",">p2 switch 6",">p1 switch 6",">p2 move surf",">p1 move dragondance",">p2 move toxic",">p1 move hiddenpower",">p2 move icebeam",">p1 move hiddenpower",">p2 move protect",">p1 switch 5",">p2 move protect",">p1 move megahorn",">p2 move surf",">p1 move megahorn",">p2 switch 5",">p1 move megahorn",">p2 move meteormash",">p1 switch 6",">p1 move earthquake",">p2 move explosion",">p2 switch 5",">p1 move earthquake",">p2 move protect",">p1 move earthquake",">p2 move surf",">p1 move earthquake",">p2 switch 6",">p2 switch 3",">p1 move meteormash",">p2 move fireblast",">p1 switch 5",">p1 move earthquake",">p2 move crunch",">p2 switch 4",">p1 switch 3",">p2 move wish",">p1 move batonpass",">p2 move toxic",">p1 switch 3",">p1 switch 3",">p2 move seismictoss",">p1 move swordsdance",">p2 move toxic",">p1 move recover",">p2 move seismictoss",">p1 move recover",">p2 move seismictoss",">p1 move recover",">p2 move seismictoss",">p1 move recover",">p2 move seismictoss",">p1 move recover",">p2 move seismictoss",">p1 move recover",">p2 move seismictoss",">p1 move batonpass",">p2 move seismictoss",">p1 switch 3",">p1 switch 3",">p1 move recover",">p2 move toxic",">p1 move recover",">p2 switch 6",">p1 move hiddenpower",">p2 move icebeam",">p1 move recover",">p2 move icebeam",">p1 move recover",">p2 move icebeam",">p1 move recover",">p2 move icebeam"],"log":["|j|☆foultestchallenge1","|j|☆foultestacceptor1","|t:|1753072069","|gametype|singles","|player|p1|foultestchallenge1|169|","|player|p2|foultestacceptor1|102|","|teamsize|p1|6","|teamsize|p2|6","|gen|3","|tier|[Gen 3] OU","|rule|Sleep Clause Mod: Limit one foe put to sleep","|rule|Switch Priority Clause Mod: Faster Pokémon switch first","|rule|Species Clause: Limit one of each Pokémon","|rule|OHKO Clause: OHKO moves are banned","|rule|Evasion Items Clause: Evasion items are banned","|rule|Evasion Moves Clause: Evasion moves are banned","|rule|Endless Battle Clause: Forcing endless battles is banned","|rule|HP Percentage Mod: HP is shown in percentages","|rule|One Boost Passer Clause: Limit one Baton Passer that has a way to boost its stats","|rule|Freeze Clause Mod: Limit one foe frozen","|","|t:|1753072069","|start","|switch|p1a: Metagross|Metagross|339/339","|switch|p2a: Salamence|Salamence, M|360/360","|-ability|p2a: Salamence|Intimidate|boost","|-fail|p1a: Metagross|unboost|[from] ability: Clear Body|[of] p1a: Metagross","|turn|1","|inactive|Battle timer is ON: inactive players will automatically lose when time's up. (requested by foultestchallenge1)","|inactive|foultestacceptor1 also wants the timer to be on.","|","|t:|1753072077","|switch|p1a: Milotic|Milotic, F|393/393","|move|p2a: Salamence|Earthquake|p1a: Milotic","|-damage|p1a: Milotic|210/393","|","|-heal|p1a: Milotic|234/393|[from] item: Leftovers","|upkeep","|turn|2","||adding 10 for new turn","|","|t:|1753072086","|move|p2a: Salamence|Earthquake|p1a: Milotic","|-damage|p1a: Milotic|68/393","|move|p1a: Milotic|Recover|p1a: Milotic","|-heal|p1a: Milotic|264/393","|","|-heal|p1a: Milotic|288/393|[from] item: Leftovers","|upkeep","|turn|3","||adding 10 for new turn","|","|t:|1753072094","|move|p2a: Salamence|Earthquake|p1a: Milotic","|-damage|p1a: Milotic|124/393","|move|p1a: Milotic|Ice Beam|p2a: Salamence","|-supereffective|p2a: Salamence","|-damage|p2a: Salamence|0 fnt","|faint|p2a: Salamence","||adding 5 to each for mid turn request","|","|t:|1753072102","|switch|p2a: Magneton|Magneton|242/242","|","|-heal|p1a: Milotic|148/393|[from] item: Leftovers","|upkeep","|turn|4","||adding 10 for new turn","|","|t:|1753072109","|move|p2a: Magneton|Thunderbolt|p1a: Milotic","|-supereffective|p1a: Milotic","|-damage|p1a: Milotic|0 fnt","|faint|p1a: Milotic","||adding 5 to each for mid turn request","|","|t:|1753072117","|switch|p1a: Magneton|Magneton|277/277","|","|upkeep","|turn|5","||adding 10 for new turn","|","|t:|1753072125","|move|p1a: Magneton|Thunder Wave|p2a: Magneton","|-status|p2a: Magneton|par","|move|p2a: Magneton|Hidden Power|p1a: Magneton","|-supereffective|p1a: Magneton","|-damage|p1a: Magneton|62/277","|","|-heal|p1a: Magneton|79/277|[from] item: Leftovers","|upkeep","|turn|6","||adding 10 for new turn","|","|t:|1753072133","|move|p1a: Magneton|Hidden Power|p2a: Magneton","|-supereffective|p2a: Magneton","|-damage|p2a: Magneton|51/242 par","|move|p2a: Magneton|Thunderbolt|p1a: Magneton","|-resisted|p1a: Magneton","|-damage|p1a: Magneton|0 fnt","|faint|p1a: Magneton","||adding 5 to each for mid turn request","|","|t:|1753072141","|switch|p1a: Metagross|Metagross|339/339","|","|upkeep","|turn|7","||adding 10 for new turn","|","|t:|1753072149","|switch|p2a: Swampert|Swampert, F|404/404","|move|p1a: Metagross|Earthquake|p2a: Swampert","|-damage|p2a: Swampert|291/404","|","|-heal|p2a: Swampert|316/404|[from] item: Leftovers","|upkeep","|turn|8","||adding 10 for new turn","|","|t:|1753072158","|switch|p1a: Gyarados|Gyarados, M|330/330","|-ability|p1a: Gyarados|Intimidate|boost","|-unboost|p2a: Swampert|atk|1","|move|p2a: Swampert|Surf|p1a: Gyarados","|-resisted|p1a: Gyarados","|-damage|p1a: Gyarados|283/330","|","|-heal|p1a: Gyarados|303/330|[from] item: Leftovers","|-heal|p2a: Swampert|341/404|[from] item: Leftovers","|upkeep","|turn|9","||adding 10 for new turn","|","|t:|1753072166","|move|p1a: Gyarados|Dragon Dance|p1a: Gyarados","|-boost|p1a: Gyarados|atk|1","|-boost|p1a: Gyarados|spe|1","|move|p2a: Swampert|Toxic|p1a: Gyarados","|-status|p1a: Gyarados|tox","|","|-heal|p1a: Gyarados|323/330 tox|[from] item: Leftovers","|-damage|p1a: Gyarados|303/330 tox|[from] psn","|-heal|p2a: Swampert|366/404|[from] item: Leftovers","|upkeep","|turn|10","||adding 10 for new turn","|","|t:|1753072174","|move|p1a: Gyarados|Hidden Power|p2a: Swampert","|-damage|p2a: Swampert|210/404","|move|p2a: Swampert|Ice Beam|p1a: Gyarados","|-damage|p1a: Gyarados|238/330 tox","|","|-heal|p1a: Gyarados|258/330 tox|[from] item: Leftovers","|-damage|p1a: Gyarados|218/330 tox|[from] psn","|-heal|p2a: Swampert|235/404|[from] item: Leftovers","|upkeep","|turn|11","||adding 10 for new turn","|","|t:|1753072182","|move|p2a: Swampert|Protect|p2a: Swampert","|-singleturn|p2a: Swampert|Protect","|move|p1a: Gyarados|Hidden Power|p2a: Swampert","|-activate|p2a: Swampert|Protect","|","|-heal|p1a: Gyarados|238/330 tox|[from] item: Leftovers","|-damage|p1a: Gyarados|178/330 tox|[from] psn","|-heal|p2a: Swampert|260/404|[from] item: Leftovers","|upkeep","|turn|12","||adding 10 for new turn","|","|t:|1753072189","|switch|p1a: Heracross|Heracross, M|337/337","|move|p2a: Swampert|Protect||[still]","|-fail|p2a: Swampert","|","|-heal|p2a: Swampert|285/404|[from] item: Leftovers","|upkeep","|turn|13","||adding 10 for new turn","|","|t:|1753072197","|move|p1a: Heracross|Megahorn|p2a: Swampert","|-damage|p2a: Swampert|122/404","|move|p2a: Swampert|Surf|p1a: Heracross","|-damage|p1a: Heracross|199/337","|","|-heal|p1a: Heracross|220/337|[from] item: Leftovers","|-heal|p2a: Swampert|147/404|[from] item: Leftovers","|upkeep","|turn|14","||adding 10 for new turn","|","|t:|1753072206","|switch|p2a: Metagross|Metagross|343/343","|move|p1a: Heracross|Megahorn|p2a: Metagross","|-damage|p2a: Metagross|185/343","|","|-heal|p1a: Heracross|241/337|[from] item: Leftovers","|-heal|p2a: Metagross|206/343|[from] item: Leftovers","|upkeep","|turn|15","||adding 10 for new turn","|","|t:|1753072214","|move|p1a: Heracross|Megahorn|p2a: Metagross","|-damage|p2a: Metagross|50/343","|move|p2a: Metagross|Meteor Mash|p1a: Heracross","|-damage|p1a: Heracross|0 fnt","|faint|p1a: Heracross","||adding 5 to each for mid turn request","|","|t:|1753072223","|switch|p1a: Metagross|Metagross|339/339","|","|-heal|p2a: Metagross|71/343|[from] item: Leftovers","|upkeep","|turn|16","||adding 10 for new turn","|","|t:|1753072231","|move|p1a: Metagross|Earthquake|p2a: Metagross","|-supereffective|p2a: Metagross","|-damage|p2a: Metagross|0 fnt","|faint|p2a: Metagross","||adding 5 to each for mid turn request","|","|t:|1753072238","|switch|p2a: Swampert|Swampert, F|147/404","|","|-heal|p2a: Swampert|172/404|[from] item: Leftovers","|upkeep","|turn|17","||adding 10 for new turn","|","|t:|1753072246","|move|p2a: Swampert|Protect|p2a: Swampert","|-singleturn|p2a: Swampert|Protect","|move|p1a: Metagross|Earthquake|p2a: Swampert","|-activate|p2a: Swampert|Protect","|","|-heal|p2a: Swampert|197/404|[from] item: Leftovers","|upkeep","|turn|18","||adding 10 for new turn","|","|t:|1753072254","|move|p1a: Metagross|Earthquake|p2a: Swampert","|-damage|p2a: Swampert|84/404","|move|p2a: Swampert|Surf|p1a: Metagross","|-damage|p1a: Metagross|183/339","|","|-heal|p1a: Metagross|204/339|[from] item: Leftovers","|-heal|p2a: Swampert|109/404|[from] item: Leftovers","|upkeep","|turn|19","||adding 10 for new turn","|","|t:|1753072262","|switch|p2a: Magneton|Magneton|51/242 par","|move|p1a: Metagross|Earthquake|p2a: Magneton","|-supereffective|p2a: Magneton","|-damage|p2a: Magneton|0 fnt","|faint|p2a: Magneton","||adding 5 to each for mid turn request","|","|t:|1753072270","|switch|p2a: Tyranitar|Tyranitar, M|401/401","|-weather|Sandstorm|[from] ability: Sand Stream|[of] p2a: Tyranitar","|","|-weather|Sandstorm|[upkeep]","|-heal|p1a: Metagross|225/339|[from] item: Leftovers","|upkeep","|turn|20","||adding 10 for new turn","|","|t:|1753072277","|move|p1a: Metagross|Meteor Mash|p2a: Tyranitar","|-supereffective|p2a: Tyranitar","|-damage|p2a: Tyranitar|40/401","|move|p2a: Tyranitar|Fire Blast|p1a: Metagross","|-supereffective|p1a: Metagross","|-damage|p1a: Metagross|0 fnt","|faint|p1a: Metagross","||adding 5 to each for mid turn request","|","|t:|1753072286","|switch|p1a: Gyarados|Gyarados, M|178/330 tox","|-ability|p1a: Gyarados|Intimidate|boost","|-unboost|p2a: Tyranitar|atk|1","|","|-weather|Sandstorm|[upkeep]","|-damage|p1a: Gyarados|158/330 tox|[from] Sandstorm","|-heal|p1a: Gyarados|178/330 tox|[from] item: Leftovers","|-damage|p1a: Gyarados|158/330 tox|[from] psn","|-heal|p2a: Tyranitar|65/401|[from] item: Leftovers","|upkeep","|turn|21","||adding 10 for new turn","|","|t:|1753072293","|move|p1a: Gyarados|Earthquake|p2a: Tyranitar","|-supereffective|p2a: Tyranitar","|-damage|p2a: Tyranitar|0 fnt","|faint|p2a: Tyranitar","||adding 5 to each for mid turn request","|","|t:|1753072297","|switch|p2a: Blissey|Blissey, F|652/652","|","|-weather|Sandstorm|[upkeep]","|-damage|p1a: Gyarados|138/330 tox|[from] Sandstorm","|-damage|p2a: Blissey|612/652|[from] Sandstorm","|-heal|p1a: Gyarados|158/330 tox|[from] item: Leftovers","|-damage|p1a: Gyarados|118/330 tox|[from] psn","|-heal|p2a: Blissey|652/652|[from] item: Leftovers","|upkeep","|turn|22","||adding 10 for new turn","|","|t:|1753072305","|switch|p1a: Celebi|Celebi|401/401","|move|p2a: Blissey|Wish|p2a: Blissey","|","|-weather|Sandstorm|[upkeep]","|-damage|p1a: Celebi|376/401|[from] Sandstorm","|-damage|p2a: Blissey|612/652|[from] Sandstorm","|-heal|p1a: Celebi|401/401|[from] item: Leftovers","|-heal|p2a: Blissey|652/652|[from] item: Leftovers","|upkeep","|turn|23","||adding 10 for new turn","|","|t:|1753072313","|move|p1a: Celebi|Baton Pass|p1a: Celebi","||adding 5 to each for mid turn request","|","|t:|1753072320","|switch|p1a: Gyarados|Gyarados, M|118/330 tox|[from] Baton Pass","|-ability|p1a: Gyarados|Intimidate|boost","|-unboost|p2a: Blissey|atk|1","|move|p2a: Blissey|Toxic|p1a: Gyarados|[miss]","|-miss|p2a: Blissey|p1a: Gyarados","|","|-weather|Sandstorm|[upkeep]","|-damage|p1a: Gyarados|98/330 tox|[from] Sandstorm","|-damage|p2a: Blissey|612/652|[from] Sandstorm","|-heal|p1a: Gyarados|118/330 tox|[from] item: Leftovers","|-damage|p1a: Gyarados|98/330 tox|[from] psn","|-heal|p2a: Blissey|652/652|[from] item: Leftovers","|upkeep","|turn|24","||adding 10 for new turn","|","|t:|1753072328","|switch|p1a: Celebi|Celebi|401/401","|move|p2a: Blissey|Seismic Toss|p1a: Celebi","|-damage|p1a: Celebi|301/401","|","|-weather|Sandstorm|[upkeep]","|-damage|p1a: Celebi|276/401|[from] Sandstorm","|-damage|p2a: Blissey|612/652|[from] Sandstorm","|-heal|p1a: Celebi|301/401|[from] item: Leftovers","|-heal|p2a: Blissey|652/652|[from] item: Leftovers","|upkeep","|turn|25","||adding 10 for new turn","|","|t:|1753072335","|move|p1a: Celebi|Swords Dance|p1a: Celebi","|-boost|p1a: Celebi|atk|2","|move|p2a: Blissey|Toxic|p1a: Celebi","|-status|p1a: Celebi|tox","|","|-weather|Sandstorm|[upkeep]","|-damage|p1a: Celebi|276/401 tox|[from] Sandstorm","|-damage|p2a: Blissey|612/652|[from] Sandstorm","|-heal|p1a: Celebi|301/401 tox|[from] item: Leftovers","|-damage|p1a: Celebi|276/401 tox|[from] psn","|-heal|p2a: Blissey|652/652|[from] item: Leftovers","|upkeep","|turn|26","||adding 10 for new turn","|","|t:|1753072343","|move|p1a: Celebi|Recover|p1a: Celebi","|-heal|p1a: Celebi|401/401 tox","|move|p2a: Blissey|Seismic Toss|p1a: Celebi","|-damage|p1a: Celebi|301/401 tox","|","|-weather|Sandstorm|[upkeep]","|-damage|p1a: Celebi|276/401 tox|[from] Sandstorm","|-damage|p2a: Blissey|612/652|[from] Sandstorm","|-heal|p1a: Celebi|301/401 tox|[from] item: Leftovers","|-damage|p1a: Celebi|251/401 tox|[from] psn","|-heal|p2a: Blissey|652/652|[from] item: Leftovers","|upkeep","|turn|27","||adding 10 for new turn","|","|t:|1753072347","|move|p1a: Celebi|Recover|p1a: Celebi","|-heal|p1a: Celebi|401/401 tox","|move|p2a: Blissey|Seismic Toss|p1a: Celebi","|-damage|p1a: Celebi|301/401 tox","|","|-weather|Sandstorm|[upkeep]","|-damage|p1a: Celebi|276/401 tox|[from] Sandstorm","|-damage|p2a: Blissey|612/652|[from] Sandstorm","|-heal|p1a: Celebi|301/401 tox|[from] item: Leftovers","|-damage|p1a: Celebi|226/401 tox|[from] psn","|-heal|p2a: Blissey|652/652|[from] item: Leftovers","|upkeep","|turn|28","||adding 10 for new turn","|","|t:|1753072352","|move|p1a: Celebi|Recover|p1a: Celebi","|-heal|p1a: Celebi|401/401 tox","|move|p2a: Blissey|Seismic Toss|p1a: Celebi","|-damage|p1a: Celebi|301/401 tox","|","|-weather|Sandstorm|[upkeep]","|-damage|p1a: Celebi|276/401 tox|[from] Sandstorm","|-damage|p2a: Blissey|612/652|[from] Sandstorm","|-heal|p1a: Celebi|301/401 tox|[from] item: Leftovers","|-damage|p1a: Celebi|201/401 tox|[from] psn","|-heal|p2a: Blissey|652/652|[from] item: Leftovers","|upkeep","|turn|29","||adding 10 for new turn","|","|t:|1753072356","|move|p1a: Celebi|Recover|p1a: Celebi","|-heal|p1a: Celebi|401/401 tox","|move|p2a: Blissey|Seismic Toss|p1a: Celebi","|-damage|p1a: Celebi|301/401 tox","|","|-weather|Sandstorm|[upkeep]","|-damage|p1a: Celebi|276/401 tox|[from] Sandstorm","|-damage|p2a: Blissey|612/652|[from] Sandstorm","|-heal|p1a: Celebi|301/401 tox|[from] item: Leftovers","|-damage|p1a: Celebi|176/401 tox|[from] psn","|-heal|p2a: Blissey|652/652|[from] item: Leftovers","|upkeep","|turn|30","||adding 10 for new turn","|","|t:|1753072361","|move|p1a: Celebi|Recover|p1a: Celebi","|-heal|p1a: Celebi|376/401 tox","|move|p2a: Blissey|Seismic Toss|p1a: Celebi","|-damage|p1a: Celebi|276/401 tox","|","|-weather|Sandstorm|[upkeep]","|-damage|p1a: Celebi|251/401 tox|[from] Sandstorm","|-damage|p2a: Blissey|612/652|[from] Sandstorm","|-heal|p1a: Celebi|276/401 tox|[from] item: Leftovers","|-damage|p1a: Celebi|126/401 tox|[from] psn","|-heal|p2a: Blissey|652/652|[from] item: Leftovers","|upkeep","|turn|31","||adding 10 for new turn","|","|t:|1753072365","|move|p1a: Celebi|Recover|p1a: Celebi","|-heal|p1a: Celebi|326/401 tox","|move|p2a: Blissey|Seismic Toss|p1a: Celebi","|-damage|p1a: Celebi|226/401 tox","|","|-weather|Sandstorm|[upkeep]","|-damage|p1a: Celebi|201/401 tox|[from] Sandstorm","|-damage|p2a: Blissey|612/652|[from] Sandstorm","|-heal|p1a: Celebi|226/401 tox|[from] item: Leftovers","|-damage|p1a: Celebi|51/401 tox|[from] psn","|-heal|p2a: Blissey|652/652|[from] item: Leftovers","|upkeep","|turn|32","||adding 10 for new turn","|","|t:|1753072370","|move|p1a: Celebi|Baton Pass|p1a: Celebi","||adding 5 to each for mid turn request","|","|t:|1753072373","|-curestatus|p1a: Celebi|tox|[from] ability: Natural Cure","|switch|p1a: Gyarados|Gyarados, M|98/330 tox|[from] Baton Pass","|-ability|p1a: Gyarados|Intimidate|boost","|-unboost|p2a: Blissey|atk|1","|move|p2a: Blissey|Seismic Toss|p1a: Gyarados","|-damage|p1a: Gyarados|0 fnt","|faint|p1a: Gyarados","||adding 5 to each for mid turn request","|","|t:|1753072378","|switch|p1a: Celebi|Celebi|51/401","|","|-weather|Sandstorm|[upkeep]","|-damage|p1a: Celebi|26/401|[from] Sandstorm","|-damage|p2a: Blissey|612/652|[from] Sandstorm","|-heal|p1a: Celebi|51/401|[from] item: Leftovers","|-heal|p2a: Blissey|652/652|[from] item: Leftovers","|upkeep","|turn|33","||adding 10 for new turn","|","|t:|1753072382","|move|p1a: Celebi|Recover|p1a: Celebi","|-heal|p1a: Celebi|251/401","|move|p2a: Blissey|Toxic|p1a: Celebi","|-status|p1a: Celebi|tox","|","|-weather|Sandstorm|[upkeep]","|-damage|p1a: Celebi|226/401 tox|[from] Sandstorm","|-damage|p2a: Blissey|612/652|[from] Sandstorm","|-heal|p1a: Celebi|251/401 tox|[from] item: Leftovers","|-damage|p1a: Celebi|226/401 tox|[from] psn","|-heal|p2a: Blissey|652/652|[from] item: Leftovers","|upkeep","|turn|34","||adding 10 for new turn","|","|t:|1753072385","|switch|p2a: Swampert|Swampert, F|109/404","|move|p1a: Celebi|Recover|p1a: Celebi","|-heal|p1a: Celebi|401/401 tox","|","|-weather|Sandstorm|[upkeep]","|-damage|p1a: Celebi|376/401 tox|[from] Sandstorm","|-heal|p1a: Celebi|401/401 tox|[from] item: Leftovers","|-damage|p1a: Celebi|351/401 tox|[from] psn","|-heal|p2a: Swampert|134/404|[from] item: Leftovers","|upkeep","|turn|35","||adding 10 for new turn","|","|t:|1753072389","|move|p1a: Celebi|Hidden Power|p2a: Swampert","|-resisted|p2a: Swampert","|-damage|p2a: Swampert|109/404","|move|p2a: Swampert|Ice Beam|p1a: Celebi","|-supereffective|p1a: Celebi","|-damage|p1a: Celebi|229/401 tox","|","|-weather|Sandstorm|[upkeep]","|-damage|p1a: Celebi|204/401 tox|[from] Sandstorm","|-heal|p1a: Celebi|229/401 tox|[from] item: Leftovers","|-damage|p1a: Celebi|154/401 tox|[from] psn","|-heal|p2a: Swampert|134/404|[from] item: Leftovers","|upkeep","|turn|36","||adding 10 for new turn","|","|t:|1753072393","|move|p1a: Celebi|Recover|p1a: Celebi","|-heal|p1a: Celebi|354/401 tox","|move|p2a: Swampert|Ice Beam|p1a: Celebi","|-supereffective|p1a: Celebi","|-damage|p1a: Celebi|214/401 tox","|","|-weather|Sandstorm|[upkeep]","|-damage|p1a: Celebi|189/401 tox|[from] Sandstorm","|-heal|p1a: Celebi|214/401 tox|[from] item: Leftovers","|-damage|p1a: Celebi|114/401 tox|[from] psn","|-heal|p2a: Swampert|159/404|[from] item: Leftovers","|upkeep","|turn|37","||adding 10 for new turn","|","|t:|1753072397","|move|p1a: Celebi|Recover|p1a: Celebi","|-heal|p1a: Celebi|314/401 tox","|move|p2a: Swampert|Ice Beam|p1a: Celebi","|-supereffective|p1a: Celebi","|-damage|p1a: Celebi|184/401 tox","|","|-weather|Sandstorm|[upkeep]","|-damage|p1a: Celebi|159/401 tox|[from] Sandstorm","|-heal|p1a: Celebi|184/401 tox|[from] item: Leftovers","|-damage|p1a: Celebi|59/401 tox|[from] psn","|-heal|p2a: Swampert|184/404|[from] item: Leftovers","|upkeep","|turn|38","||adding 10 for new turn","|","|t:|1753072401","|move|p1a: Celebi|Recover|p1a: Celebi","|-heal|p1a: Celebi|259/401 tox","|move|p2a: Swampert|Ice Beam|p1a: Celebi","|-supereffective|p1a: Celebi","|-damage|p1a: Celebi|127/401 tox","|","|-weather|Sandstorm|[upkeep]","|-damage|p1a: Celebi|102/401 tox|[from] Sandstorm","|-heal|p1a: Celebi|127/401 tox|[from] item: Leftovers","|-damage|p1a: Celebi|0 fnt|[from] psn","|faint|p1a: Celebi","|","|win|foultestacceptor1",""],"p1rating":null,"p2rating":null,"endType":"normal","ladderError":true,"timestamp":"Sun Jul 20 2025 21:33:21 GMT-0700 (アメリカ太平洋夏時間)","roomid":"battle-gen3ou-1116","format":"gen3ou"}