{"winner":"foultestchallenge1","seed":"sodium,64579f2e29c45961d63c35de808b92f8","turns":149,"p1":"foultestchallenge1","p2":"foultestacceptor1","p1team":[{"name":"Tyranitar","species":"Tyranitar","item":"Leftovers","ability":"Sand Stream","moves":["Rock Slide","Earthquake","Hidden Power Bug","Roar"],"nature":"Adamant","evs":{"hp":184,"atk":196,"def":120,"spa":0,"spd":0,"spe":8},"gender":"M","ivs":{"hp":31,"atk":30,"def":30,"spa":31,"spd":30,"spe":31},"happiness":255,"hpType":"Bug","pokeball":"","gigantamax":false,"dynamaxLevel":10,"teraType":"","level":100},{"name":"Milotic","species":"Milotic","item":"Leftovers","ability":"Marvel Scale","moves":["Surf","Toxic","Recover","Refresh"],"nature":"Bold","evs":{"hp":248,"atk":0,"def":212,"spa":0,"spd":0,"spe":48},"gender":"M","ivs":{"hp":31,"atk":0,"def":31,"spa":31,"spd":31,"spe":31},"level":100},{"name":"Blissey","species":"Blissey","item":"Leftovers","ability":"Natural Cure","moves":["Seismic Toss","Ice Beam","Thunder Wave","Soft-Boiled"],"nature":"Bold","evs":{"hp":40,"atk":0,"def":244,"spa":208,"spd":0,"spe":16},"gender":"F","level":100,"ivs":{"hp":31,"atk":31,"def":31,"spa":31,"spd":31,"spe":31}},{"name":"Skarmory","species":"Skarmory","item":"Leftovers","ability":"Keen Eye","moves":["Drill Peck","Toxic","Spikes","Roar"],"nature":"Careful","evs":{"hp":248,"atk":0,"def":0,"spa":0,"spd":236,"spe":24},"gender":"M","level":100,"ivs":{"hp":31,"atk":31,"def":31,"spa":31,"spd":31,"spe":31}},{"name":"Claydol","species":"Claydol","item":"Leftovers","ability":"Levitate","moves":["Earthquake","Psychic","Refresh","Rapid Spin"],"nature":"Adamant","evs":{"hp":224,"atk":228,"def":0,"spa":36,"spd":0,"spe":20},"gender":"N","level":100,"ivs":{"hp":31,"atk":31,"def":31,"spa":31,"spd":31,"spe":31}},{"name":"Dugtrio","species":"Dugtrio","item":"Choice Band","ability":"Arena Trap","moves":["Earthquake","Aerial Ace","Hidden Power Bug","Screech"],"nature":"Jolly","evs":{"hp":0,"atk":252,"def":0,"spa":0,"spd":4,"spe":252},"gender":"M","ivs":{"hp":31,"atk":30,"def":30,"spa":31,"spd":30,"spe":31},"happiness":255,"hpType":"Bug","pokeball":"","gigantamax":false,"dynamaxLevel":10,"teraType":"","level":100}],"p2team":[{"name":"Metagross","species":"Metagross","item":"Leftovers","ability":"Clear Body","moves":["Meteor Mash","Earthquake","Agility","Explosion"],"nature":"Adamant","evs":{"hp":152,"atk":252,"def":0,"spa":0,"spd":0,"spe":104},"gender":"N","level":100,"ivs":{"hp":31,"atk":31,"def":31,"spa":31,"spd":31,"spe":31}},{"name":"Milotic","species":"Milotic","item":"Leftovers","ability":"Marvel Scale","moves":["Hypnosis","Surf","Ice Beam","Recover"],"nature":"Bold","evs":{"hp":248,"atk":0,"def":212,"spa":0,"spd":0,"spe":48},"gender":"M","ivs":{"hp":31,"atk":0,"def":31,"spa":31,"spd":31,"spe":31},"level":100},{"name":"Celebi","species":"Celebi","item":"Leftovers","ability":"Natural Cure","moves":["Swords Dance","Hidden Power Rock","Baton Pass","Recover"],"nature":"Jolly","evs":{"hp":240,"atk":0,"def":44,"spa":0,"spd":4,"spe":220},"gender":"N","ivs":{"hp":31,"atk":31,"def":30,"spa":31,"spd":30,"spe":30},"happiness":255,"hpType":"Rock","pokeball":"","gigantamax":false,"dynamaxLevel":10,"teraType":"","level":100},{"name":"Magneton","species":"Magneton","item":"Leftovers","ability":"Magnet Pull","moves":["Thunderbolt","Hidden Power Fire","Thunder Wave","Toxic"],"nature":"Timid","evs":{"hp":144,"atk":0,"def":0,"spa":112,"spd":0,"spe":252},"gender":"N","ivs":{"hp":31,"atk":2,"def":31,"spa":30,"spd":31,"spe":30},"happiness":255,"hpType":"Fire","pokeball":"","gigantamax":false,"dynamaxLevel":10,"teraType":"","level":100},{"name":"Heracross","species":"Heracross","item":"Leftovers","ability":"Guts","moves":["Megahorn","Rock Slide","Hidden Power Ghost","Brick Break"],"nature":"Adamant","evs":{"hp":144,"atk":16,"def":0,"spa":0,"spd":184,"spe":164},"gender":"F","ivs":{"hp":31,"atk":31,"def":30,"spa":31,"spd":30,"spe":31},"happiness":255,"hpType":"Ghost","pokeball":"","gigantamax":false,"dynamaxLevel":10,"teraType":"","level":100},{"name":"Gyarados","species":"Gyarados","item":"Leftovers","ability":"Intimidate","moves":["Hidden Power Flying","Double-Edge","Earthquake","Dragon Dance"],"nature":"Jolly","evs":{"hp":0,"atk":252,"def":4,"spa":0,"spd":0,"spe":252},"gender":"F","ivs":{"hp":30,"atk":30,"def":30,"spa":30,"spd":30,"spe":31},"happiness":255,"hpType":"Flying","pokeball":"","gigantamax":false,"dynamaxLevel":10,"teraType":"","level":100}],"score":[1,0],"inputLog":[">version 372d05e49c92a79eecdf6c8dddb208bd1765c00f",">start {\"formatid\":\"gen3ou\",\"seed\":\"sodium,64579f2e29c45961d63c35de808b92f8\"}",">player p1 {\"name\":\"foultestchallenge1\",\"avatar\":\"169\",\"team\":\"Tyranitar||Leftovers|SandStream|RockSlide,Earthquake,HiddenPowerBug,Roar|Adamant|184,196,120,,,8|M|,30,30,,30,|||,Bug,,,,]Milotic||Leftovers|MarvelScale|Surf,Toxic,Recover,Refresh|Bold|248,,212,,,48|M|,0,,,,|||]Blissey||Leftovers|NaturalCure|SeismicToss,IceBeam,ThunderWave,SoftBoiled|Bold|40,,244,208,,16|F||||]Skarmory||Leftovers|KeenEye|DrillPeck,Toxic,Spikes,Roar|Careful|248,,,,236,24|M||||]Claydol||Leftovers|Levitate|Earthquake,Psychic,Refresh,RapidSpin|Adamant|224,228,,36,,20|N||||]Dugtrio||ChoiceBand|ArenaTrap|Earthquake,AerialAce,HiddenPowerBug,Screech|Jolly|,252,,,4,252|M|,30,30,,30,|||,Bug,,,,\",\"rating\":0}",">player p2 {\"name\":\"foultestacceptor1\",\"avatar\":\"102\",\"team\":\"Metagross||Leftovers|ClearBody|MeteorMash,Earthquake,Agility,Explosion|Adamant|152,252,,,,104|N||||]Milotic||Leftovers|MarvelScale|Hypnosis,Surf,IceBeam,Recover|Bold|248,,212,,,48|M|,0,,,,|||]Celebi||Leftovers|NaturalCure|SwordsDance,HiddenPowerRock,BatonPass,Recover|Jolly|240,,44,,4,220|N|,,30,,30,30|||,Rock,,,,]Magneton||Leftovers|MagnetPull|Thunderbolt,HiddenPowerFire,ThunderWave,Toxic|Timid|144,,,112,,252|N|,2,,30,,30|||,Fire,,,,]Heracross||Leftovers|Guts|Megahorn,RockSlide,HiddenPowerGhost,BrickBreak|Adamant|144,16,,,184,164|F|,,30,,30,|||,Ghost,,,,]Gyarados||Leftovers|Intimidate|HiddenPowerFlying,DoubleEdge,Earthquake,DragonDance|Jolly|,252,4,,,252|F|30,30,30,30,30,|||,Flying,,,,\",\"rating\":0}",">p1 switch 4",">p2 move meteormash",">p1 move spikes",">p2 switch 4",">p1 move spikes",">p2 move thunderbolt",">p1 move spikes",">p2 move hiddenpower",">p1 switch 6",">p1 move earthquake",">p2 move toxic",">p2 switch 5",">p1 move earthquake",">p2 move rockslide",">p1 move earthquake",">p2 move brickbreak",">p1 switch 2",">p1 move surf",">p2 move megahorn",">p2 switch 6",">p1 move toxic",">p2 switch 4",">p1 move surf",">p2 move earthquake",">p1 move recover",">p2 move earthquake",">p1 move surf",">p2 move explosion",">p1 switch 4",">p2 switch 2",">p1 switch 3",">p2 move surf",">p1 move thunderwave",">p2 move hypnosis",">p1 move seismictoss",">p2 move recover",">p1 move seismictoss",">p2 move hypnosis",">p1 move softboiled",">p2 move surf",">p1 move softboiled",">p2 switch 4",">p1 switch 3",">p2 move dragondance",">p1 move rockslide",">p2 move earthquake",">p2 switch 4",">p1 move rockslide",">p2 move recover",">p1 switch 3",">p2 move hypnosis",">p1 move seismictoss",">p2 move hypnosis",">p1 switch 3",">p2 move recover",">p1 switch 3",">p2 move recover",">p1 move softboiled",">p2 move hypnosis",">p1 move seismictoss",">p2 move hypnosis",">p1 move seismictoss",">p2 move recover",">p1 move seismictoss",">p2 move hypnosis",">p1 move icebeam",">p2 move recover",">p1 move seismictoss",">p2 move icebeam",">p1 move seismictoss",">p2 move recover",">p1 move seismictoss",">p2 move surf",">p1 move seismictoss",">p2 move recover",">p1 move seismictoss",">p2 move hypnosis",">p1 move softboiled",">p2 move hypnosis",">p1 move softboiled",">p2 move recover",">p1 move seismictoss",">p2 move surf",">p1 move softboiled",">p2 move recover",">p1 move seismictoss",">p2 move hypnosis",">p1 move thunderwave",">p2 move recover",">p1 move seismictoss",">p2 move surf",">p1 move seismictoss",">p2 move surf",">p1 move seismictoss",">p2 move surf",">p1 move softboiled",">p2 move hypnosis",">p1 move seismictoss",">p2 move hypnosis",">p1 move seismictoss",">p2 move recover",">p1 move seismictoss",">p2 move hypnosis",">p1 move seismictoss",">p2 move recover",">p1 move seismictoss",">p2 move recover",">p1 move seismictoss",">p2 move hypnosis",">p1 move seismictoss",">p2 move recover",">p1 move seismictoss",">p2 move hypnosis",">p1 move thunderwave",">p2 move recover",">p1 move seismictoss",">p2 move surf",">p1 move seismictoss",">p2 move icebeam",">p1 move seismictoss",">p2 move surf",">p1 move seismictoss",">p2 move recover",">p1 move seismictoss",">p2 move hypnosis",">p1 move softboiled",">p2 move recover",">p1 move seismictoss",">p2 move hypnosis",">p1 move softboiled",">p2 move recover",">p1 move icebeam",">p2 move recover",">p1 move seismictoss",">p2 move surf",">p1 move softboiled",">p2 move recover",">p1 move seismictoss",">p2 move hypnosis",">p1 move seismictoss",">p2 move recover",">p1 move seismictoss",">p2 move hypnosis",">p1 move softboiled",">p2 move hypnosis",">p1 move icebeam",">p2 move recover",">p1 move icebeam",">p2 move surf",">p1 move seismictoss",">p2 move icebeam",">p1 move softboiled",">p2 move hypnosis",">p1 move seismictoss",">p2 move hypnosis",">p1 move thunderwave",">p2 move recover",">p1 move icebeam",">p2 move surf",">p1 move icebeam",">p2 move surf",">p1 move icebeam",">p2 move surf",">p1 move seismictoss",">p2 move hypnosis",">p1 move thunderwave",">p2 move surf",">p1 move softboiled",">p2 move recover",">p1 move icebeam",">p2 move surf",">p1 move softboiled",">p2 move surf",">p1 move softboiled",">p2 move hypnosis",">p1 move icebeam",">p2 move surf",">p1 move icebeam",">p2 move icebeam",">p1 move icebeam",">p2 move surf",">p1 move softboiled",">p2 move icebeam",">p1 move seismictoss",">p2 move hypnosis",">p1 move thunderwave",">p2 move hypnosis",">p1 move icebeam",">p2 move recover",">p1 move icebeam",">p2 move icebeam",">p1 move softboiled",">p2 move icebeam",">p1 move icebeam",">p2 move icebeam",">p1 move softboiled",">p2 move recover",">p1 move icebeam",">p2 move recover",">p1 move icebeam",">p2 move recover",">p1 move icebeam",">p2 move icebeam",">p1 move softboiled",">p2 move hypnosis",">p1 move icebeam",">p2 move icebeam",">p1 move icebeam",">p2 move surf",">p1 move softboiled",">p2 move recover",">p1 move icebeam",">p2 move recover",">p1 move thunderwave",">p2 move recover",">p1 move icebeam",">p2 move surf",">p1 move softboiled",">p2 move hypnosis",">p1 move thunderwave",">p2 move surf",">p1 move thunderwave",">p2 move surf",">p1 move softboiled",">p2 move hypnosis",">p1 move softboiled",">p2 move recover",">p1 move icebeam",">p2 move surf",">p1 move softboiled",">p2 move surf",">p1 move icebeam",">p2 move hypnosis",">p1 move thunderwave",">p2 move icebeam",">p1 move thunderwave",">p2 move recover",">p1 move icebeam",">p2 move hypnosis",">p1 move thunderwave",">p2 move hypnosis",">p1 move thunderwave",">p2 move surf",">p1 move softboiled",">p2 move icebeam",">p1 move thunderwave",">p2 move icebeam",">p1 move thunderwave",">p2 move icebeam",">p1 move thunderwave",">p2 move icebeam",">p1 move icebeam",">p2 move hypnosis",">p1 move thunderwave",">p2 move hypnosis",">p1 move thunderwave",">p2 move hypnosis",">p1 move thunderwave",">p2 move hypnosis",">p1 move thunderwave",">p2 move hypnosis",">p1 move thunderwave",">p2 move hypnosis",">p1 move thunderwave",">p2 move icebeam",">p1 move thunderwave",">p2 move icebeam",">p1 move thunderwave",">p2 move icebeam",">p1 move thunderwave",">p2 move recover",">p1 move thunderwave",">p2 move surf",">p1 move thunderwave",">p2 move recover",">p1 move thunderwave",">p2 move recover",">p1 move thunderwave",">p2 move recover",">p1 move thunderwave",">p2 move recover",">p1 move thunderwave",">p2 move hypnosis",">p1 switch 3",">p2 switch 3",">p1 move hiddenpower",">p2 switch 3",">p1 switch 3",">p2 switch 3",">p1 move icebeam",">p2 move hiddenpower",">p1 switch 3",">p1 move hiddenpower",">p2 move recover",">p2 switch 3",">p1 move rockslide",">p2 move icebeam",">p1 move earthquake",">p2 move recover",">p1 move rockslide",">p2 move recover",">p1 move earthquake",">p2 move surf",">p1 move earthquake",">p2 move surf",">p1 switch 5",">p1 move earthquake",">p2 move struggle"],"log":["|j|☆foultestchallenge1","|j|☆foultestacceptor1","|t:|1753070266","|gametype|singles","|player|p1|foultestchallenge1|169|","|player|p2|foultestacceptor1|102|","|teamsize|p1|6","|teamsize|p2|6","|gen|3","|tier|[Gen 3] OU","|rule|Sleep Clause Mod: Limit one foe put to sleep","|rule|Switch Priority Clause Mod: Faster Pokémon switch first","|rule|Species Clause: Limit one of each Pokémon","|rule|OHKO Clause: OHKO moves are banned","|rule|Evasion Items Clause: Evasion items are banned","|rule|Evasion Moves Clause: Evasion moves are banned","|rule|Endless Battle Clause: Forcing endless battles is banned","|rule|HP Percentage Mod: HP is shown in percentages","|rule|One Boost Passer Clause: Limit one Baton Passer that has a way to boost its stats","|rule|Freeze Clause Mod: Limit one foe frozen","|","|t:|1753070266","|start","|switch|p1a: Tyranitar|Tyranitar, M|387/387","|switch|p2a: Metagross|Metagross|339/339","|-weather|Sandstorm|[from] ability: Sand Stream|[of] p1a: Tyranitar","|turn|1","|inactive|Battle timer is ON: inactive players will automatically lose when time's up. (requested by foultestacceptor1)","|inactive|foultestchallenge1 also wants the timer to be on.","|","|t:|1753070274","|switch|p1a: Skarmory|Skarmory, M|333/333","|move|p2a: Metagross|Meteor Mash|p1a: Skarmory","|-resisted|p1a: Skarmory","|-damage|p1a: Skarmory|258/333","|","|-weather|Sandstorm|[upkeep]","|-heal|p1a: Skarmory|278/333|[from] item: Leftovers","|upkeep","|turn|2","||adding 10 for new turn","|","|t:|1753070282","|switch|p2a: Magneton|Magneton|277/277","|move|p1a: Skarmory|Spikes|p2a: Magneton","|-sidestart|p2: foultestacceptor1|Spikes","|","|-weather|Sandstorm|[upkeep]","|-heal|p1a: Skarmory|298/333|[from] item: Leftovers","|upkeep","|turn|3","||adding 10 for new turn","|","|t:|1753070290","|move|p2a: Magneton|Thunderbolt|p1a: Skarmory","|-supereffective|p1a: Skarmory","|-damage|p1a: Skarmory|54/333","|move|p1a: Skarmory|Spikes|p2a: Magneton","|-sidestart|p2: foultestacceptor1|Spikes","|","|-weather|Sandstorm|[upkeep]","|-heal|p1a: Skarmory|74/333|[from] item: Leftovers","|upkeep","|turn|4","||adding 10 for new turn","|","|t:|1753070299","|move|p2a: Magneton|Hidden Power|p1a: Skarmory","|-supereffective|p1a: Skarmory","|-damage|p1a: Skarmory|0 fnt","|faint|p1a: Skarmory","||adding 5 to each for mid turn request","|","|t:|1753070306","|switch|p1a: Dugtrio|Dugtrio, M|211/211","|","|-weather|Sandstorm|[upkeep]","|upkeep","|turn|5","||adding 10 for new turn","|","|t:|1753070314","|move|p1a: Dugtrio|Earthquake|p2a: Magneton","|-supereffective|p2a: Magneton","|-damage|p2a: Magneton|0 fnt","|faint|p2a: Magneton","||adding 5 to each for mid turn request","|","|t:|1753070322","|switch|p2a: Heracross|Heracross, F|337/337","|-damage|p2a: Heracross|281/337|[from] Spikes","|","|-weather|Sandstorm|[upkeep]","|-damage|p2a: Heracross|260/337|[from] Sandstorm","|-heal|p2a: Heracross|281/337|[from] item: Leftovers","|upkeep","|turn|6","||adding 10 for new turn","|","|t:|1753070330","|move|p1a: Dugtrio|Earthquake|p2a: Heracross","|-resisted|p2a: Heracross","|-damage|p2a: Heracross|163/337","|move|p2a: Heracross|Rock Slide|p1a: Dugtrio","|-resisted|p1a: Dugtrio","|-damage|p1a: Dugtrio|142/211","|","|-weather|Sandstorm|[upkeep]","|-damage|p2a: Heracross|142/337|[from] Sandstorm","|-heal|p2a: Heracross|163/337|[from] item: Leftovers","|upkeep","|turn|7","||adding 10 for new turn","|","|t:|1753070338","|move|p1a: Dugtrio|Earthquake|p2a: Heracross","|-resisted|p2a: Heracross","|-damage|p2a: Heracross|31/337","|move|p2a: Heracross|Brick Break|p1a: Dugtrio","|-damage|p1a: Dugtrio|0 fnt","|faint|p1a: Dugtrio","||adding 5 to each for mid turn request","|","|t:|1753070346","|switch|p1a: Milotic|Milotic, M|393/393","|","|-weather|Sandstorm|[upkeep]","|-damage|p2a: Heracross|10/337|[from] Sandstorm","|-damage|p1a: Milotic|369/393|[from] Sandstorm","|-heal|p2a: Heracross|31/337|[from] item: Leftovers","|-heal|p1a: Milotic|393/393|[from] item: Leftovers","|upkeep","|turn|8","||adding 10 for new turn","|","|t:|1753070354","|move|p2a: Heracross|Megahorn|p1a: Milotic","|-damage|p1a: Milotic|231/393","|move|p1a: Milotic|Surf|p2a: Heracross","|-damage|p2a: Heracross|0 fnt","|faint|p2a: Heracross","||adding 5 to each for mid turn request","|","|t:|1753070362","|switch|p2a: Gyarados|Gyarados, F|330/330","|-ability|p2a: Gyarados|Intimidate|boost","|-unboost|p1a: Milotic|atk|1","|","|-weather|Sandstorm|[upkeep]","|-damage|p2a: Gyarados|310/330|[from] Sandstorm","|-damage|p1a: Milotic|207/393|[from] Sandstorm","|-heal|p2a: Gyarados|330/330|[from] item: Leftovers","|-heal|p1a: Milotic|231/393|[from] item: Leftovers","|upkeep","|turn|9","||adding 10 for new turn","|","|t:|1753070369","|switch|p2a: Metagross|Metagross|339/339","|-damage|p2a: Metagross|283/339|[from] Spikes","|move|p1a: Milotic|Toxic|p2a: Metagross","|-immune|p2a: Metagross","|","|-weather|Sandstorm|[upkeep]","|-damage|p1a: Milotic|207/393|[from] Sandstorm","|-heal|p1a: Milotic|231/393|[from] item: Leftovers","|-heal|p2a: Metagross|304/339|[from] item: Leftovers","|upkeep","|turn|10","||adding 10 for new turn","|","|t:|1753070377","|move|p1a: Milotic|Surf|p2a: Metagross","|-damage|p2a: Metagross|171/339","|move|p2a: Metagross|Earthquake|p1a: Milotic","|-damage|p1a: Milotic|115/393","|","|-weather|Sandstorm|[upkeep]","|-damage|p1a: Milotic|91/393|[from] Sandstorm","|-heal|p1a: Milotic|115/393|[from] item: Leftovers","|-heal|p2a: Metagross|192/339|[from] item: Leftovers","|upkeep","|turn|11","||adding 10 for new turn","|","|t:|1753070385","|move|p1a: Milotic|Recover|p1a: Milotic","|-heal|p1a: Milotic|311/393","|move|p2a: Metagross|Earthquake|p1a: Milotic","|-damage|p1a: Milotic|186/393","|","|-weather|Sandstorm|[upkeep]","|-damage|p1a: Milotic|162/393|[from] Sandstorm","|-heal|p1a: Milotic|186/393|[from] item: Leftovers","|-heal|p2a: Metagross|213/339|[from] item: Leftovers","|upkeep","|turn|12","||adding 10 for new turn","|","|t:|1753070393","|move|p1a: Milotic|Surf|p2a: Metagross","|-damage|p2a: Metagross|86/339","|move|p2a: Metagross|Explosion|p1a: Milotic","|-damage|p1a: Milotic|0 fnt","|faint|p2a: Metagross","|faint|p1a: Milotic","||adding 5 to each for mid turn request","|","|t:|1753070397","|switch|p1a: Tyranitar|Tyranitar, M|387/387","|switch|p2a: Milotic|Milotic, M|393/393","|-damage|p2a: Milotic|328/393|[from] Spikes","|","|-weather|Sandstorm|[upkeep]","|-damage|p2a: Milotic|304/393|[from] Sandstorm","|-heal|p2a: Milotic|328/393|[from] item: Leftovers","|upkeep","|turn|13","||adding 10 for new turn","|","|t:|1753070405","|switch|p1a: Blissey|Blissey, F|661/661","|move|p2a: Milotic|Surf|p1a: Blissey","|-damage|p1a: Blissey|580/661","|","|-weather|Sandstorm|[upkeep]","|-damage|p2a: Milotic|304/393|[from] Sandstorm","|-damage|p1a: Blissey|539/661|[from] Sandstorm","|-heal|p2a: Milotic|328/393|[from] item: Leftovers","|-heal|p1a: Blissey|580/661|[from] item: Leftovers","|upkeep","|turn|14","||adding 10 for new turn","|","|t:|1753070414","|move|p2a: Milotic|Hypnosis|p1a: Blissey|[miss]","|-miss|p2a: Milotic|p1a: Blissey","|move|p1a: Blissey|Thunder Wave|p2a: Milotic","|-status|p2a: Milotic|par","|","|-weather|Sandstorm|[upkeep]","|-damage|p1a: Blissey|539/661|[from] Sandstorm","|-damage|p2a: Milotic|304/393 par|[from] Sandstorm","|-heal|p1a: Blissey|580/661|[from] item: Leftovers","|-heal|p2a: Milotic|328/393 par|[from] item: Leftovers","|upkeep","|turn|15","||adding 10 for new turn","|","|t:|1753070422","|move|p1a: Blissey|Seismic Toss|p2a: Milotic","|-damage|p2a: Milotic|228/393 par","|move|p2a: Milotic|Recover|p2a: Milotic","|-heal|p2a: Milotic|393/393 par","|","|-weather|Sandstorm|[upkeep]","|-damage|p1a: Blissey|539/661|[from] Sandstorm","|-damage|p2a: Milotic|369/393 par|[from] Sandstorm","|-heal|p1a: Blissey|580/661|[from] item: Leftovers","|-heal|p2a: Milotic|393/393 par|[from] item: Leftovers","|upkeep","|turn|16","||adding 10 for new turn","|","|t:|1753070430","|move|p1a: Blissey|Seismic Toss|p2a: Milotic","|-damage|p2a: Milotic|293/393 par","|move|p2a: Milotic|Hypnosis|p1a: Blissey","|-status|p1a: Blissey|slp|[from] move: Hypnosis","|","|-weather|Sandstorm|[upkeep]","|-damage|p1a: Blissey|539/661 slp|[from] Sandstorm","|-damage|p2a: Milotic|269/393 par|[from] Sandstorm","|-heal|p1a: Blissey|580/661 slp|[from] item: Leftovers","|-heal|p2a: Milotic|293/393 par|[from] item: Leftovers","|upkeep","|turn|17","||adding 10 for new turn","|","|t:|1753070438","|cant|p1a: Blissey|slp","|move|p2a: Milotic|Surf|p1a: Blissey","|-damage|p1a: Blissey|486/661 slp","|","|-weather|Sandstorm|[upkeep]","|-damage|p1a: Blissey|445/661 slp|[from] Sandstorm","|-damage|p2a: Milotic|269/393 par|[from] Sandstorm","|-heal|p1a: Blissey|486/661 slp|[from] item: Leftovers","|-heal|p2a: Milotic|293/393 par|[from] item: Leftovers","|upkeep","|turn|18","||adding 10 for new turn","|","|t:|1753070447","|switch|p2a: Gyarados|Gyarados, F|330/330","|-ability|p2a: Gyarados|Intimidate|boost","|-unboost|p1a: Blissey|atk|1","|cant|p1a: Blissey|slp","|","|-weather|Sandstorm|[upkeep]","|-damage|p2a: Gyarados|310/330|[from] Sandstorm","|-damage|p1a: Blissey|445/661 slp|[from] Sandstorm","|-heal|p2a: Gyarados|330/330|[from] item: Leftovers","|-heal|p1a: Blissey|486/661 slp|[from] item: Leftovers","|upkeep","|turn|19","||adding 10 for new turn","|","|t:|1753070455","|-curestatus|p1a: Blissey|slp|[from] ability: Natural Cure","|switch|p1a: Tyranitar|Tyranitar, M|387/387","|move|p2a: Gyarados|Dragon Dance|p2a: Gyarados","|-boost|p2a: Gyarados|atk|1","|-boost|p2a: Gyarados|spe|1","|","|-weather|Sandstorm|[upkeep]","|-damage|p2a: Gyarados|310/330|[from] Sandstorm","|-heal|p2a: Gyarados|330/330|[from] item: Leftovers","|upkeep","|turn|20","||adding 10 for new turn","|","|t:|1753070462","|move|p2a: Gyarados|Earthquake|p1a: Tyranitar","|-supereffective|p1a: Tyranitar","|-damage|p1a: Tyranitar|90/387","|move|p1a: Tyranitar|Rock Slide|p2a: Gyarados","|-supereffective|p2a: Gyarados","|-damage|p2a: Gyarados|0 fnt","|faint|p2a: Gyarados","||adding 5 to each for mid turn request","|","|t:|1753070471","|switch|p2a: Milotic|Milotic, M|293/393 par","|-damage|p2a: Milotic|228/393 par|[from] Spikes","|","|-weather|Sandstorm|[upkeep]","|-damage|p2a: Milotic|204/393 par|[from] Sandstorm","|-heal|p1a: Tyranitar|114/387|[from] item: Leftovers","|-heal|p2a: Milotic|228/393 par|[from] item: Leftovers","|upkeep","|turn|21","||adding 10 for new turn","|","|t:|1753070479","|move|p1a: Tyranitar|Rock Slide|p2a: Milotic","|-damage|p2a: Milotic|149/393 par","|move|p2a: Milotic|Recover|p2a: Milotic","|-heal|p2a: Milotic|345/393 par","|","|-weather|Sandstorm|[upkeep]","|-damage|p2a: Milotic|321/393 par|[from] Sandstorm","|-heal|p1a: Tyranitar|138/387|[from] item: Leftovers","|-heal|p2a: Milotic|345/393 par|[from] item: Leftovers","|upkeep","|turn|22","||adding 10 for new turn","|","|t:|1753070487","|switch|p1a: Blissey|Blissey, F|486/661","|move|p2a: Milotic|Hypnosis|p1a: Blissey|[miss]","|-miss|p2a: Milotic|p1a: Blissey","|","|-weather|Sandstorm|[upkeep]","|-damage|p1a: Blissey|445/661|[from] Sandstorm","|-damage|p2a: Milotic|321/393 par|[from] Sandstorm","|-heal|p1a: Blissey|486/661|[from] item: Leftovers","|-heal|p2a: Milotic|345/393 par|[from] item: Leftovers","|upkeep","|turn|23","||adding 10 for new turn","|","|t:|1753070495","|move|p1a: Blissey|Seismic Toss|p2a: Milotic","|-damage|p2a: Milotic|245/393 par","|move|p2a: Milotic|Hypnosis|p1a: Blissey","|-status|p1a: Blissey|slp|[from] move: Hypnosis","|","|-weather|Sandstorm|[upkeep]","|-damage|p1a: Blissey|445/661 slp|[from] Sandstorm","|-damage|p2a: Milotic|221/393 par|[from] Sandstorm","|-heal|p1a: Blissey|486/661 slp|[from] item: Leftovers","|-heal|p2a: Milotic|245/393 par|[from] item: Leftovers","|upkeep","|turn|24","||adding 10 for new turn","|","|t:|1753070503","|-curestatus|p1a: Blissey|slp|[from] ability: Natural Cure","|switch|p1a: Tyranitar|Tyranitar, M|138/387","|cant|p2a: Milotic|par","|","|-weather|Sandstorm|[upkeep]","|-damage|p2a: Milotic|221/393 par|[from] Sandstorm","|-heal|p1a: Tyranitar|162/387|[from] item: Leftovers","|-heal|p2a: Milotic|245/393 par|[from] item: Leftovers","|upkeep","|turn|25","||adding 10 for new turn","|","|t:|1753070511","|switch|p1a: Blissey|Blissey, F|486/661","|move|p2a: Milotic|Recover|p2a: Milotic","|-heal|p2a: Milotic|393/393 par","|","|-weather|Sandstorm|[upkeep]","|-damage|p1a: Blissey|445/661|[from] Sandstorm","|-damage|p2a: Milotic|369/393 par|[from] Sandstorm","|-heal|p1a: Blissey|486/661|[from] item: Leftovers","|-heal|p2a: Milotic|393/393 par|[from] item: Leftovers","|upkeep","|turn|26","||adding 10 for new turn","|","|t:|1753070519","|move|p1a: Blissey|Soft-Boiled|p1a: Blissey","|-heal|p1a: Blissey|661/661","|move|p2a: Milotic|Hypnosis|p1a: Blissey|[miss]","|-miss|p2a: Milotic|p1a: Blissey","|","|-weather|Sandstorm|[upkeep]","|-damage|p1a: Blissey|620/661|[from] Sandstorm","|-damage|p2a: Milotic|369/393 par|[from] Sandstorm","|-heal|p1a: Blissey|661/661|[from] item: Leftovers","|-heal|p2a: Milotic|393/393 par|[from] item: Leftovers","|upkeep","|turn|27","||adding 10 for new turn","|","|t:|1753070523","|move|p1a: Blissey|Seismic Toss|p2a: Milotic","|-damage|p2a: Milotic|293/393 par","|move|p2a: Milotic|Hypnosis|p1a: Blissey|[miss]","|-miss|p2a: Milotic|p1a: Blissey","|","|-weather|Sandstorm|[upkeep]","|-damage|p1a: Blissey|620/661|[from] Sandstorm","|-damage|p2a: Milotic|269/393 par|[from] Sandstorm","|-heal|p1a: Blissey|661/661|[from] item: Leftovers","|-heal|p2a: Milotic|293/393 par|[from] item: Leftovers","|upkeep","|turn|28","||adding 10 for new turn","|","|t:|1753070528","|move|p1a: Blissey|Seismic Toss|p2a: Milotic","|-damage|p2a: Milotic|193/393 par","|move|p2a: Milotic|Recover|p2a: Milotic","|-heal|p2a: Milotic|389/393 par","|","|-weather|Sandstorm|[upkeep]","|-damage|p1a: Blissey|620/661|[from] Sandstorm","|-damage|p2a: Milotic|365/393 par|[from] Sandstorm","|-heal|p1a: Blissey|661/661|[from] item: Leftovers","|-heal|p2a: Milotic|389/393 par|[from] item: Leftovers","|upkeep","|turn|29","||adding 10 for new turn","|","|t:|1753070533","|move|p1a: Blissey|Seismic Toss|p2a: Milotic","|-damage|p2a: Milotic|289/393 par","|move|p2a: Milotic|Hypnosis|p1a: Blissey","|-status|p1a: Blissey|slp|[from] move: Hypnosis","|","|-weather|Sandstorm|[upkeep]","|-damage|p1a: Blissey|620/661 slp|[from] Sandstorm","|-damage|p2a: Milotic|265/393 par|[from] Sandstorm","|-heal|p1a: Blissey|661/661 slp|[from] item: Leftovers","|-heal|p2a: Milotic|289/393 par|[from] item: Leftovers","|upkeep","|turn|30","||adding 10 for new turn","|","|t:|1753070538","|cant|p1a: Blissey|slp","|move|p2a: Milotic|Recover|p2a: Milotic","|-heal|p2a: Milotic|393/393 par","|","|-weather|Sandstorm|[upkeep]","|-damage|p1a: Blissey|620/661 slp|[from] Sandstorm","|-damage|p2a: Milotic|369/393 par|[from] Sandstorm","|-heal|p1a: Blissey|661/661 slp|[from] item: Leftovers","|-heal|p2a: Milotic|393/393 par|[from] item: Leftovers","|upkeep","|turn|31","||adding 10 for new turn","|","|t:|1753070542","|-curestatus|p1a: Blissey|slp|[msg]","|move|p1a: Blissey|Seismic Toss|p2a: Milotic","|-damage|p2a: Milotic|293/393 par","|cant|p2a: Milotic|par","|","|-weather|Sandstorm|[upkeep]","|-damage|p1a: Blissey|620/661|[from] Sandstorm","|-damage|p2a: Milotic|269/393 par|[from] Sandstorm","|-heal|p1a: Blissey|661/661|[from] item: Leftovers","|-heal|p2a: Milotic|293/393 par|[from] item: Leftovers","|upkeep","|turn|32","||adding 10 for new turn","|","|t:|1753070547","|move|p1a: Blissey|Seismic Toss|p2a: Milotic","|-damage|p2a: Milotic|193/393 par","|move|p2a: Milotic|Recover|p2a: Milotic","|-heal|p2a: Milotic|389/393 par","|","|-weather|Sandstorm|[upkeep]","|-damage|p1a: Blissey|620/661|[from] Sandstorm","|-damage|p2a: Milotic|365/393 par|[from] Sandstorm","|-heal|p1a: Blissey|661/661|[from] item: Leftovers","|-heal|p2a: Milotic|389/393 par|[from] item: Leftovers","|upkeep","|turn|33","||adding 10 for new turn","|","|t:|1753070551","|move|p1a: Blissey|Seismic Toss|p2a: Milotic","|-damage|p2a: Milotic|289/393 par","|move|p2a: Milotic|Surf|p1a: Blissey","|-damage|p1a: Blissey|581/661","|","|-weather|Sandstorm|[upkeep]","|-damage|p1a: Blissey|540/661|[from] Sandstorm","|-damage|p2a: Milotic|265/393 par|[from] Sandstorm","|-heal|p1a: Blissey|581/661|[from] item: Leftovers","|-heal|p2a: Milotic|289/393 par|[from] item: Leftovers","|upkeep","|turn|34","||adding 10 for new turn","|","|t:|1753070557","|move|p1a: Blissey|Seismic Toss|p2a: Milotic","|-damage|p2a: Milotic|189/393 par","|move|p2a: Milotic|Recover|p2a: Milotic","|-heal|p2a: Milotic|385/393 par","|","|-weather|Sandstorm|[upkeep]","|-damage|p1a: Blissey|540/661|[from] Sandstorm","|-damage|p2a: Milotic|361/393 par|[from] Sandstorm","|-heal|p1a: Blissey|581/661|[from] item: Leftovers","|-heal|p2a: Milotic|385/393 par|[from] item: Leftovers","|upkeep","|turn|35","||adding 10 for new turn","|","|t:|1753070561","|move|p1a: Blissey|Seismic Toss|p2a: Milotic","|-damage|p2a: Milotic|285/393 par","|move|p2a: Milotic|Hypnosis|p1a: Blissey","|-status|p1a: Blissey|slp|[from] move: Hypnosis","|","|-weather|Sandstorm|[upkeep]","|-damage|p1a: Blissey|540/661 slp|[from] Sandstorm","|-damage|p2a: Milotic|261/393 par|[from] Sandstorm","|-heal|p1a: Blissey|581/661 slp|[from] item: Leftovers","|-heal|p2a: Milotic|285/393 par|[from] item: Leftovers","|upkeep","|turn|36","||adding 10 for new turn","|","|t:|1753070566","|cant|p1a: Blissey|slp","|move|p2a: Milotic|Hypnosis|p1a: Blissey","|-fail|p1a: Blissey|slp","|","|-weather|Sandstorm|[upkeep]","|-damage|p1a: Blissey|540/661 slp|[from] Sandstorm","|-damage|p2a: Milotic|261/393 par|[from] Sandstorm","|-heal|p1a: Blissey|581/661 slp|[from] item: Leftovers","|-heal|p2a: Milotic|285/393 par|[from] item: Leftovers","|upkeep","|turn|37","||adding 10 for new turn","|","|t:|1753070570","|cant|p1a: Blissey|slp","|move|p2a: Milotic|Recover|p2a: Milotic","|-heal|p2a: Milotic|393/393 par","|","|-weather|Sandstorm|[upkeep]","|-damage|p1a: Blissey|540/661 slp|[from] Sandstorm","|-damage|p2a: Milotic|369/393 par|[from] Sandstorm","|-heal|p1a: Blissey|581/661 slp|[from] item: Leftovers","|-heal|p2a: Milotic|393/393 par|[from] item: Leftovers","|upkeep","|turn|38","||adding 10 for new turn","|","|t:|1753070575","|-curestatus|p1a: Blissey|slp|[msg]","|move|p1a: Blissey|Seismic Toss|p2a: Milotic","|-damage|p2a: Milotic|293/393 par","|move|p2a: Milotic|Surf|p1a: Blissey","|-damage|p1a: Blissey|497/661","|","|-weather|Sandstorm|[upkeep]","|-damage|p1a: Blissey|456/661|[from] Sandstorm","|-damage|p2a: Milotic|269/393 par|[from] Sandstorm","|-heal|p1a: Blissey|497/661|[from] item: Leftovers","|-heal|p2a: Milotic|293/393 par|[from] item: Leftovers","|upkeep","|turn|39","||adding 10 for new turn","|","|t:|1753070580","|move|p1a: Blissey|Soft-Boiled|p1a: Blissey","|-heal|p1a: Blissey|661/661","|move|p2a: Milotic|Recover|p2a: Milotic","|-heal|p2a: Milotic|393/393 par","|","|-weather|Sandstorm|[upkeep]","|-damage|p1a: Blissey|620/661|[from] Sandstorm","|-damage|p2a: Milotic|369/393 par|[from] Sandstorm","|-heal|p1a: Blissey|661/661|[from] item: Leftovers","|-heal|p2a: Milotic|393/393 par|[from] item: Leftovers","|upkeep","|turn|40","||adding 10 for new turn","|","|t:|1753070585","|move|p1a: Blissey|Seismic Toss|p2a: Milotic","|-damage|p2a: Milotic|293/393 par","|move|p2a: Milotic|Hypnosis|p1a: Blissey","|-status|p1a: Blissey|slp|[from] move: Hypnosis","|","|-weather|Sandstorm|[upkeep]","|-damage|p1a: Blissey|620/661 slp|[from] Sandstorm","|-damage|p2a: Milotic|269/393 par|[from] Sandstorm","|-heal|p1a: Blissey|661/661 slp|[from] item: Leftovers","|-heal|p2a: Milotic|293/393 par|[from] item: Leftovers","|upkeep","|turn|41","||adding 10 for new turn","|","|t:|1753070589","|cant|p1a: Blissey|slp","|move|p2a: Milotic|Recover|p2a: Milotic","|-heal|p2a: Milotic|393/393 par","|","|-weather|Sandstorm|[upkeep]","|-damage|p1a: Blissey|620/661 slp|[from] Sandstorm","|-damage|p2a: Milotic|369/393 par|[from] Sandstorm","|-heal|p1a: Blissey|661/661 slp|[from] item: Leftovers","|-heal|p2a: Milotic|393/393 par|[from] item: Leftovers","|upkeep","|turn|42","||adding 10 for new turn","|","|t:|1753070594","|cant|p1a: Blissey|slp","|move|p2a: Milotic|Surf|p1a: Blissey","|-damage|p1a: Blissey|570/661 slp","|","|-weather|Sandstorm|[upkeep]","|-damage|p1a: Blissey|529/661 slp|[from] Sandstorm","|-damage|p2a: Milotic|369/393 par|[from] Sandstorm","|-heal|p1a: Blissey|570/661 slp|[from] item: Leftovers","|-heal|p2a: Milotic|393/393 par|[from] item: Leftovers","|upkeep","|turn|43","||adding 10 for new turn","|","|t:|1753070598","|cant|p1a: Blissey|slp","|move|p2a: Milotic|Surf|p1a: Blissey","|-damage|p1a: Blissey|486/661 slp","|","|-weather|Sandstorm|[upkeep]","|-damage|p1a: Blissey|445/661 slp|[from] Sandstorm","|-damage|p2a: Milotic|369/393 par|[from] Sandstorm","|-heal|p1a: Blissey|486/661 slp|[from] item: Leftovers","|-heal|p2a: Milotic|393/393 par|[from] item: Leftovers","|upkeep","|turn|44","||adding 10 for new turn","|","|t:|1753070603","|cant|p1a: Blissey|slp","|move|p2a: Milotic|Surf|p1a: Blissey","|-damage|p1a: Blissey|393/661 slp","|","|-weather|Sandstorm|[upkeep]","|-damage|p1a: Blissey|352/661 slp|[from] Sandstorm","|-damage|p2a: Milotic|369/393 par|[from] Sandstorm","|-heal|p1a: Blissey|393/661 slp|[from] item: Leftovers","|-heal|p2a: Milotic|393/393 par|[from] item: Leftovers","|upkeep","|turn|45","||adding 10 for new turn","|","|t:|1753070608","|-curestatus|p1a: Blissey|slp|[msg]","|move|p1a: Blissey|Soft-Boiled|p1a: Blissey","|-heal|p1a: Blissey|661/661","|move|p2a: Milotic|Hypnosis|p1a: Blissey|[miss]","|-miss|p2a: Milotic|p1a: Blissey","|","|-weather|Sandstorm|[upkeep]","|-damage|p1a: Blissey|620/661|[from] Sandstorm","|-damage|p2a: Milotic|369/393 par|[from] Sandstorm","|-heal|p1a: Blissey|661/661|[from] item: Leftovers","|-heal|p2a: Milotic|393/393 par|[from] item: Leftovers","|upkeep","|turn|46","||adding 10 for new turn","|","|t:|1753070612","|move|p1a: Blissey|Seismic Toss|p2a: Milotic","|-damage|p2a: Milotic|293/393 par","|move|p2a: Milotic|Hypnosis|p1a: Blissey|[miss]","|-miss|p2a: Milotic|p1a: Blissey","|","|-weather|Sandstorm|[upkeep]","|-damage|p1a: Blissey|620/661|[from] Sandstorm","|-damage|p2a: Milotic|269/393 par|[from] Sandstorm","|-heal|p1a: Blissey|661/661|[from] item: Leftovers","|-heal|p2a: Milotic|293/393 par|[from] item: Leftovers","|upkeep","|turn|47","||adding 10 for new turn","|","|t:|1753070617","|move|p1a: Blissey|Seismic Toss|p2a: Milotic","|-damage|p2a: Milotic|193/393 par","|move|p2a: Milotic|Recover|p2a: Milotic","|-heal|p2a: Milotic|389/393 par","|","|-weather|Sandstorm|[upkeep]","|-damage|p1a: Blissey|620/661|[from] Sandstorm","|-damage|p2a: Milotic|365/393 par|[from] Sandstorm","|-heal|p1a: Blissey|661/661|[from] item: Leftovers","|-heal|p2a: Milotic|389/393 par|[from] item: Leftovers","|upkeep","|turn|48","||adding 10 for new turn","|","|t:|1753070622","|move|p1a: Blissey|Seismic Toss|p2a: Milotic","|-damage|p2a: Milotic|289/393 par","|cant|p2a: Milotic|par","|","|-weather|Sandstorm|[upkeep]","|-damage|p1a: Blissey|620/661|[from] Sandstorm","|-damage|p2a: Milotic|265/393 par|[from] Sandstorm","|-heal|p1a: Blissey|661/661|[from] item: Leftovers","|-heal|p2a: Milotic|289/393 par|[from] item: Leftovers","|upkeep","|turn|49","||adding 10 for new turn","|","|t:|1753070626","|move|p1a: Blissey|Seismic Toss|p2a: Milotic","|-damage|p2a: Milotic|189/393 par","|move|p2a: Milotic|Recover|p2a: Milotic","|-heal|p2a: Milotic|385/393 par","|","|-weather|Sandstorm|[upkeep]","|-damage|p1a: Blissey|620/661|[from] Sandstorm","|-damage|p2a: Milotic|361/393 par|[from] Sandstorm","|-heal|p1a: Blissey|661/661|[from] item: Leftovers","|-heal|p2a: Milotic|385/393 par|[from] item: Leftovers","|upkeep","|turn|50","||adding 10 for new turn","|","|t:|1753070631","|move|p1a: Blissey|Seismic Toss|p2a: Milotic","|-damage|p2a: Milotic|285/393 par","|move|p2a: Milotic|Recover|p2a: Milotic","|-heal|p2a: Milotic|393/393 par","|","|-weather|Sandstorm|[upkeep]","|-damage|p1a: Blissey|620/661|[from] Sandstorm","|-damage|p2a: Milotic|369/393 par|[from] Sandstorm","|-heal|p1a: Blissey|661/661|[from] item: Leftovers","|-heal|p2a: Milotic|393/393 par|[from] item: Leftovers","|upkeep","|turn|51","||adding 10 for new turn","|","|t:|1753070636","|move|p1a: Blissey|Seismic Toss|p2a: Milotic","|-damage|p2a: Milotic|293/393 par","|cant|p2a: Milotic|par","|","|-weather|Sandstorm|[upkeep]","|-damage|p1a: Blissey|620/661|[from] Sandstorm","|-damage|p2a: Milotic|269/393 par|[from] Sandstorm","|-heal|p1a: Blissey|661/661|[from] item: Leftovers","|-heal|p2a: Milotic|293/393 par|[from] item: Leftovers","|upkeep","|turn|52","||adding 10 for new turn","|","|t:|1753070641","|move|p1a: Blissey|Seismic Toss|p2a: Milotic","|-damage|p2a: Milotic|193/393 par","|move|p2a: Milotic|Recover|p2a: Milotic","|-heal|p2a: Milotic|389/393 par","|","|-weather|Sandstorm|[upkeep]","|-damage|p1a: Blissey|620/661|[from] Sandstorm","|-damage|p2a: Milotic|365/393 par|[from] Sandstorm","|-heal|p1a: Blissey|661/661|[from] item: Leftovers","|-heal|p2a: Milotic|389/393 par|[from] item: Leftovers","|upkeep","|turn|53","||adding 10 for new turn","|","|t:|1753070646","|move|p1a: Blissey|Seismic Toss|p2a: Milotic","|-damage|p2a: Milotic|289/393 par","|move|p2a: Milotic|Hypnosis|p1a: Blissey","|-status|p1a: Blissey|slp|[from] move: Hypnosis","|","|-weather|Sandstorm|[upkeep]","|-damage|p1a: Blissey|620/661 slp|[from] Sandstorm","|-damage|p2a: Milotic|265/393 par|[from] Sandstorm","|-heal|p1a: Blissey|661/661 slp|[from] item: Leftovers","|-heal|p2a: Milotic|289/393 par|[from] item: Leftovers","|upkeep","|turn|54","||adding 10 for new turn","|","|t:|1753070650","|cant|p1a: Blissey|slp","|move|p2a: Milotic|Recover|p2a: Milotic","|-heal|p2a: Milotic|393/393 par","|","|-weather|Sandstorm|[upkeep]","|-damage|p1a: Blissey|620/661 slp|[from] Sandstorm","|-damage|p2a: Milotic|369/393 par|[from] Sandstorm","|-heal|p1a: Blissey|661/661 slp|[from] item: Leftovers","|-heal|p2a: Milotic|393/393 par|[from] item: Leftovers","|upkeep","|turn|55","||adding 10 for new turn","|","|t:|1753070655","|cant|p1a: Blissey|slp","|move|p2a: Milotic|Surf|p1a: Blissey","|-damage|p1a: Blissey|572/661 slp","|","|-weather|Sandstorm|[upkeep]","|-damage|p1a: Blissey|531/661 slp|[from] Sandstorm","|-damage|p2a: Milotic|369/393 par|[from] Sandstorm","|-heal|p1a: Blissey|572/661 slp|[from] item: Leftovers","|-heal|p2a: Milotic|393/393 par|[from] item: Leftovers","|upkeep","|turn|56","||adding 10 for new turn","|","|t:|1753070660","|cant|p1a: Blissey|slp","|cant|p2a: Milotic|par","|","|-weather|Sandstorm|[upkeep]","|-damage|p1a: Blissey|531/661 slp|[from] Sandstorm","|-damage|p2a: Milotic|369/393 par|[from] Sandstorm","|-heal|p1a: Blissey|572/661 slp|[from] item: Leftovers","|-heal|p2a: Milotic|393/393 par|[from] item: Leftovers","|upkeep","|turn|57","||adding 10 for new turn","|","|t:|1753070664","|-curestatus|p1a: Blissey|slp|[msg]","|move|p1a: Blissey|Seismic Toss|p2a: Milotic","|-damage|p2a: Milotic|293/393 par","|cant|p2a: Milotic|par","|","|-weather|Sandstorm|[upkeep]","|-damage|p1a: Blissey|531/661|[from] Sandstorm","|-damage|p2a: Milotic|269/393 par|[from] Sandstorm","|-heal|p1a: Blissey|572/661|[from] item: Leftovers","|-heal|p2a: Milotic|293/393 par|[from] item: Leftovers","|upkeep","|turn|58","||adding 10 for new turn","|","|t:|1753070669","|move|p1a: Blissey|Seismic Toss|p2a: Milotic","|-damage|p2a: Milotic|193/393 par","|move|p2a: Milotic|Recover|p2a: Milotic","|-heal|p2a: Milotic|389/393 par","|","|-weather|Sandstorm|[upkeep]","|-damage|p1a: Blissey|531/661|[from] Sandstorm","|-damage|p2a: Milotic|365/393 par|[from] Sandstorm","|-heal|p1a: Blissey|572/661|[from] item: Leftovers","|-heal|p2a: Milotic|389/393 par|[from] item: Leftovers","|upkeep","|turn|59","||adding 10 for new turn","|","|t:|1753070674","|move|p1a: Blissey|Seismic Toss|p2a: Milotic","|-damage|p2a: Milotic|289/393 par","|move|p2a: Milotic|Hypnosis|p1a: Blissey|[miss]","|-miss|p2a: Milotic|p1a: Blissey","|","|-weather|Sandstorm|[upkeep]","|-damage|p1a: Blissey|531/661|[from] Sandstorm","|-damage|p2a: Milotic|265/393 par|[from] Sandstorm","|-heal|p1a: Blissey|572/661|[from] item: Leftovers","|-heal|p2a: Milotic|289/393 par|[from] item: Leftovers","|upkeep","|turn|60","||adding 10 for new turn","|","|t:|1753070678","|move|p1a: Blissey|Soft-Boiled|p1a: Blissey","|-heal|p1a: Blissey|661/661","|move|p2a: Milotic|Recover|p2a: Milotic","|-heal|p2a: Milotic|393/393 par","|","|-weather|Sandstorm|[upkeep]","|-damage|p1a: Blissey|620/661|[from] Sandstorm","|-damage|p2a: Milotic|369/393 par|[from] Sandstorm","|-heal|p1a: Blissey|661/661|[from] item: Leftovers","|-heal|p2a: Milotic|393/393 par|[from] item: Leftovers","|upkeep","|turn|61","||adding 10 for new turn","|","|t:|1753070683","|move|p1a: Blissey|Seismic Toss|p2a: Milotic","|-damage|p2a: Milotic|293/393 par","|move|p2a: Milotic|Hypnosis|p1a: Blissey","|-status|p1a: Blissey|slp|[from] move: Hypnosis","|","|-weather|Sandstorm|[upkeep]","|-damage|p1a: Blissey|620/661 slp|[from] Sandstorm","|-damage|p2a: Milotic|269/393 par|[from] Sandstorm","|-heal|p1a: Blissey|661/661 slp|[from] item: Leftovers","|-heal|p2a: Milotic|293/393 par|[from] item: Leftovers","|upkeep","|turn|62","||adding 10 for new turn","|","|t:|1753070687","|cant|p1a: Blissey|slp","|cant|p2a: Milotic|par","|","|-weather|Sandstorm|[upkeep]","|-damage|p1a: Blissey|620/661 slp|[from] Sandstorm","|-damage|p2a: Milotic|269/393 par|[from] Sandstorm","|-heal|p1a: Blissey|661/661 slp|[from] item: Leftovers","|-heal|p2a: Milotic|293/393 par|[from] item: Leftovers","|upkeep","|turn|63","||adding 10 for new turn","|","|t:|1753070692","|cant|p1a: Blissey|slp","|move|p2a: Milotic|Recover|p2a: Milotic","|-heal|p2a: Milotic|393/393 par","|","|-weather|Sandstorm|[upkeep]","|-damage|p1a: Blissey|620/661 slp|[from] Sandstorm","|-damage|p2a: Milotic|369/393 par|[from] Sandstorm","|-heal|p1a: Blissey|661/661 slp|[from] item: Leftovers","|-heal|p2a: Milotic|393/393 par|[from] item: Leftovers","|upkeep","|turn|64","||adding 10 for new turn","|","|t:|1753070696","|-curestatus|p1a: Blissey|slp|[msg]","|move|p1a: Blissey|Seismic Toss|p2a: Milotic","|-damage|p2a: Milotic|293/393 par","|move|p2a: Milotic|Surf|p1a: Blissey","|-damage|p1a: Blissey|576/661","|","|-weather|Sandstorm|[upkeep]","|-damage|p1a: Blissey|535/661|[from] Sandstorm","|-damage|p2a: Milotic|269/393 par|[from] Sandstorm","|-heal|p1a: Blissey|576/661|[from] item: Leftovers","|-heal|p2a: Milotic|293/393 par|[from] item: Leftovers","|upkeep","|turn|65","||adding 10 for new turn","|","|t:|1753070701","|move|p1a: Blissey|Soft-Boiled|p1a: Blissey","|-heal|p1a: Blissey|661/661","|move|p2a: Milotic|Recover|p2a: Milotic","|-heal|p2a: Milotic|393/393 par","|","|-weather|Sandstorm|[upkeep]","|-damage|p1a: Blissey|620/661|[from] Sandstorm","|-damage|p2a: Milotic|369/393 par|[from] Sandstorm","|-heal|p1a: Blissey|661/661|[from] item: Leftovers","|-heal|p2a: Milotic|393/393 par|[from] item: Leftovers","|upkeep","|turn|66","||adding 10 for new turn","|","|t:|1753070706","|move|p1a: Blissey|Seismic Toss|p2a: Milotic","|-damage|p2a: Milotic|293/393 par","|move|p2a: Milotic|Hypnosis|p1a: Blissey|[miss]","|-miss|p2a: Milotic|p1a: Blissey","|","|-weather|Sandstorm|[upkeep]","|-damage|p1a: Blissey|620/661|[from] Sandstorm","|-damage|p2a: Milotic|269/393 par|[from] Sandstorm","|-heal|p1a: Blissey|661/661|[from] item: Leftovers","|-heal|p2a: Milotic|293/393 par|[from] item: Leftovers","|upkeep","|turn|67","||adding 10 for new turn","|","|t:|1753070711","|move|p1a: Blissey|Seismic Toss|p2a: Milotic","|-damage|p2a: Milotic|193/393 par","|move|p2a: Milotic|Recover|p2a: Milotic","|-heal|p2a: Milotic|389/393 par","|","|-weather|Sandstorm|[upkeep]","|-damage|p1a: Blissey|620/661|[from] Sandstorm","|-damage|p2a: Milotic|365/393 par|[from] Sandstorm","|-heal|p1a: Blissey|661/661|[from] item: Leftovers","|-heal|p2a: Milotic|389/393 par|[from] item: Leftovers","|upkeep","|turn|68","||adding 10 for new turn","|","|t:|1753070715","|move|p1a: Blissey|Seismic Toss|p2a: Milotic","|-damage|p2a: Milotic|289/393 par","|move|p2a: Milotic|Hypnosis|p1a: Blissey","|-status|p1a: Blissey|slp|[from] move: Hypnosis","|","|-weather|Sandstorm|[upkeep]","|-damage|p1a: Blissey|620/661 slp|[from] Sandstorm","|-damage|p2a: Milotic|265/393 par|[from] Sandstorm","|-heal|p1a: Blissey|661/661 slp|[from] item: Leftovers","|-heal|p2a: Milotic|289/393 par|[from] item: Leftovers","|upkeep","|turn|69","||adding 10 for new turn","|","|t:|1753070720","|cant|p1a: Blissey|slp","|move|p2a: Milotic|Hypnosis|p1a: Blissey|[miss]","|-miss|p2a: Milotic|p1a: Blissey","|","|-weather|Sandstorm|[upkeep]","|-damage|p1a: Blissey|620/661 slp|[from] Sandstorm","|-damage|p2a: Milotic|265/393 par|[from] Sandstorm","|-heal|p1a: Blissey|661/661 slp|[from] item: Leftovers","|-heal|p2a: Milotic|289/393 par|[from] item: Leftovers","|upkeep","|turn|70","||adding 10 for new turn","|","|t:|1753070724","|cant|p1a: Blissey|slp","|move|p2a: Milotic|Recover|p2a: Milotic","|-heal|p2a: Milotic|393/393 par","|","|-weather|Sandstorm|[upkeep]","|-damage|p1a: Blissey|620/661 slp|[from] Sandstorm","|-damage|p2a: Milotic|369/393 par|[from] Sandstorm","|-heal|p1a: Blissey|661/661 slp|[from] item: Leftovers","|-heal|p2a: Milotic|393/393 par|[from] item: Leftovers","|upkeep","|turn|71","||adding 10 for new turn","|","|t:|1753070729","|cant|p1a: Blissey|slp","|move|p2a: Milotic|Surf|p1a: Blissey","|-damage|p1a: Blissey|578/661 slp","|","|-weather|Sandstorm|[upkeep]","|-damage|p1a: Blissey|537/661 slp|[from] Sandstorm","|-damage|p2a: Milotic|369/393 par|[from] Sandstorm","|-heal|p1a: Blissey|578/661 slp|[from] item: Leftovers","|-heal|p2a: Milotic|393/393 par|[from] item: Leftovers","|upkeep","|turn|72","||adding 10 for new turn","|","|t:|1753070733","|cant|p1a: Blissey|slp","|move|p2a: Milotic|Ice Beam|p1a: Blissey","|-damage|p1a: Blissey|522/661 slp","|","|-weather|Sandstorm|[upkeep]","|-damage|p1a: Blissey|481/661 slp|[from] Sandstorm","|-damage|p2a: Milotic|369/393 par|[from] Sandstorm","|-heal|p1a: Blissey|522/661 slp|[from] item: Leftovers","|-heal|p2a: Milotic|393/393 par|[from] item: Leftovers","|upkeep","|turn|73","||adding 10 for new turn","|","|t:|1753070738","|-curestatus|p1a: Blissey|slp|[msg]","|move|p1a: Blissey|Soft-Boiled|p1a: Blissey","|-heal|p1a: Blissey|661/661","|move|p2a: Milotic|Hypnosis|p1a: Blissey|[miss]","|-miss|p2a: Milotic|p1a: Blissey","|","|-weather|Sandstorm|[upkeep]","|-damage|p1a: Blissey|620/661|[from] Sandstorm","|-damage|p2a: Milotic|369/393 par|[from] Sandstorm","|-heal|p1a: Blissey|661/661|[from] item: Leftovers","|-heal|p2a: Milotic|393/393 par|[from] item: Leftovers","|upkeep","|turn|74","||adding 10 for new turn","|","|t:|1753070742","|move|p1a: Blissey|Seismic Toss|p2a: Milotic","|-damage|p2a: Milotic|293/393 par","|move|p2a: Milotic|Hypnosis|p1a: Blissey","|-status|p1a: Blissey|slp|[from] move: Hypnosis","|","|-weather|Sandstorm|[upkeep]","|-damage|p1a: Blissey|620/661 slp|[from] Sandstorm","|-damage|p2a: Milotic|269/393 par|[from] Sandstorm","|-heal|p1a: Blissey|661/661 slp|[from] item: Leftovers","|-heal|p2a: Milotic|293/393 par|[from] item: Leftovers","|upkeep","|turn|75","||adding 10 for new turn","|","|t:|1753070747","|cant|p1a: Blissey|slp","|move|p2a: Milotic|Recover|p2a: Milotic","|-heal|p2a: Milotic|393/393 par","|","|-weather|Sandstorm|[upkeep]","|-damage|p1a: Blissey|620/661 slp|[from] Sandstorm","|-damage|p2a: Milotic|369/393 par|[from] Sandstorm","|-heal|p1a: Blissey|661/661 slp|[from] item: Leftovers","|-heal|p2a: Milotic|393/393 par|[from] item: Leftovers","|upkeep","|turn|76","||adding 10 for new turn","|","|t:|1753070752","|cant|p1a: Blissey|slp","|cant|p2a: Milotic|par","|","|-weather|Sandstorm|[upkeep]","|-damage|p1a: Blissey|620/661 slp|[from] Sandstorm","|-damage|p2a: Milotic|369/393 par|[from] Sandstorm","|-heal|p1a: Blissey|661/661 slp|[from] item: Leftovers","|-heal|p2a: Milotic|393/393 par|[from] item: Leftovers","|upkeep","|turn|77","||adding 10 for new turn","|","|t:|1753070756","|cant|p1a: Blissey|slp","|cant|p2a: Milotic|par","|","|-weather|Sandstorm|[upkeep]","|-damage|p1a: Blissey|620/661 slp|[from] Sandstorm","|-damage|p2a: Milotic|369/393 par|[from] Sandstorm","|-heal|p1a: Blissey|661/661 slp|[from] item: Leftovers","|-heal|p2a: Milotic|393/393 par|[from] item: Leftovers","|upkeep","|turn|78","||adding 10 for new turn","|","|t:|1753070760","|cant|p1a: Blissey|slp","|move|p2a: Milotic|Surf|p1a: Blissey","|-damage|p1a: Blissey|581/661 slp","|","|-weather|Sandstorm|[upkeep]","|-damage|p1a: Blissey|540/661 slp|[from] Sandstorm","|-damage|p2a: Milotic|369/393 par|[from] Sandstorm","|-heal|p1a: Blissey|581/661 slp|[from] item: Leftovers","|-heal|p2a: Milotic|393/393 par|[from] item: Leftovers","|upkeep","|turn|79","||adding 10 for new turn","|","|t:|1753070765","|-curestatus|p1a: Blissey|slp|[msg]","|move|p1a: Blissey|Seismic Toss|p2a: Milotic","|-damage|p2a: Milotic|293/393 par","|move|p2a: Milotic|Hypnosis|p1a: Blissey","|-status|p1a: Blissey|slp|[from] move: Hypnosis","|","|-weather|Sandstorm|[upkeep]","|-damage|p1a: Blissey|540/661 slp|[from] Sandstorm","|-damage|p2a: Milotic|269/393 par|[from] Sandstorm","|-heal|p1a: Blissey|581/661 slp|[from] item: Leftovers","|-heal|p2a: Milotic|293/393 par|[from] item: Leftovers","|upkeep","|turn|80","||adding 10 for new turn","|","|t:|1753070770","|cant|p1a: Blissey|slp","|cant|p2a: Milotic|par","|","|-weather|Sandstorm|[upkeep]","|-damage|p1a: Blissey|540/661 slp|[from] Sandstorm","|-damage|p2a: Milotic|269/393 par|[from] Sandstorm","|-heal|p1a: Blissey|581/661 slp|[from] item: Leftovers","|-heal|p2a: Milotic|293/393 par|[from] item: Leftovers","|upkeep","|turn|81","||adding 10 for new turn","|","|t:|1753070774","|cant|p1a: Blissey|slp","|move|p2a: Milotic|Recover|p2a: Milotic","|-heal|p2a: Milotic|393/393 par","|","|-weather|Sandstorm|[upkeep]","|-damage|p1a: Blissey|540/661 slp|[from] Sandstorm","|-damage|p2a: Milotic|369/393 par|[from] Sandstorm","|-heal|p1a: Blissey|581/661 slp|[from] item: Leftovers","|-heal|p2a: Milotic|393/393 par|[from] item: Leftovers","|upkeep","|turn|82","||adding 10 for new turn","|","|t:|1753070779","|cant|p1a: Blissey|slp","|move|p2a: Milotic|Surf|p1a: Blissey","|-damage|p1a: Blissey|499/661 slp","|","|-weather|Sandstorm|[upkeep]","|-damage|p1a: Blissey|458/661 slp|[from] Sandstorm","|-damage|p2a: Milotic|369/393 par|[from] Sandstorm","|-heal|p1a: Blissey|499/661 slp|[from] item: Leftovers","|-heal|p2a: Milotic|393/393 par|[from] item: Leftovers","|upkeep","|turn|83","||adding 10 for new turn","|","|t:|1753070783","|cant|p1a: Blissey|slp","|move|p2a: Milotic|Surf|p1a: Blissey","|-damage|p1a: Blissey|412/661 slp","|","|-weather|Sandstorm|[upkeep]","|-damage|p1a: Blissey|371/661 slp|[from] Sandstorm","|-damage|p2a: Milotic|369/393 par|[from] Sandstorm","|-heal|p1a: Blissey|412/661 slp|[from] item: Leftovers","|-heal|p2a: Milotic|393/393 par|[from] item: Leftovers","|upkeep","|turn|84","||adding 10 for new turn","|","|t:|1753070788","|-curestatus|p1a: Blissey|slp|[msg]","|move|p1a: Blissey|Soft-Boiled|p1a: Blissey","|-heal|p1a: Blissey|661/661","|move|p2a: Milotic|Hypnosis|p1a: Blissey","|-status|p1a: Blissey|slp|[from] move: Hypnosis","|","|-weather|Sandstorm|[upkeep]","|-damage|p1a: Blissey|620/661 slp|[from] Sandstorm","|-damage|p2a: Milotic|369/393 par|[from] Sandstorm","|-heal|p1a: Blissey|661/661 slp|[from] item: Leftovers","|-heal|p2a: Milotic|393/393 par|[from] item: Leftovers","|upkeep","|turn|85","||adding 10 for new turn","|","|t:|1753070792","|cant|p1a: Blissey|slp","|move|p2a: Milotic|Surf|p1a: Blissey","|-damage|p1a: Blissey|572/661 slp","|","|-weather|Sandstorm|[upkeep]","|-damage|p1a: Blissey|531/661 slp|[from] Sandstorm","|-damage|p2a: Milotic|369/393 par|[from] Sandstorm","|-heal|p1a: Blissey|572/661 slp|[from] item: Leftovers","|-heal|p2a: Milotic|393/393 par|[from] item: Leftovers","|upkeep","|turn|86","||adding 10 for new turn","|","|t:|1753070797","|cant|p1a: Blissey|slp","|move|p2a: Milotic|Ice Beam|p1a: Blissey","|-damage|p1a: Blissey|512/661 slp","|","|-weather|Sandstorm|[upkeep]","|-damage|p1a: Blissey|471/661 slp|[from] Sandstorm","|-damage|p2a: Milotic|369/393 par|[from] Sandstorm","|-heal|p1a: Blissey|512/661 slp|[from] item: Leftovers","|-heal|p2a: Milotic|393/393 par|[from] item: Leftovers","|upkeep","|turn|87","||adding 10 for new turn","|","|t:|1753070802","|cant|p1a: Blissey|slp","|move|p2a: Milotic|Surf|p1a: Blissey","|-damage|p1a: Blissey|429/661 slp","|","|-weather|Sandstorm|[upkeep]","|-damage|p1a: Blissey|388/661 slp|[from] Sandstorm","|-damage|p2a: Milotic|369/393 par|[from] Sandstorm","|-heal|p1a: Blissey|429/661 slp|[from] item: Leftovers","|-heal|p2a: Milotic|393/393 par|[from] item: Leftovers","|upkeep","|turn|88","||adding 10 for new turn","|","|t:|1753070807","|-curestatus|p1a: Blissey|slp|[msg]","|move|p1a: Blissey|Soft-Boiled|p1a: Blissey","|-heal|p1a: Blissey|661/661","|move|p2a: Milotic|Ice Beam|p1a: Blissey","|-damage|p1a: Blissey|608/661","|","|-weather|Sandstorm|[upkeep]","|-damage|p1a: Blissey|567/661|[from] Sandstorm","|-damage|p2a: Milotic|369/393 par|[from] Sandstorm","|-heal|p1a: Blissey|608/661|[from] item: Leftovers","|-heal|p2a: Milotic|393/393 par|[from] item: Leftovers","|upkeep","|turn|89","||adding 10 for new turn","|","|t:|1753070811","|move|p1a: Blissey|Seismic Toss|p2a: Milotic","|-damage|p2a: Milotic|293/393 par","|move|p2a: Milotic|Hypnosis|p1a: Blissey","|-status|p1a: Blissey|slp|[from] move: Hypnosis","|","|-weather|Sandstorm|[upkeep]","|-damage|p1a: Blissey|567/661 slp|[from] Sandstorm","|-damage|p2a: Milotic|269/393 par|[from] Sandstorm","|-heal|p1a: Blissey|608/661 slp|[from] item: Leftovers","|-heal|p2a: Milotic|293/393 par|[from] item: Leftovers","|upkeep","|turn|90","||adding 10 for new turn","|","|t:|1753070816","|cant|p1a: Blissey|slp","|move|p2a: Milotic|Hypnosis|p1a: Blissey","|-fail|p1a: Blissey|slp","|","|-weather|Sandstorm|[upkeep]","|-damage|p1a: Blissey|567/661 slp|[from] Sandstorm","|-damage|p2a: Milotic|269/393 par|[from] Sandstorm","|-heal|p1a: Blissey|608/661 slp|[from] item: Leftovers","|-heal|p2a: Milotic|293/393 par|[from] item: Leftovers","|upkeep","|turn|91","||adding 10 for new turn","|","|t:|1753070821","|-curestatus|p1a: Blissey|slp|[msg]","|move|p1a: Blissey|Ice Beam|p2a: Milotic","|-resisted|p2a: Milotic","|-damage|p2a: Milotic|262/393 par","|move|p2a: Milotic|Recover|p2a: Milotic","|-heal|p2a: Milotic|393/393 par","|","|-weather|Sandstorm|[upkeep]","|-damage|p1a: Blissey|567/661|[from] Sandstorm","|-damage|p2a: Milotic|369/393 par|[from] Sandstorm","|-heal|p1a: Blissey|608/661|[from] item: Leftovers","|-heal|p2a: Milotic|393/393 par|[from] item: Leftovers","|upkeep","|turn|92","||adding 10 for new turn","|","|t:|1753070825","|move|p1a: Blissey|Ice Beam|p2a: Milotic","|-resisted|p2a: Milotic","|-damage|p2a: Milotic|360/393 par","|move|p2a: Milotic|Ice Beam|p1a: Blissey","|-damage|p1a: Blissey|549/661","|","|-weather|Sandstorm|[upkeep]","|-damage|p1a: Blissey|508/661|[from] Sandstorm","|-damage|p2a: Milotic|336/393 par|[from] Sandstorm","|-heal|p1a: Blissey|549/661|[from] item: Leftovers","|-heal|p2a: Milotic|360/393 par|[from] item: Leftovers","|upkeep","|turn|93","||adding 10 for new turn","|","|t:|1753070830","|move|p1a: Blissey|Soft-Boiled|p1a: Blissey","|-heal|p1a: Blissey|661/661","|move|p2a: Milotic|Ice Beam|p1a: Blissey","|-damage|p1a: Blissey|605/661","|","|-weather|Sandstorm|[upkeep]","|-damage|p1a: Blissey|564/661|[from] Sandstorm","|-damage|p2a: Milotic|336/393 par|[from] Sandstorm","|-heal|p1a: Blissey|605/661|[from] item: Leftovers","|-heal|p2a: Milotic|360/393 par|[from] item: Leftovers","|upkeep","|turn|94","||adding 10 for new turn","|","|t:|1753070835","|move|p1a: Blissey|Ice Beam|p2a: Milotic","|-resisted|p2a: Milotic","|-damage|p2a: Milotic|328/393 par","|move|p2a: Milotic|Ice Beam|p1a: Blissey","|-damage|p1a: Blissey|550/661","|","|-weather|Sandstorm|[upkeep]","|-damage|p1a: Blissey|509/661|[from] Sandstorm","|-damage|p2a: Milotic|304/393 par|[from] Sandstorm","|-heal|p1a: Blissey|550/661|[from] item: Leftovers","|-heal|p2a: Milotic|328/393 par|[from] item: Leftovers","|upkeep","|turn|95","||adding 10 for new turn","|","|t:|1753070840","|move|p1a: Blissey|Soft-Boiled|p1a: Blissey","|-heal|p1a: Blissey|661/661","|cant|p2a: Milotic|par","|","|-weather|Sandstorm|[upkeep]","|-damage|p1a: Blissey|620/661|[from] Sandstorm","|-damage|p2a: Milotic|304/393 par|[from] Sandstorm","|-heal|p1a: Blissey|661/661|[from] item: Leftovers","|-heal|p2a: Milotic|328/393 par|[from] item: Leftovers","|upkeep","|turn|96","||adding 10 for new turn","|","|t:|1753070844","|move|p1a: Blissey|Ice Beam|p2a: Milotic","|-resisted|p2a: Milotic","|-damage|p2a: Milotic|295/393 par","|cant|p2a: Milotic|par","|","|-weather|Sandstorm|[upkeep]","|-damage|p1a: Blissey|620/661|[from] Sandstorm","|-damage|p2a: Milotic|271/393 par|[from] Sandstorm","|-heal|p1a: Blissey|661/661|[from] item: Leftovers","|-heal|p2a: Milotic|295/393 par|[from] item: Leftovers","|upkeep","|turn|97","||adding 10 for new turn","|","|t:|1753070849","|move|p1a: Blissey|Ice Beam|p2a: Milotic","|-resisted|p2a: Milotic","|-damage|p2a: Milotic|267/393 par","|move|p2a: Milotic|Recover|p2a: Milotic","|-heal|p2a: Milotic|393/393 par","|","|-weather|Sandstorm|[upkeep]","|-damage|p1a: Blissey|620/661|[from] Sandstorm","|-damage|p2a: Milotic|369/393 par|[from] Sandstorm","|-heal|p1a: Blissey|661/661|[from] item: Leftovers","|-heal|p2a: Milotic|393/393 par|[from] item: Leftovers","|upkeep","|turn|98","||adding 10 for new turn","|","|t:|1753070853","|move|p1a: Blissey|Ice Beam|p2a: Milotic","|-resisted|p2a: Milotic","|-damage|p2a: Milotic|363/393 par","|move|p2a: Milotic|Ice Beam|p1a: Blissey","|-crit|p1a: Blissey","|-damage|p1a: Blissey|548/661","|","|-weather|Sandstorm|[upkeep]","|-damage|p1a: Blissey|507/661|[from] Sandstorm","|-damage|p2a: Milotic|339/393 par|[from] Sandstorm","|-heal|p1a: Blissey|548/661|[from] item: Leftovers","|-heal|p2a: Milotic|363/393 par|[from] item: Leftovers","|upkeep","|turn|99","||adding 10 for new turn","|","|t:|1753070858","|move|p1a: Blissey|Soft-Boiled|p1a: Blissey","|-heal|p1a: Blissey|661/661","|move|p2a: Milotic|Hypnosis|p1a: Blissey","|-status|p1a: Blissey|slp|[from] move: Hypnosis","|","|-weather|Sandstorm|[upkeep]","|-damage|p1a: Blissey|620/661 slp|[from] Sandstorm","|-damage|p2a: Milotic|339/393 par|[from] Sandstorm","|-heal|p1a: Blissey|661/661 slp|[from] item: Leftovers","|-heal|p2a: Milotic|363/393 par|[from] item: Leftovers","|upkeep","|turn|100","||adding 10 for new turn","|","|t:|1753070863","|cant|p1a: Blissey|slp","|move|p2a: Milotic|Ice Beam|p1a: Blissey","|-damage|p1a: Blissey|601/661 slp","|","|-weather|Sandstorm|[upkeep]","|-damage|p1a: Blissey|560/661 slp|[from] Sandstorm","|-damage|p2a: Milotic|339/393 par|[from] Sandstorm","|-heal|p1a: Blissey|601/661 slp|[from] item: Leftovers","|-heal|p2a: Milotic|363/393 par|[from] item: Leftovers","|upkeep","|turn|101","||adding 10 for new turn","|","|t:|1753070867","|-curestatus|p1a: Blissey|slp|[msg]","|move|p1a: Blissey|Ice Beam|p2a: Milotic","|-resisted|p2a: Milotic","|-damage|p2a: Milotic|332/393 par","|move|p2a: Milotic|Surf|p1a: Blissey","|-damage|p1a: Blissey|518/661","|","|-weather|Sandstorm|[upkeep]","|-damage|p1a: Blissey|477/661|[from] Sandstorm","|-damage|p2a: Milotic|308/393 par|[from] Sandstorm","|-heal|p1a: Blissey|518/661|[from] item: Leftovers","|-heal|p2a: Milotic|332/393 par|[from] item: Leftovers","|upkeep","|turn|102","||adding 10 for new turn","|","|t:|1753070872","|move|p1a: Blissey|Soft-Boiled|p1a: Blissey","|-heal|p1a: Blissey|661/661","|cant|p2a: Milotic|par","|","|-weather|Sandstorm|[upkeep]","|-damage|p1a: Blissey|620/661|[from] Sandstorm","|-damage|p2a: Milotic|308/393 par|[from] Sandstorm","|-heal|p1a: Blissey|661/661|[from] item: Leftovers","|-heal|p2a: Milotic|332/393 par|[from] item: Leftovers","|upkeep","|turn|103","||adding 10 for new turn","|","|t:|1753070877","|move|p1a: Blissey|Ice Beam|p2a: Milotic","|-resisted|p2a: Milotic","|-damage|p2a: Milotic|302/393 par","|cant|p2a: Milotic|par","|","|-weather|Sandstorm|[upkeep]","|-damage|p1a: Blissey|620/661|[from] Sandstorm","|-damage|p2a: Milotic|278/393 par|[from] Sandstorm","|-heal|p1a: Blissey|661/661|[from] item: Leftovers","|-heal|p2a: Milotic|302/393 par|[from] item: Leftovers","|upkeep","|turn|104","||adding 10 for new turn","|","|t:|1753070881","|move|p1a: Blissey|Thunder Wave|p2a: Milotic","|-fail|p2a: Milotic|par","|move|p2a: Milotic|Recover|p2a: Milotic","|-heal|p2a: Milotic|393/393 par","|","|-weather|Sandstorm|[upkeep]","|-damage|p1a: Blissey|620/661|[from] Sandstorm","|-damage|p2a: Milotic|369/393 par|[from] Sandstorm","|-heal|p1a: Blissey|661/661|[from] item: Leftovers","|-heal|p2a: Milotic|393/393 par|[from] item: Leftovers","|upkeep","|turn|105","||adding 10 for new turn","|","|t:|1753070886","|move|p1a: Blissey|Ice Beam|p2a: Milotic","|-resisted|p2a: Milotic","|-damage|p2a: Milotic|360/393 par","|move|p2a: Milotic|Surf|p1a: Blissey","|-damage|p1a: Blissey|567/661","|","|-weather|Sandstorm|[upkeep]","|-damage|p1a: Blissey|526/661|[from] Sandstorm","|-damage|p2a: Milotic|336/393 par|[from] Sandstorm","|-heal|p1a: Blissey|567/661|[from] item: Leftovers","|-heal|p2a: Milotic|360/393 par|[from] item: Leftovers","|upkeep","|turn|106","||adding 10 for new turn","|","|t:|1753070891","|move|p1a: Blissey|Soft-Boiled|p1a: Blissey","|-heal|p1a: Blissey|661/661","|move|p2a: Milotic|Hypnosis|p1a: Blissey","|-status|p1a: Blissey|slp|[from] move: Hypnosis","|","|-weather|Sandstorm|[upkeep]","|-damage|p1a: Blissey|620/661 slp|[from] Sandstorm","|-damage|p2a: Milotic|336/393 par|[from] Sandstorm","|-heal|p1a: Blissey|661/661 slp|[from] item: Leftovers","|-heal|p2a: Milotic|360/393 par|[from] item: Leftovers","|upkeep","|turn|107","||adding 10 for new turn","|","|t:|1753070895","|cant|p1a: Blissey|slp","|move|p2a: Milotic|Surf|p1a: Blissey","|-damage|p1a: Blissey|572/661 slp","|","|-weather|Sandstorm|[upkeep]","|-damage|p1a: Blissey|531/661 slp|[from] Sandstorm","|-damage|p2a: Milotic|336/393 par|[from] Sandstorm","|-heal|p1a: Blissey|572/661 slp|[from] item: Leftovers","|-heal|p2a: Milotic|360/393 par|[from] item: Leftovers","|upkeep","|turn|108","||adding 10 for new turn","|","|t:|1753070900","|cant|p1a: Blissey|slp","|move|p2a: Milotic|Surf|p1a: Blissey","|-damage|p1a: Blissey|493/661 slp","|","|-weather|Sandstorm|[upkeep]","|-damage|p1a: Blissey|452/661 slp|[from] Sandstorm","|-damage|p2a: Milotic|336/393 par|[from] Sandstorm","|-heal|p1a: Blissey|493/661 slp|[from] item: Leftovers","|-heal|p2a: Milotic|360/393 par|[from] item: Leftovers","|upkeep","|turn|109","||adding 10 for new turn","|","|t:|1753070904","|cant|p1a: Blissey|slp","|move|p2a: Milotic|Hypnosis|p1a: Blissey","|-fail|p1a: Blissey|slp","|","|-weather|Sandstorm|[upkeep]","|-damage|p1a: Blissey|452/661 slp|[from] Sandstorm","|-damage|p2a: Milotic|336/393 par|[from] Sandstorm","|-heal|p1a: Blissey|493/661 slp|[from] item: Leftovers","|-heal|p2a: Milotic|360/393 par|[from] item: Leftovers","|upkeep","|turn|110","||adding 10 for new turn","|","|t:|1753070908","|-curestatus|p1a: Blissey|slp|[msg]","|move|p1a: Blissey|Soft-Boiled|p1a: Blissey","|-heal|p1a: Blissey|661/661","|move|p2a: Milotic|Recover|p2a: Milotic","|-heal|p2a: Milotic|393/393 par","|","|-weather|Sandstorm|[upkeep]","|-damage|p1a: Blissey|620/661|[from] Sandstorm","|-damage|p2a: Milotic|369/393 par|[from] Sandstorm","|-heal|p1a: Blissey|661/661|[from] item: Leftovers","|-heal|p2a: Milotic|393/393 par|[from] item: Leftovers","|upkeep","|turn|111","||adding 10 for new turn","|","|t:|1753070913","|move|p1a: Blissey|Ice Beam|p2a: Milotic","|-resisted|p2a: Milotic","|-damage|p2a: Milotic|360/393 par","|move|p2a: Milotic|Surf|p1a: Blissey","|-damage|p1a: Blissey|574/661","|","|-weather|Sandstorm|[upkeep]","|-damage|p1a: Blissey|533/661|[from] Sandstorm","|-damage|p2a: Milotic|336/393 par|[from] Sandstorm","|-heal|p1a: Blissey|574/661|[from] item: Leftovers","|-heal|p2a: Milotic|360/393 par|[from] item: Leftovers","|upkeep","|turn|112","||adding 10 for new turn","|","|t:|1753070918","|move|p1a: Blissey|Soft-Boiled|p1a: Blissey","|-heal|p1a: Blissey|661/661","|move|p2a: Milotic|Surf|p1a: Blissey","|-damage|p1a: Blissey|571/661","|","|-weather|Sandstorm|[upkeep]","|-damage|p1a: Blissey|530/661|[from] Sandstorm","|-damage|p2a: Milotic|336/393 par|[from] Sandstorm","|-heal|p1a: Blissey|571/661|[from] item: Leftovers","|-heal|p2a: Milotic|360/393 par|[from] item: Leftovers","|upkeep","|turn|113","||adding 10 for new turn","|","|t:|1753070922","|move|p1a: Blissey|Ice Beam|p2a: Milotic","|-resisted|p2a: Milotic","|-damage|p2a: Milotic|332/393 par","|cant|p2a: Milotic|par","|","|-weather|Sandstorm|[upkeep]","|-damage|p1a: Blissey|530/661|[from] Sandstorm","|-damage|p2a: Milotic|308/393 par|[from] Sandstorm","|-heal|p1a: Blissey|571/661|[from] item: Leftovers","|-heal|p2a: Milotic|332/393 par|[from] item: Leftovers","|upkeep","|turn|114","||adding 10 for new turn","|","|t:|1753070927","|move|p1a: Blissey|Thunder Wave|p2a: Milotic","|-fail|p2a: Milotic|par","|cant|p2a: Milotic|par","|","|-weather|Sandstorm|[upkeep]","|-damage|p1a: Blissey|530/661|[from] Sandstorm","|-damage|p2a: Milotic|308/393 par|[from] Sandstorm","|-heal|p1a: Blissey|571/661|[from] item: Leftovers","|-heal|p2a: Milotic|332/393 par|[from] item: Leftovers","|upkeep","|turn|115","||adding 10 for new turn","|","|t:|1753070931","|move|p1a: Blissey|Thunder Wave|p2a: Milotic","|-fail|p2a: Milotic|par","|move|p2a: Milotic|Recover|p2a: Milotic","|-heal|p2a: Milotic|393/393 par","|","|-weather|Sandstorm|[upkeep]","|-damage|p1a: Blissey|530/661|[from] Sandstorm","|-damage|p2a: Milotic|369/393 par|[from] Sandstorm","|-heal|p1a: Blissey|571/661|[from] item: Leftovers","|-heal|p2a: Milotic|393/393 par|[from] item: Leftovers","|upkeep","|turn|116","||adding 10 for new turn","|","|t:|1753070936","|move|p1a: Blissey|Ice Beam|p2a: Milotic","|-resisted|p2a: Milotic","|-damage|p2a: Milotic|365/393 par","|cant|p2a: Milotic|par","|","|-weather|Sandstorm|[upkeep]","|-damage|p1a: Blissey|530/661|[from] Sandstorm","|-damage|p2a: Milotic|341/393 par|[from] Sandstorm","|-heal|p1a: Blissey|571/661|[from] item: Leftovers","|-heal|p2a: Milotic|365/393 par|[from] item: Leftovers","|upkeep","|turn|117","||adding 10 for new turn","|","|t:|1753070940","|move|p1a: Blissey|Thunder Wave|p2a: Milotic","|-fail|p2a: Milotic|par","|move|p2a: Milotic|Hypnosis|p1a: Blissey|[miss]","|-miss|p2a: Milotic|p1a: Blissey","|","|-weather|Sandstorm|[upkeep]","|-damage|p1a: Blissey|530/661|[from] Sandstorm","|-damage|p2a: Milotic|341/393 par|[from] Sandstorm","|-heal|p1a: Blissey|571/661|[from] item: Leftovers","|-heal|p2a: Milotic|365/393 par|[from] item: Leftovers","|upkeep","|turn|118","||adding 10 for new turn","|","|t:|1753070945","|move|p1a: Blissey|Thunder Wave|p2a: Milotic","|-fail|p2a: Milotic|par","|move|p2a: Milotic|Surf|p1a: Blissey","|-damage|p1a: Blissey|485/661","|","|-weather|Sandstorm|[upkeep]","|-damage|p1a: Blissey|444/661|[from] Sandstorm","|-damage|p2a: Milotic|341/393 par|[from] Sandstorm","|-heal|p1a: Blissey|485/661|[from] item: Leftovers","|-heal|p2a: Milotic|365/393 par|[from] item: Leftovers","|upkeep","|turn|119","||adding 10 for new turn","|","|t:|1753070949","|move|p1a: Blissey|Soft-Boiled|p1a: Blissey","|-heal|p1a: Blissey|661/661","|move|p2a: Milotic|Ice Beam|p1a: Blissey","|-damage|p1a: Blissey|600/661","|","|-weather|Sandstorm|[upkeep]","|-damage|p1a: Blissey|559/661|[from] Sandstorm","|-damage|p2a: Milotic|341/393 par|[from] Sandstorm","|-heal|p1a: Blissey|600/661|[from] item: Leftovers","|-heal|p2a: Milotic|365/393 par|[from] item: Leftovers","|upkeep","|turn|120","||adding 10 for new turn","|","|t:|1753070954","|move|p1a: Blissey|Thunder Wave|p2a: Milotic","|-fail|p2a: Milotic|par","|move|p2a: Milotic|Ice Beam|p1a: Blissey","|-damage|p1a: Blissey|546/661","|","|-weather|Sandstorm|[upkeep]","|-damage|p1a: Blissey|505/661|[from] Sandstorm","|-damage|p2a: Milotic|341/393 par|[from] Sandstorm","|-heal|p1a: Blissey|546/661|[from] item: Leftovers","|-heal|p2a: Milotic|365/393 par|[from] item: Leftovers","|upkeep","|turn|121","||adding 10 for new turn","|","|t:|1753070959","|move|p1a: Blissey|Thunder Wave|p2a: Milotic","|-fail|p2a: Milotic|par","|move|p2a: Milotic|Ice Beam|p1a: Blissey","|-damage|p1a: Blissey|492/661","|","|-weather|Sandstorm|[upkeep]","|-damage|p1a: Blissey|451/661|[from] Sandstorm","|-damage|p2a: Milotic|341/393 par|[from] Sandstorm","|-heal|p1a: Blissey|492/661|[from] item: Leftovers","|-heal|p2a: Milotic|365/393 par|[from] item: Leftovers","|upkeep","|turn|122","||adding 10 for new turn","|","|t:|1753070963","|move|p1a: Blissey|Thunder Wave|p2a: Milotic","|-fail|p2a: Milotic|par","|move|p2a: Milotic|Ice Beam|p1a: Blissey","|-crit|p1a: Blissey","|-damage|p1a: Blissey|379/661","|","|-weather|Sandstorm|[upkeep]","|-damage|p1a: Blissey|338/661|[from] Sandstorm","|-damage|p2a: Milotic|341/393 par|[from] Sandstorm","|-heal|p1a: Blissey|379/661|[from] item: Leftovers","|-heal|p2a: Milotic|365/393 par|[from] item: Leftovers","|upkeep","|turn|123","||adding 10 for new turn","|","|t:|1753070968","|move|p1a: Blissey|Ice Beam|p2a: Milotic","|-resisted|p2a: Milotic","|-damage|p2a: Milotic|335/393 par","|cant|p2a: Milotic|par","|","|-weather|Sandstorm|[upkeep]","|-damage|p1a: Blissey|338/661|[from] Sandstorm","|-damage|p2a: Milotic|311/393 par|[from] Sandstorm","|-heal|p1a: Blissey|379/661|[from] item: Leftovers","|-heal|p2a: Milotic|335/393 par|[from] item: Leftovers","|upkeep","|turn|124","||adding 10 for new turn","|","|t:|1753070973","|move|p1a: Blissey|Thunder Wave|p2a: Milotic","|-fail|p2a: Milotic|par","|cant|p2a: Milotic|par","|","|-weather|Sandstorm|[upkeep]","|-damage|p1a: Blissey|338/661|[from] Sandstorm","|-damage|p2a: Milotic|311/393 par|[from] Sandstorm","|-heal|p1a: Blissey|379/661|[from] item: Leftovers","|-heal|p2a: Milotic|335/393 par|[from] item: Leftovers","|upkeep","|turn|125","||adding 10 for new turn","|","|t:|1753070977","|move|p1a: Blissey|Thunder Wave|p2a: Milotic","|-fail|p2a: Milotic|par","|move|p2a: Milotic|Hypnosis|p1a: Blissey","|-status|p1a: Blissey|slp|[from] move: Hypnosis","|","|-weather|Sandstorm|[upkeep]","|-damage|p1a: Blissey|338/661 slp|[from] Sandstorm","|-damage|p2a: Milotic|311/393 par|[from] Sandstorm","|-heal|p1a: Blissey|379/661 slp|[from] item: Leftovers","|-heal|p2a: Milotic|335/393 par|[from] item: Leftovers","|upkeep","|turn|126","||adding 10 for new turn","|","|t:|1753070981","|cant|p1a: Blissey|slp","|move|p2a: Milotic|Hypnosis|p1a: Blissey","|-fail|p1a: Blissey|slp","|","|-weather|Sandstorm|[upkeep]","|-damage|p1a: Blissey|338/661 slp|[from] Sandstorm","|-damage|p2a: Milotic|311/393 par|[from] Sandstorm","|-heal|p1a: Blissey|379/661 slp|[from] item: Leftovers","|-heal|p2a: Milotic|335/393 par|[from] item: Leftovers","|upkeep","|turn|127","||adding 10 for new turn","|","|t:|1753070986","|cant|p1a: Blissey|slp","|cant|p2a: Milotic|par","|","|-weather|Sandstorm|[upkeep]","|-damage|p1a: Blissey|338/661 slp|[from] Sandstorm","|-damage|p2a: Milotic|311/393 par|[from] Sandstorm","|-heal|p1a: Blissey|379/661 slp|[from] item: Leftovers","|-heal|p2a: Milotic|335/393 par|[from] item: Leftovers","|upkeep","|turn|128","||adding 10 for new turn","|","|t:|1753070990","|cant|p1a: Blissey|slp","|move|p2a: Milotic|Hypnosis|p1a: Blissey|[miss]","|-miss|p2a: Milotic|p1a: Blissey","|","|-weather|Sandstorm|[upkeep]","|-damage|p1a: Blissey|338/661 slp|[from] Sandstorm","|-damage|p2a: Milotic|311/393 par|[from] Sandstorm","|-heal|p1a: Blissey|379/661 slp|[from] item: Leftovers","|-heal|p2a: Milotic|335/393 par|[from] item: Leftovers","|upkeep","|turn|129","||adding 10 for new turn","|","|t:|1753070994","|-curestatus|p1a: Blissey|slp|[msg]","|move|p1a: Blissey|Thunder Wave|p2a: Milotic","|-fail|p2a: Milotic|par","|move|p2a: Milotic|Ice Beam|p1a: Blissey","|-damage|p1a: Blissey|326/661","|","|-weather|Sandstorm|[upkeep]","|-damage|p1a: Blissey|285/661|[from] Sandstorm","|-damage|p2a: Milotic|311/393 par|[from] Sandstorm","|-heal|p1a: Blissey|326/661|[from] item: Leftovers","|-heal|p2a: Milotic|335/393 par|[from] item: Leftovers","|upkeep","|turn|130","||adding 10 for new turn","|","|t:|1753070999","|move|p1a: Blissey|Thunder Wave|p2a: Milotic","|-fail|p2a: Milotic|par","|move|p2a: Milotic|Ice Beam|p1a: Blissey","|-damage|p1a: Blissey|264/661","|","|-weather|Sandstorm|[upkeep]","|-damage|p1a: Blissey|223/661|[from] Sandstorm","|-damage|p2a: Milotic|311/393 par|[from] Sandstorm","|-heal|p1a: Blissey|264/661|[from] item: Leftovers","|-heal|p2a: Milotic|335/393 par|[from] item: Leftovers","|upkeep","|turn|131","||adding 10 for new turn","|","|t:|1753071004","|move|p1a: Blissey|Thunder Wave|p2a: Milotic","|-fail|p2a: Milotic|par","|move|p2a: Milotic|Ice Beam|p1a: Blissey","|-damage|p1a: Blissey|205/661","|","|-weather|Sandstorm|[upkeep]","|-damage|p1a: Blissey|164/661|[from] Sandstorm","|-damage|p2a: Milotic|311/393 par|[from] Sandstorm","|-heal|p1a: Blissey|205/661|[from] item: Leftovers","|-heal|p2a: Milotic|335/393 par|[from] item: Leftovers","|upkeep","|turn|132","||adding 10 for new turn","|","|t:|1753071009","|move|p1a: Blissey|Thunder Wave|p2a: Milotic","|-fail|p2a: Milotic|par","|move|p2a: Milotic|Recover|p2a: Milotic","|-heal|p2a: Milotic|393/393 par","|","|-weather|Sandstorm|[upkeep]","|-damage|p1a: Blissey|164/661|[from] Sandstorm","|-damage|p2a: Milotic|369/393 par|[from] Sandstorm","|-heal|p1a: Blissey|205/661|[from] item: Leftovers","|-heal|p2a: Milotic|393/393 par|[from] item: Leftovers","|upkeep","|turn|133","||adding 10 for new turn","|","|t:|1753071013","|move|p1a: Blissey|Thunder Wave|p2a: Milotic","|-fail|p2a: Milotic|par","|move|p2a: Milotic|Surf|p1a: Blissey","|-damage|p1a: Blissey|116/661","|","|-weather|Sandstorm|[upkeep]","|-damage|p1a: Blissey|75/661|[from] Sandstorm","|-damage|p2a: Milotic|369/393 par|[from] Sandstorm","|-heal|p1a: Blissey|116/661|[from] item: Leftovers","|-heal|p2a: Milotic|393/393 par|[from] item: Leftovers","|upkeep","|turn|134","||adding 10 for new turn","|","|t:|1753071017","|move|p1a: Blissey|Thunder Wave|p2a: Milotic","|-fail|p2a: Milotic|par","|cant|p2a: Milotic|par","|","|-weather|Sandstorm|[upkeep]","|-damage|p1a: Blissey|75/661|[from] Sandstorm","|-damage|p2a: Milotic|369/393 par|[from] Sandstorm","|-heal|p1a: Blissey|116/661|[from] item: Leftovers","|-heal|p2a: Milotic|393/393 par|[from] item: Leftovers","|upkeep","|turn|135","||adding 10 for new turn","|","|t:|1753071022","|move|p1a: Blissey|Thunder Wave|p2a: Milotic","|-fail|p2a: Milotic|par","|cant|p2a: Milotic|par","|","|-weather|Sandstorm|[upkeep]","|-damage|p1a: Blissey|75/661|[from] Sandstorm","|-damage|p2a: Milotic|369/393 par|[from] Sandstorm","|-heal|p1a: Blissey|116/661|[from] item: Leftovers","|-heal|p2a: Milotic|393/393 par|[from] item: Leftovers","|upkeep","|turn|136","||adding 10 for new turn","|","|t:|1753071026","|move|p1a: Blissey|Thunder Wave|p2a: Milotic","|-fail|p2a: Milotic|par","|move|p2a: Milotic|Recover||[still]","|-fail|p2a: Milotic|heal","|","|-weather|Sandstorm|[upkeep]","|-damage|p1a: Blissey|75/661|[from] Sandstorm","|-damage|p2a: Milotic|369/393 par|[from] Sandstorm","|-heal|p1a: Blissey|116/661|[from] item: Leftovers","|-heal|p2a: Milotic|393/393 par|[from] item: Leftovers","|upkeep","|turn|137","||adding 10 for new turn","|","|t:|1753071030","|move|p1a: Blissey|Thunder Wave|p2a: Milotic","|-fail|p2a: Milotic|par","|move|p2a: Milotic|Recover||[still]","|-fail|p2a: Milotic|heal","|","|-weather|Sandstorm|[upkeep]","|-damage|p1a: Blissey|75/661|[from] Sandstorm","|-damage|p2a: Milotic|369/393 par|[from] Sandstorm","|-heal|p1a: Blissey|116/661|[from] item: Leftovers","|-heal|p2a: Milotic|393/393 par|[from] item: Leftovers","|upkeep","|turn|138","||adding 10 for new turn","|","|t:|1753071034","|move|p1a: Blissey|Thunder Wave|p2a: Milotic","|-fail|p2a: Milotic|par","|move|p2a: Milotic|Hypnosis|p1a: Blissey","|-status|p1a: Blissey|slp|[from] move: Hypnosis","|","|-weather|Sandstorm|[upkeep]","|-damage|p1a: Blissey|75/661 slp|[from] Sandstorm","|-damage|p2a: Milotic|369/393 par|[from] Sandstorm","|-heal|p1a: Blissey|116/661 slp|[from] item: Leftovers","|-heal|p2a: Milotic|393/393 par|[from] item: Leftovers","|upkeep","|turn|139","||adding 10 for new turn","|","|t:|1753071039","|-curestatus|p1a: Blissey|slp|[from] ability: Natural Cure","|switch|p1a: Tyranitar|Tyranitar, M|162/387","|switch|p2a: Celebi|Celebi|401/401","|-damage|p2a: Celebi|335/401|[from] Spikes","|","|-weather|Sandstorm|[upkeep]","|-damage|p2a: Celebi|310/401|[from] Sandstorm","|-heal|p2a: Celebi|335/401|[from] item: Leftovers","|-heal|p1a: Tyranitar|186/387|[from] item: Leftovers","|upkeep","|turn|140","||adding 10 for new turn","|","|t:|1753071046","|switch|p2a: Milotic|Milotic, M|393/393 par","|-damage|p2a: Milotic|328/393 par|[from] Spikes","|move|p1a: Tyranitar|Hidden Power|p2a: Milotic","|-damage|p2a: Milotic|272/393 par","|","|-weather|Sandstorm|[upkeep]","|-damage|p2a: Milotic|248/393 par|[from] Sandstorm","|-heal|p1a: Tyranitar|210/387|[from] item: Leftovers","|-heal|p2a: Milotic|272/393 par|[from] item: Leftovers","|upkeep","|turn|141","||adding 10 for new turn","|","|t:|1753071054","|switch|p1a: Blissey|Blissey, F|116/661","|switch|p2a: Celebi|Celebi|335/401","|-damage|p2a: Celebi|269/401|[from] Spikes","|","|-weather|Sandstorm|[upkeep]","|-damage|p2a: Celebi|244/401|[from] Sandstorm","|-damage|p1a: Blissey|75/661|[from] Sandstorm","|-heal|p2a: Celebi|269/401|[from] item: Leftovers","|-heal|p1a: Blissey|116/661|[from] item: Leftovers","|upkeep","|turn|142","||adding 10 for new turn","|","|t:|1753071062","|move|p2a: Celebi|Hidden Power|p1a: Blissey","|-damage|p1a: Blissey|21/661","|move|p1a: Blissey|Ice Beam|p2a: Celebi","|-supereffective|p2a: Celebi","|-damage|p2a: Celebi|124/401","|-status|p2a: Celebi|frz","|","|-weather|Sandstorm|[upkeep]","|-damage|p2a: Celebi|99/401 frz|[from] Sandstorm","|-damage|p1a: Blissey|0 fnt|[from] Sandstorm","|faint|p1a: Blissey","|-heal|p2a: Celebi|124/401 frz|[from] item: Leftovers","|upkeep","||adding 5 to each for mid turn request","|","|t:|1753071069","|switch|p1a: Tyranitar|Tyranitar, M|210/387","|turn|143","||adding 10 for new turn","|","|t:|1753071077","|cant|p2a: Celebi|frz","|move|p1a: Tyranitar|Hidden Power|p2a: Celebi","|-supereffective|p2a: Celebi","|-damage|p2a: Celebi|0 fnt","|faint|p2a: Celebi","||adding 5 to each for mid turn request","|","|t:|1753071083","|switch|p2a: Milotic|Milotic, M|272/393 par","|-damage|p2a: Milotic|207/393 par|[from] Spikes","|","|-weather|Sandstorm|[upkeep]","|-damage|p2a: Milotic|183/393 par|[from] Sandstorm","|-heal|p1a: Tyranitar|234/387|[from] item: Leftovers","|-heal|p2a: Milotic|207/393 par|[from] item: Leftovers","|upkeep","|turn|144","||adding 10 for new turn","|","|t:|1753071090","|move|p1a: Tyranitar|Rock Slide|p2a: Milotic|[miss]","|-miss|p1a: Tyranitar|p2a: Milotic","|move|p2a: Milotic|Ice Beam|p1a: Tyranitar","|-damage|p1a: Tyranitar|154/387","|","|-weather|Sandstorm|[upkeep]","|-damage|p2a: Milotic|183/393 par|[from] Sandstorm","|-heal|p1a: Tyranitar|178/387|[from] item: Leftovers","|-heal|p2a: Milotic|207/393 par|[from] item: Leftovers","|upkeep","|turn|145","||adding 10 for new turn","|","|t:|1753071097","|move|p1a: Tyranitar|Earthquake|p2a: Milotic","|-damage|p2a: Milotic|135/393 par","|cant|p2a: Milotic|par","|","|-weather|Sandstorm|[upkeep]","|-damage|p2a: Milotic|111/393 par|[from] Sandstorm","|-heal|p1a: Tyranitar|202/387|[from] item: Leftovers","|-heal|p2a: Milotic|135/393 par|[from] item: Leftovers","|upkeep","|turn|146","||adding 10 for new turn","|","|t:|1753071101","|move|p1a: Tyranitar|Rock Slide|p2a: Milotic","|-damage|p2a: Milotic|46/393 par","|move|p2a: Milotic|Recover|p2a: Milotic","|-heal|p2a: Milotic|242/393 par","|","|-weather|Sandstorm|[upkeep]","|-damage|p2a: Milotic|218/393 par|[from] Sandstorm","|-heal|p1a: Tyranitar|226/387|[from] item: Leftovers","|-heal|p2a: Milotic|242/393 par|[from] item: Leftovers","|upkeep","|turn|147","||adding 10 for new turn","|","|t:|1753071105","|move|p1a: Tyranitar|Earthquake|p2a: Milotic","|-damage|p2a: Milotic|168/393 par","|cant|p2a: Milotic|par","|","|-weather|Sandstorm|[upkeep]","|-damage|p2a: Milotic|144/393 par|[from] Sandstorm","|-heal|p1a: Tyranitar|250/387|[from] item: Leftovers","|-heal|p2a: Milotic|168/393 par|[from] item: Leftovers","|upkeep","|turn|148","||adding 10 for new turn","|","|t:|1753071109","|move|p1a: Tyranitar|Earthquake|p2a: Milotic","|-damage|p2a: Milotic|87/393 par","|move|p2a: Milotic|Surf|p1a: Tyranitar","|-supereffective|p1a: Tyranitar","|-crit|p1a: Tyranitar","|-damage|p1a: Tyranitar|0 fnt","|faint|p1a: Tyranitar","||adding 5 to each for mid turn request","|","|t:|1753071113","|switch|p1a: Claydol|Claydol|317/317","|","|-weather|Sandstorm|[upkeep]","|-damage|p2a: Milotic|63/393 par|[from] Sandstorm","|-heal|p2a: Milotic|87/393 par|[from] item: Leftovers","|upkeep","|turn|149","||adding 10 for new turn","|","|t:|1753071120","|move|p1a: Claydol|Earthquake|p2a: Milotic","|-damage|p2a: Milotic|11/393 par","|move|p2a: Milotic|Struggle|p1a: Claydol","|-damage|p1a: Claydol|299/317","|-damage|p2a: Milotic|7/393 par|[from] Recoil|[of] p1a: Claydol","|","|-weather|Sandstorm|[upkeep]","|-damage|p2a: Milotic|0 fnt|[from] Sandstorm","|faint|p2a: Milotic","|","|win|foultestchallenge1",""],"p1rating":null,"p2rating":null,"endType":"normal","ladderError":true,"timestamp":"Sun Jul 20 2025 21:12:00 GMT-0700 (アメリカ太平洋夏時間)","roomid":"battle-gen3ou-1112","format":"gen3ou"}