{"winner":"foultestacceptor1","seed":"sodium,b0a736349d8e2c5c4112d59d53b2f44d","turns":61,"p1":"foultestchallenge1","p2":"foultestacceptor1","p1team":[{"name":"Medicham","species":"Medicham","item":"Salac Berry","ability":"Pure Power","moves":["Brick Break","Focus Punch","Rock Slide","Shadow Ball"],"nature":"Jolly","evs":{"hp":4,"atk":252,"def":0,"spa":0,"spd":0,"spe":252},"gender":"F","level":100,"ivs":{"hp":31,"atk":31,"def":31,"spa":31,"spd":31,"spe":31}},{"name":"Magneton","species":"Magneton","item":"Magnet","ability":"Magnet Pull","moves":["Thunderbolt","Hidden Power Fire","Toxic","Rain Dance"],"nature":"Modest","evs":{"hp":4,"atk":0,"def":0,"spa":252,"spd":0,"spe":252},"gender":"N","ivs":{"hp":31,"atk":2,"def":31,"spa":30,"spd":31,"spe":30},"happiness":255,"hpType":"Fire","pokeball":"","gigantamax":false,"dynamaxLevel":10,"teraType":"","level":100},{"name":"Snorlax","species":"Snorlax","item":"Leftovers","ability":"Immunity","moves":["Self-Destruct","Body Slam","Shadow Ball","Earthquake"],"nature":"Adamant","evs":{"hp":92,"atk":116,"def":144,"spa":0,"spd":144,"spe":12},"gender":"M","level":100,"ivs":{"hp":31,"atk":31,"def":31,"spa":31,"spd":31,"spe":31}},{"name":"Suicune","species":"Suicune","item":"Leftovers","ability":"Pressure","moves":["Calm Mind","Surf","Rest","Ice Beam"],"nature":"Calm","evs":{"hp":252,"atk":0,"def":0,"spa":180,"spd":68,"spe":8},"gender":"N","ivs":{"hp":31,"atk":0,"def":31,"spa":31,"spd":31,"spe":31},"level":100},{"name":"Salamence","species":"Salamence","item":"Leftovers","ability":"Intimidate","moves":["Dragon Dance","Hidden Power Flying","Rock Slide","Earthquake"],"nature":"Adamant","evs":{"hp":0,"atk":156,"def":0,"spa":0,"spd":140,"spe":212},"gender":"M","ivs":{"hp":31,"atk":31,"def":31,"spa":30,"spd":30,"spe":30},"happiness":255,"hpType":"Flying","pokeball":"","gigantamax":false,"dynamaxLevel":10,"teraType":"","level":100},{"name":"Metagross","species":"Metagross","item":"Leftovers","ability":"Clear Body","moves":["Agility","Meteor Mash","Earthquake","Explosion"],"nature":"Adamant","evs":{"hp":252,"atk":144,"def":24,"spa":0,"spd":0,"spe":88},"gender":"N","level":100,"ivs":{"hp":31,"atk":31,"def":31,"spa":31,"spd":31,"spe":31}}],"p2team":[{"name":"Tyranitar","species":"Tyranitar","item":"Leftovers","ability":"Sand Stream","moves":["Rock Slide","Earthquake","Hidden Power Bug","Roar"],"nature":"Adamant","evs":{"hp":184,"atk":196,"def":120,"spa":0,"spd":0,"spe":8},"gender":"M","ivs":{"hp":31,"atk":30,"def":30,"spa":31,"spd":30,"spe":31},"happiness":255,"hpType":"Bug","pokeball":"","gigantamax":false,"dynamaxLevel":10,"teraType":"","level":100},{"name":"Milotic","species":"Milotic","item":"Leftovers","ability":"Marvel Scale","moves":["Surf","Toxic","Recover","Refresh"],"nature":"Bold","evs":{"hp":248,"atk":0,"def":212,"spa":0,"spd":0,"spe":48},"gender":"M","ivs":{"hp":31,"atk":0,"def":31,"spa":31,"spd":31,"spe":31},"level":100},{"name":"Blissey","species":"Blissey","item":"Leftovers","ability":"Natural Cure","moves":["Seismic Toss","Ice Beam","Thunder Wave","Soft-Boiled"],"nature":"Bold","evs":{"hp":40,"atk":0,"def":244,"spa":208,"spd":0,"spe":16},"gender":"F","level":100,"ivs":{"hp":31,"atk":31,"def":31,"spa":31,"spd":31,"spe":31}},{"name":"Skarmory","species":"Skarmory","item":"Leftovers","ability":"Keen Eye","moves":["Drill Peck","Toxic","Spikes","Roar"],"nature":"Careful","evs":{"hp":248,"atk":0,"def":0,"spa":0,"spd":236,"spe":24},"gender":"M","level":100,"ivs":{"hp":31,"atk":31,"def":31,"spa":31,"spd":31,"spe":31}},{"name":"Claydol","species":"Claydol","item":"Leftovers","ability":"Levitate","moves":["Earthquake","Psychic","Refresh","Rapid Spin"],"nature":"Adamant","evs":{"hp":224,"atk":228,"def":0,"spa":36,"spd":0,"spe":20},"gender":"N","level":100,"ivs":{"hp":31,"atk":31,"def":31,"spa":31,"spd":31,"spe":31}},{"name":"Dugtrio","species":"Dugtrio","item":"Choice Band","ability":"Arena Trap","moves":["Earthquake","Aerial Ace","Hidden Power Bug","Screech"],"nature":"Jolly","evs":{"hp":0,"atk":252,"def":0,"spa":0,"spd":4,"spe":252},"gender":"M","ivs":{"hp":31,"atk":30,"def":30,"spa":31,"spd":30,"spe":31},"happiness":255,"hpType":"Bug","pokeball":"","gigantamax":false,"dynamaxLevel":10,"teraType":"","level":100}],"score":[0,3],"inputLog":[">version 372d05e49c92a79eecdf6c8dddb208bd1765c00f",">start {\"formatid\":\"gen3ou\",\"seed\":\"sodium,b0a736349d8e2c5c4112d59d53b2f44d\"}",">player p1 {\"name\":\"foultestchallenge1\",\"avatar\":\"169\",\"team\":\"Medicham||SalacBerry|PurePower|BrickBreak,FocusPunch,RockSlide,ShadowBall|Jolly|4,252,,,,252|F||||]Magneton||Magnet|MagnetPull|Thunderbolt,HiddenPowerFire,Toxic,RainDance|Modest|4,,,252,,252|N|,2,,30,,30|||,Fire,,,,]Snorlax||Leftovers|Immunity|SelfDestruct,BodySlam,ShadowBall,Earthquake|Adamant|92,116,144,,144,12|M||||]Suicune||Leftovers|Pressure|CalmMind,Surf,Rest,IceBeam|Calm|252,,,180,68,8|N|,0,,,,|||]Salamence||Leftovers|Intimidate|DragonDance,HiddenPowerFlying,RockSlide,Earthquake|Adamant|,156,,,140,212|M|,,,30,30,30|||,Flying,,,,]Metagross||Leftovers|ClearBody|Agility,MeteorMash,Earthquake,Explosion|Adamant|252,144,24,,,88|N||||\",\"rating\":0}",">player p2 {\"name\":\"foultestacceptor1\",\"avatar\":\"102\",\"team\":\"Tyranitar||Leftovers|SandStream|RockSlide,Earthquake,HiddenPowerBug,Roar|Adamant|184,196,120,,,8|M|,30,30,,30,|||,Bug,,,,]Milotic||Leftovers|MarvelScale|Surf,Toxic,Recover,Refresh|Bold|248,,212,,,48|M|,0,,,,|||]Blissey||Leftovers|NaturalCure|SeismicToss,IceBeam,ThunderWave,SoftBoiled|Bold|40,,244,208,,16|F||||]Skarmory||Leftovers|KeenEye|DrillPeck,Toxic,Spikes,Roar|Careful|248,,,,236,24|M||||]Claydol||Leftovers|Levitate|Earthquake,Psychic,Refresh,RapidSpin|Adamant|224,228,,36,,20|N||||]Dugtrio||ChoiceBand|ArenaTrap|Earthquake,AerialAce,HiddenPowerBug,Screech|Jolly|,252,,,4,252|M|,30,30,,30,|||,Bug,,,,\",\"rating\":0}",">p1 move brickbreak",">p2 switch 4",">p1 move focuspunch",">p2 move spikes",">p2 switch 6",">p1 move brickbreak",">p2 move earthquake",">p1 switch 4",">p1 move surf",">p2 switch 2",">p1 move calmmind",">p2 move toxic",">p1 move calmmind",">p2 move toxic",">p1 move calmmind",">p2 move toxic",">p1 move rest",">p2 move recover",">p1 move rest",">p2 switch 4",">p1 move rest",">p2 move roar",">p1 move meteormash",">p2 switch 4",">p1 move earthquake",">p2 move recover",">p1 switch 6",">p2 move surf",">p1 move calmmind",">p2 move recover",">p1 move calmmind",">p2 move toxic",">p1 move surf",">p2 switch 3",">p1 move rest",">p2 move softboiled",">p1 switch 6",">p2 move seismictoss",">p1 move meteormash",">p2 move thunderwave",">p1 move meteormash",">p2 move softboiled",">p1 move meteormash",">p2 switch 3",">p1 move earthquake",">p2 move surf",">p1 move explosion",">p2 move recover",">p1 switch 3",">p2 switch 4",">p1 move earthquake",">p2 move rockslide",">p1 move selfdestruct",">p2 move rockslide",">p1 move selfdestruct",">p2 move rockslide",">p1 switch 5",">p1 move earthquake",">p2 switch 3",">p1 switch 6",">p2 move icebeam",">p1 move surf",">p2 move seismictoss",">p1 move rest",">p2 move seismictoss",">p1 move rest",">p2 move seismictoss",">p1 move calmmind",">p2 move seismictoss",">p1 move surf",">p2 move seismictoss",">p1 move rest",">p2 move seismictoss",">p1 move rest",">p2 move seismictoss",">p1 move rest",">p2 move seismictoss",">p1 move rest",">p2 move seismictoss",">p1 move rest",">p2 move seismictoss",">p1 move calmmind",">p2 move seismictoss",">p1 move rest",">p2 move seismictoss",">p1 move rest",">p2 move seismictoss",">p1 move calmmind",">p2 move softboiled",">p1 move calmmind",">p2 move seismictoss",">p1 move rest",">p2 switch 3",">p1 move calmmind",">p2 move rockslide",">p1 move calmmind",">p2 move roar",">p1 switch 2",">p2 move earthquake",">p1 move surf",">p2 move earthquake",">p1 switch 6",">p1 move earthquake",">p2 switch 3",">p1 switch 2",">p2 move icebeam",">p1 move toxic",">p2 move seismictoss",">p1 move thunderbolt",">p2 move softboiled",">p1 move raindance",">p2 switch 3",">p1 move thunderbolt",">p2 switch 3",">p1 move thunderbolt",">p2 move softboiled",">p1 move thunderbolt",">p2 move softboiled",">p1 move thunderbolt",">p2 move icebeam",">p1 switch 2",">p1 move rockslide",">p2 move icebeam",">p1 move rockslide",">p2 move icebeam",">p1 move rockslide",">p2 move seismictoss",">p2 switch 2",">p1 move dragondance",">p2 move aerialace"],"log":["|j|☆foultestchallenge1","|j|☆foultestacceptor1","|t:|1753079886","|gametype|singles","|player|p1|foultestchallenge1|169|","|player|p2|foultestacceptor1|102|","|teamsize|p1|6","|teamsize|p2|6","|gen|3","|tier|[Gen 3] OU","|rule|Sleep Clause Mod: Limit one foe put to sleep","|rule|Switch Priority Clause Mod: Faster Pokémon switch first","|rule|Species Clause: Limit one of each Pokémon","|rule|OHKO Clause: OHKO moves are banned","|rule|Evasion Items Clause: Evasion items are banned","|rule|Evasion Moves Clause: Evasion moves are banned","|rule|Endless Battle Clause: Forcing endless battles is banned","|rule|HP Percentage Mod: HP is shown in percentages","|rule|One Boost Passer Clause: Limit one Baton Passer that has a way to boost its stats","|rule|Freeze Clause Mod: Limit one foe frozen","|","|t:|1753079886","|start","|switch|p1a: Medicham|Medicham, F|262/262","|switch|p2a: Tyranitar|Tyranitar, M|387/387","|-weather|Sandstorm|[from] ability: Sand Stream|[of] p2a: Tyranitar","|turn|1","|inactive|Battle timer is ON: inactive players will automatically lose when time's up. (requested by foultestacceptor1)","|inactive|foultestchallenge1 also wants the timer to be on.","|","|t:|1753079894","|switch|p2a: Skarmory|Skarmory, M|333/333","|move|p1a: Medicham|Brick Break|p2a: Skarmory","|-damage|p2a: Skarmory|208/333","|","|-weather|Sandstorm|[upkeep]","|-damage|p1a: Medicham|246/262|[from] Sandstorm","|-heal|p2a: Skarmory|228/333|[from] item: Leftovers","|upkeep","|turn|2","||adding 10 for new turn","|","|t:|1753079903","|-singleturn|p1a: Medicham|move: Focus Punch","|move|p2a: Skarmory|Spikes|p1a: Medicham","|-sidestart|p1: foultestchallenge1|Spikes","|move|p1a: Medicham|Focus Punch|p2a: Skarmory","|-damage|p2a: Skarmory|0 fnt","|faint|p2a: Skarmory","||adding 5 to each for mid turn request","|","|t:|1753079911","|switch|p2a: Dugtrio|Dugtrio, M|211/211","|","|-weather|Sandstorm|[upkeep]","|-damage|p1a: Medicham|230/262|[from] Sandstorm","|upkeep","|turn|3","||adding 10 for new turn","|","|t:|1753079919","|move|p2a: Dugtrio|Earthquake|p1a: Medicham","|-damage|p1a: Medicham|0 fnt","|faint|p1a: Medicham","||adding 5 to each for mid turn request","|","|t:|1753079927","|switch|p1a: Suicune|Suicune|404/404","|-damage|p1a: Suicune|354/404|[from] Spikes","|-ability|p1a: Suicune|Pressure|[silent]","|","|-weather|Sandstorm|[upkeep]","|-damage|p1a: Suicune|329/404|[from] Sandstorm","|-heal|p1a: Suicune|354/404|[from] item: Leftovers","|upkeep","|turn|4","||adding 10 for new turn","|","|t:|1753079935","|switch|p2a: Milotic|Milotic, M|393/393","|move|p1a: Suicune|Surf|p2a: Milotic","|-resisted|p2a: Milotic","|-damage|p2a: Milotic|346/393","|","|-weather|Sandstorm|[upkeep]","|-damage|p2a: Milotic|322/393|[from] Sandstorm","|-damage|p1a: Suicune|329/404|[from] Sandstorm","|-heal|p2a: Milotic|346/393|[from] item: Leftovers","|-heal|p1a: Suicune|354/404|[from] item: Leftovers","|upkeep","|turn|5","||adding 10 for new turn","|","|t:|1753079943","|move|p2a: Milotic|Toxic|p1a: Suicune|[miss]","|-miss|p2a: Milotic|p1a: Suicune","|move|p1a: Suicune|Calm Mind|p1a: Suicune","|-boost|p1a: Suicune|spa|1","|-boost|p1a: Suicune|spd|1","|","|-weather|Sandstorm|[upkeep]","|-damage|p2a: Milotic|322/393|[from] Sandstorm","|-damage|p1a: Suicune|329/404|[from] Sandstorm","|-heal|p2a: Milotic|346/393|[from] item: Leftovers","|-heal|p1a: Suicune|354/404|[from] item: Leftovers","|upkeep","|turn|6","||adding 10 for new turn","|","|t:|1753079951","|move|p2a: Milotic|Toxic|p1a: Suicune|[miss]","|-miss|p2a: Milotic|p1a: Suicune","|move|p1a: Suicune|Calm Mind|p1a: Suicune","|-boost|p1a: Suicune|spa|1","|-boost|p1a: Suicune|spd|1","|","|-weather|Sandstorm|[upkeep]","|-damage|p2a: Milotic|322/393|[from] Sandstorm","|-damage|p1a: Suicune|329/404|[from] Sandstorm","|-heal|p2a: Milotic|346/393|[from] item: Leftovers","|-heal|p1a: Suicune|354/404|[from] item: Leftovers","|upkeep","|turn|7","||adding 10 for new turn","|","|t:|1753079959","|move|p2a: Milotic|Toxic|p1a: Suicune","|-status|p1a: Suicune|tox","|move|p1a: Suicune|Calm Mind|p1a: Suicune","|-boost|p1a: Suicune|spa|1","|-boost|p1a: Suicune|spd|1","|","|-weather|Sandstorm|[upkeep]","|-damage|p2a: Milotic|322/393|[from] Sandstorm","|-damage|p1a: Suicune|329/404 tox|[from] Sandstorm","|-heal|p2a: Milotic|346/393|[from] item: Leftovers","|-heal|p1a: Suicune|354/404 tox|[from] item: Leftovers","|-damage|p1a: Suicune|329/404 tox|[from] psn","|upkeep","|turn|8","||adding 10 for new turn","|","|t:|1753079966","|move|p2a: Milotic|Recover|p2a: Milotic","|-heal|p2a: Milotic|393/393","|move|p1a: Suicune|Rest|p1a: Suicune","|-status|p1a: Suicune|slp|[from] move: Rest","|-heal|p1a: Suicune|404/404 slp|[silent]","|","|-weather|Sandstorm|[upkeep]","|-damage|p2a: Milotic|369/393|[from] Sandstorm","|-damage|p1a: Suicune|379/404 slp|[from] Sandstorm","|-heal|p2a: Milotic|393/393|[from] item: Leftovers","|-heal|p1a: Suicune|404/404 slp|[from] item: Leftovers","|upkeep","|turn|9","||adding 10 for new turn","|","|t:|1753079974","|switch|p2a: Tyranitar|Tyranitar, M|387/387","|cant|p1a: Suicune|slp","|","|-weather|Sandstorm|[upkeep]","|-damage|p1a: Suicune|379/404 slp|[from] Sandstorm","|-heal|p1a: Suicune|404/404 slp|[from] item: Leftovers","|upkeep","|turn|10","||adding 10 for new turn","|","|t:|1753079982","|cant|p1a: Suicune|slp","|move|p2a: Tyranitar|Roar|p1a: Suicune","|drag|p1a: Metagross|Metagross|364/364","|-damage|p1a: Metagross|319/364|[from] Spikes","|","|-weather|Sandstorm|[upkeep]","|-heal|p1a: Metagross|341/364|[from] item: Leftovers","|upkeep","|turn|11","||adding 10 for new turn","|","|t:|1753079990","|switch|p2a: Milotic|Milotic, M|393/393","|move|p1a: Metagross|Meteor Mash|p2a: Milotic","|-resisted|p2a: Milotic","|-crit|p2a: Milotic","|-damage|p2a: Milotic|229/393","|","|-weather|Sandstorm|[upkeep]","|-damage|p2a: Milotic|205/393|[from] Sandstorm","|-heal|p2a: Milotic|229/393|[from] item: Leftovers","|-heal|p1a: Metagross|363/364|[from] item: Leftovers","|upkeep","|turn|12","||adding 10 for new turn","|","|t:|1753079998","|move|p2a: Milotic|Recover|p2a: Milotic","|-heal|p2a: Milotic|393/393","|move|p1a: Metagross|Earthquake|p2a: Milotic","|-damage|p2a: Milotic|287/393","|","|-weather|Sandstorm|[upkeep]","|-damage|p2a: Milotic|263/393|[from] Sandstorm","|-heal|p2a: Milotic|287/393|[from] item: Leftovers","|-heal|p1a: Metagross|364/364|[from] item: Leftovers","|upkeep","|turn|13","||adding 10 for new turn","|","|t:|1753080006","|switch|p1a: Suicune|Suicune|404/404 slp","|-damage|p1a: Suicune|354/404 slp|[from] Spikes","|-ability|p1a: Suicune|Pressure|[silent]","|move|p2a: Milotic|Surf|p1a: Suicune","|-resisted|p1a: Suicune","|-damage|p1a: Suicune|310/404 slp","|","|-weather|Sandstorm|[upkeep]","|-damage|p2a: Milotic|263/393|[from] Sandstorm","|-damage|p1a: Suicune|285/404 slp|[from] Sandstorm","|-heal|p2a: Milotic|287/393|[from] item: Leftovers","|-heal|p1a: Suicune|310/404 slp|[from] item: Leftovers","|upkeep","|turn|14","||adding 10 for new turn","|","|t:|1753080011","|move|p2a: Milotic|Recover|p2a: Milotic","|-heal|p2a: Milotic|393/393","|-curestatus|p1a: Suicune|slp|[msg]","|move|p1a: Suicune|Calm Mind|p1a: Suicune","|-boost|p1a: Suicune|spa|1","|-boost|p1a: Suicune|spd|1","|","|-weather|Sandstorm|[upkeep]","|-damage|p2a: Milotic|369/393|[from] Sandstorm","|-damage|p1a: Suicune|285/404|[from] Sandstorm","|-heal|p2a: Milotic|393/393|[from] item: Leftovers","|-heal|p1a: Suicune|310/404|[from] item: Leftovers","|upkeep","|turn|15","||adding 10 for new turn","|","|t:|1753080016","|move|p2a: Milotic|Toxic|p1a: Suicune","|-status|p1a: Suicune|tox","|move|p1a: Suicune|Calm Mind|p1a: Suicune","|-boost|p1a: Suicune|spa|1","|-boost|p1a: Suicune|spd|1","|","|-weather|Sandstorm|[upkeep]","|-damage|p2a: Milotic|369/393|[from] Sandstorm","|-damage|p1a: Suicune|285/404 tox|[from] Sandstorm","|-heal|p2a: Milotic|393/393|[from] item: Leftovers","|-heal|p1a: Suicune|310/404 tox|[from] item: Leftovers","|-damage|p1a: Suicune|285/404 tox|[from] psn","|upkeep","|turn|16","||adding 10 for new turn","|","|t:|1753080020","|switch|p2a: Blissey|Blissey, F|661/661","|move|p1a: Suicune|Surf|p2a: Blissey","|-damage|p2a: Blissey|481/661","|","|-weather|Sandstorm|[upkeep]","|-damage|p1a: Suicune|260/404 tox|[from] Sandstorm","|-damage|p2a: Blissey|440/661|[from] Sandstorm","|-heal|p1a: Suicune|285/404 tox|[from] item: Leftovers","|-damage|p1a: Suicune|235/404 tox|[from] psn","|-heal|p2a: Blissey|481/661|[from] item: Leftovers","|upkeep","|turn|17","||adding 10 for new turn","|","|t:|1753080029","|move|p1a: Suicune|Rest|p1a: Suicune","|-status|p1a: Suicune|slp|[from] move: Rest","|-heal|p1a: Suicune|404/404 slp|[silent]","|move|p2a: Blissey|Soft-Boiled|p2a: Blissey","|-heal|p2a: Blissey|661/661","|","|-weather|Sandstorm|[upkeep]","|-damage|p1a: Suicune|379/404 slp|[from] Sandstorm","|-damage|p2a: Blissey|620/661|[from] Sandstorm","|-heal|p1a: Suicune|404/404 slp|[from] item: Leftovers","|-heal|p2a: Blissey|661/661|[from] item: Leftovers","|upkeep","|turn|18","||adding 10 for new turn","|","|t:|1753080037","|switch|p1a: Metagross|Metagross|364/364","|-damage|p1a: Metagross|319/364|[from] Spikes","|move|p2a: Blissey|Seismic Toss|p1a: Metagross","|-damage|p1a: Metagross|219/364","|","|-weather|Sandstorm|[upkeep]","|-damage|p2a: Blissey|620/661|[from] Sandstorm","|-heal|p1a: Metagross|241/364|[from] item: Leftovers","|-heal|p2a: Blissey|661/661|[from] item: Leftovers","|upkeep","|turn|19","||adding 10 for new turn","|","|t:|1753080046","|move|p1a: Metagross|Meteor Mash|p2a: Blissey","|-damage|p2a: Blissey|312/661","|move|p2a: Blissey|Thunder Wave|p1a: Metagross","|-status|p1a: Metagross|par","|","|-weather|Sandstorm|[upkeep]","|-damage|p2a: Blissey|271/661|[from] Sandstorm","|-heal|p2a: Blissey|312/661|[from] item: Leftovers","|-heal|p1a: Metagross|263/364 par|[from] item: Leftovers","|upkeep","|turn|20","||adding 10 for new turn","|","|t:|1753080055","|move|p2a: Blissey|Soft-Boiled|p2a: Blissey","|-heal|p2a: Blissey|642/661","|cant|p1a: Metagross|par","|","|-weather|Sandstorm|[upkeep]","|-damage|p2a: Blissey|601/661|[from] Sandstorm","|-heal|p2a: Blissey|642/661|[from] item: Leftovers","|-heal|p1a: Metagross|285/364 par|[from] item: Leftovers","|upkeep","|turn|21","||adding 10 for new turn","|","|t:|1753080063","|switch|p2a: Milotic|Milotic, M|393/393","|move|p1a: Metagross|Meteor Mash|p2a: Milotic","|-resisted|p2a: Milotic","|-damage|p2a: Milotic|316/393","|","|-weather|Sandstorm|[upkeep]","|-damage|p2a: Milotic|292/393|[from] Sandstorm","|-heal|p2a: Milotic|316/393|[from] item: Leftovers","|-heal|p1a: Metagross|307/364 par|[from] item: Leftovers","|upkeep","|turn|22","||adding 10 for new turn","|","|t:|1753080071","|move|p2a: Milotic|Surf|p1a: Metagross","|-damage|p1a: Metagross|176/364 par","|move|p1a: Metagross|Earthquake|p2a: Milotic","|-damage|p2a: Milotic|213/393","|","|-weather|Sandstorm|[upkeep]","|-damage|p2a: Milotic|189/393|[from] Sandstorm","|-heal|p2a: Milotic|213/393|[from] item: Leftovers","|-heal|p1a: Metagross|198/364 par|[from] item: Leftovers","|upkeep","|turn|23","||adding 10 for new turn","|","|t:|1753080080","|move|p2a: Milotic|Recover|p2a: Milotic","|-heal|p2a: Milotic|393/393","|move|p1a: Metagross|Explosion|p2a: Milotic","|-damage|p2a: Milotic|0 fnt","|faint|p1a: Metagross","|faint|p2a: Milotic","||adding 5 to each for mid turn request","|","|t:|1753080085","|switch|p2a: Tyranitar|Tyranitar, M|387/387","|switch|p1a: Snorlax|Snorlax, M|484/484","|-damage|p1a: Snorlax|424/484|[from] Spikes","|","|-weather|Sandstorm|[upkeep]","|-damage|p1a: Snorlax|394/484|[from] Sandstorm","|-heal|p1a: Snorlax|424/484|[from] item: Leftovers","|upkeep","|turn|24","||adding 10 for new turn","|","|t:|1753080093","|move|p2a: Tyranitar|Rock Slide|p1a: Snorlax","|-damage|p1a: Snorlax|263/484","|move|p1a: Snorlax|Earthquake|p2a: Tyranitar","|-supereffective|p2a: Tyranitar","|-damage|p2a: Tyranitar|222/387","|","|-weather|Sandstorm|[upkeep]","|-damage|p1a: Snorlax|233/484|[from] Sandstorm","|-heal|p2a: Tyranitar|246/387|[from] item: Leftovers","|-heal|p1a: Snorlax|263/484|[from] item: Leftovers","|upkeep","|turn|25","||adding 10 for new turn","|","|t:|1753080103","|move|p2a: Tyranitar|Rock Slide|p1a: Snorlax","|-damage|p1a: Snorlax|84/484","|cant|p1a: Snorlax|flinch","|","|-weather|Sandstorm|[upkeep]","|-damage|p1a: Snorlax|54/484|[from] Sandstorm","|-heal|p2a: Tyranitar|270/387|[from] item: Leftovers","|-heal|p1a: Snorlax|84/484|[from] item: Leftovers","|upkeep","|turn|26","||adding 10 for new turn","|","|t:|1753080112","|move|p2a: Tyranitar|Rock Slide|p1a: Snorlax","|-damage|p1a: Snorlax|0 fnt","|faint|p1a: Snorlax","||adding 5 to each for mid turn request","|","|t:|1753080120","|switch|p1a: Salamence|Salamence, M|331/331","|-ability|p1a: Salamence|Intimidate|boost","|-unboost|p2a: Tyranitar|atk|1","|","|-weather|Sandstorm|[upkeep]","|-damage|p1a: Salamence|311/331|[from] Sandstorm","|-heal|p1a: Salamence|331/331|[from] item: Leftovers","|-heal|p2a: Tyranitar|294/387|[from] item: Leftovers","|upkeep","|turn|27","||adding 10 for new turn","|","|t:|1753080128","|switch|p2a: Blissey|Blissey, F|642/661","|move|p1a: Salamence|Earthquake|p2a: Blissey","|-damage|p2a: Blissey|410/661","|","|-weather|Sandstorm|[upkeep]","|-damage|p1a: Salamence|311/331|[from] Sandstorm","|-damage|p2a: Blissey|369/661|[from] Sandstorm","|-heal|p1a: Salamence|331/331|[from] item: Leftovers","|-heal|p2a: Blissey|410/661|[from] item: Leftovers","|upkeep","|turn|28","||adding 10 for new turn","|","|t:|1753080136","|switch|p1a: Suicune|Suicune|404/404 slp","|-damage|p1a: Suicune|354/404 slp|[from] Spikes","|-ability|p1a: Suicune|Pressure|[silent]","|move|p2a: Blissey|Ice Beam|p1a: Suicune","|-resisted|p1a: Suicune","|-crit|p1a: Suicune","|-damage|p1a: Suicune|293/404 slp","|","|-weather|Sandstorm|[upkeep]","|-damage|p1a: Suicune|268/404 slp|[from] Sandstorm","|-damage|p2a: Blissey|369/661|[from] Sandstorm","|-heal|p1a: Suicune|293/404 slp|[from] item: Leftovers","|-heal|p2a: Blissey|410/661|[from] item: Leftovers","|upkeep","|turn|29","||adding 10 for new turn","|","|t:|1753080141","|cant|p1a: Suicune|slp","|move|p2a: Blissey|Seismic Toss|p1a: Suicune","|-damage|p1a: Suicune|193/404 slp","|","|-weather|Sandstorm|[upkeep]","|-damage|p1a: Suicune|168/404 slp|[from] Sandstorm","|-damage|p2a: Blissey|369/661|[from] Sandstorm","|-heal|p1a: Suicune|193/404 slp|[from] item: Leftovers","|-heal|p2a: Blissey|410/661|[from] item: Leftovers","|upkeep","|turn|30","||adding 10 for new turn","|","|t:|1753080146","|cant|p1a: Suicune|slp","|move|p2a: Blissey|Seismic Toss|p1a: Suicune","|-damage|p1a: Suicune|93/404 slp","|","|-weather|Sandstorm|[upkeep]","|-damage|p1a: Suicune|68/404 slp|[from] Sandstorm","|-damage|p2a: Blissey|369/661|[from] Sandstorm","|-heal|p1a: Suicune|93/404 slp|[from] item: Leftovers","|-heal|p2a: Blissey|410/661|[from] item: Leftovers","|upkeep","|turn|31","||adding 10 for new turn","|","|t:|1753080151","|-curestatus|p1a: Suicune|slp|[msg]","|move|p1a: Suicune|Rest|p1a: Suicune","|-status|p1a: Suicune|slp|[from] move: Rest","|-heal|p1a: Suicune|404/404 slp|[silent]","|move|p2a: Blissey|Seismic Toss|p1a: Suicune","|-damage|p1a: Suicune|304/404 slp","|","|-weather|Sandstorm|[upkeep]","|-damage|p1a: Suicune|279/404 slp|[from] Sandstorm","|-damage|p2a: Blissey|369/661|[from] Sandstorm","|-heal|p1a: Suicune|304/404 slp|[from] item: Leftovers","|-heal|p2a: Blissey|410/661|[from] item: Leftovers","|upkeep","|turn|32","||adding 10 for new turn","|","|t:|1753080155","|cant|p1a: Suicune|slp","|move|p2a: Blissey|Seismic Toss|p1a: Suicune","|-damage|p1a: Suicune|204/404 slp","|","|-weather|Sandstorm|[upkeep]","|-damage|p1a: Suicune|179/404 slp|[from] Sandstorm","|-damage|p2a: Blissey|369/661|[from] Sandstorm","|-heal|p1a: Suicune|204/404 slp|[from] item: Leftovers","|-heal|p2a: Blissey|410/661|[from] item: Leftovers","|upkeep","|turn|33","||adding 10 for new turn","|","|t:|1753080160","|cant|p1a: Suicune|slp","|move|p2a: Blissey|Seismic Toss|p1a: Suicune","|-damage|p1a: Suicune|104/404 slp","|","|-weather|Sandstorm|[upkeep]","|-damage|p1a: Suicune|79/404 slp|[from] Sandstorm","|-damage|p2a: Blissey|369/661|[from] Sandstorm","|-heal|p1a: Suicune|104/404 slp|[from] item: Leftovers","|-heal|p2a: Blissey|410/661|[from] item: Leftovers","|upkeep","|turn|34","||adding 10 for new turn","|","|t:|1753080164","|-curestatus|p1a: Suicune|slp|[msg]","|move|p1a: Suicune|Rest|p1a: Suicune","|-status|p1a: Suicune|slp|[from] move: Rest","|-heal|p1a: Suicune|404/404 slp|[silent]","|move|p2a: Blissey|Seismic Toss|p1a: Suicune","|-damage|p1a: Suicune|304/404 slp","|","|-weather|Sandstorm|[upkeep]","|-damage|p1a: Suicune|279/404 slp|[from] Sandstorm","|-damage|p2a: Blissey|369/661|[from] Sandstorm","|-heal|p1a: Suicune|304/404 slp|[from] item: Leftovers","|-heal|p2a: Blissey|410/661|[from] item: Leftovers","|upkeep","|turn|35","||adding 10 for new turn","|","|t:|1753080169","|cant|p1a: Suicune|slp","|move|p2a: Blissey|Seismic Toss|p1a: Suicune","|-damage|p1a: Suicune|204/404 slp","|","|-weather|Sandstorm|[upkeep]","|-damage|p1a: Suicune|179/404 slp|[from] Sandstorm","|-damage|p2a: Blissey|369/661|[from] Sandstorm","|-heal|p1a: Suicune|204/404 slp|[from] item: Leftovers","|-heal|p2a: Blissey|410/661|[from] item: Leftovers","|upkeep","|turn|36","||adding 10 for new turn","|","|t:|1753080174","|cant|p1a: Suicune|slp","|move|p2a: Blissey|Seismic Toss|p1a: Suicune","|-damage|p1a: Suicune|104/404 slp","|","|-weather|Sandstorm|[upkeep]","|-damage|p1a: Suicune|79/404 slp|[from] Sandstorm","|-damage|p2a: Blissey|369/661|[from] Sandstorm","|-heal|p1a: Suicune|104/404 slp|[from] item: Leftovers","|-heal|p2a: Blissey|410/661|[from] item: Leftovers","|upkeep","|turn|37","||adding 10 for new turn","|","|t:|1753080178","|-curestatus|p1a: Suicune|slp|[msg]","|move|p1a: Suicune|Rest|p1a: Suicune","|-status|p1a: Suicune|slp|[from] move: Rest","|-heal|p1a: Suicune|404/404 slp|[silent]","|move|p2a: Blissey|Seismic Toss|p1a: Suicune","|-damage|p1a: Suicune|304/404 slp","|","|-weather|Sandstorm|[upkeep]","|-damage|p1a: Suicune|279/404 slp|[from] Sandstorm","|-damage|p2a: Blissey|369/661|[from] Sandstorm","|-heal|p1a: Suicune|304/404 slp|[from] item: Leftovers","|-heal|p2a: Blissey|410/661|[from] item: Leftovers","|upkeep","|turn|38","||adding 10 for new turn","|","|t:|1753080183","|cant|p1a: Suicune|slp","|move|p2a: Blissey|Seismic Toss|p1a: Suicune","|-damage|p1a: Suicune|204/404 slp","|","|-weather|Sandstorm|[upkeep]","|-damage|p1a: Suicune|179/404 slp|[from] Sandstorm","|-damage|p2a: Blissey|369/661|[from] Sandstorm","|-heal|p1a: Suicune|204/404 slp|[from] item: Leftovers","|-heal|p2a: Blissey|410/661|[from] item: Leftovers","|upkeep","|turn|39","||adding 10 for new turn","|","|t:|1753080187","|cant|p1a: Suicune|slp","|move|p2a: Blissey|Seismic Toss|p1a: Suicune","|-damage|p1a: Suicune|104/404 slp","|","|-weather|Sandstorm|[upkeep]","|-damage|p1a: Suicune|79/404 slp|[from] Sandstorm","|-damage|p2a: Blissey|369/661|[from] Sandstorm","|-heal|p1a: Suicune|104/404 slp|[from] item: Leftovers","|-heal|p2a: Blissey|410/661|[from] item: Leftovers","|upkeep","|turn|40","||adding 10 for new turn","|","|t:|1753080192","|-curestatus|p1a: Suicune|slp|[msg]","|move|p1a: Suicune|Rest|p1a: Suicune","|-status|p1a: Suicune|slp|[from] move: Rest","|-heal|p1a: Suicune|404/404 slp|[silent]","|move|p2a: Blissey|Seismic Toss|p1a: Suicune","|-damage|p1a: Suicune|304/404 slp","|","|-weather|Sandstorm|[upkeep]","|-damage|p1a: Suicune|279/404 slp|[from] Sandstorm","|-damage|p2a: Blissey|369/661|[from] Sandstorm","|-heal|p1a: Suicune|304/404 slp|[from] item: Leftovers","|-heal|p2a: Blissey|410/661|[from] item: Leftovers","|upkeep","|turn|41","||adding 10 for new turn","|","|t:|1753080197","|cant|p1a: Suicune|slp","|move|p2a: Blissey|Seismic Toss|p1a: Suicune","|-damage|p1a: Suicune|204/404 slp","|","|-weather|Sandstorm|[upkeep]","|-damage|p1a: Suicune|179/404 slp|[from] Sandstorm","|-damage|p2a: Blissey|369/661|[from] Sandstorm","|-heal|p1a: Suicune|204/404 slp|[from] item: Leftovers","|-heal|p2a: Blissey|410/661|[from] item: Leftovers","|upkeep","|turn|42","||adding 10 for new turn","|","|t:|1753080201","|cant|p1a: Suicune|slp","|move|p2a: Blissey|Soft-Boiled|p2a: Blissey","|-heal|p2a: Blissey|661/661","|","|-weather|Sandstorm|[upkeep]","|-damage|p1a: Suicune|179/404 slp|[from] Sandstorm","|-damage|p2a: Blissey|620/661|[from] Sandstorm","|-heal|p1a: Suicune|204/404 slp|[from] item: Leftovers","|-heal|p2a: Blissey|661/661|[from] item: Leftovers","|upkeep","|turn|43","||adding 10 for new turn","|","|t:|1753080205","|-curestatus|p1a: Suicune|slp|[msg]","|move|p1a: Suicune|Calm Mind|p1a: Suicune","|-boost|p1a: Suicune|spa|1","|-boost|p1a: Suicune|spd|1","|move|p2a: Blissey|Seismic Toss|p1a: Suicune","|-damage|p1a: Suicune|104/404","|","|-weather|Sandstorm|[upkeep]","|-damage|p1a: Suicune|79/404|[from] Sandstorm","|-damage|p2a: Blissey|620/661|[from] Sandstorm","|-heal|p1a: Suicune|104/404|[from] item: Leftovers","|-heal|p2a: Blissey|661/661|[from] item: Leftovers","|upkeep","|turn|44","||adding 10 for new turn","|","|t:|1753080210","|switch|p2a: Tyranitar|Tyranitar, M|294/387","|move|p1a: Suicune|Rest|p1a: Suicune","|-status|p1a: Suicune|slp|[from] move: Rest","|-heal|p1a: Suicune|404/404 slp|[silent]","|","|-weather|Sandstorm|[upkeep]","|-damage|p1a: Suicune|379/404 slp|[from] Sandstorm","|-heal|p1a: Suicune|404/404 slp|[from] item: Leftovers","|-heal|p2a: Tyranitar|318/387|[from] item: Leftovers","|upkeep","|turn|45","||adding 10 for new turn","|","|t:|1753080217","|cant|p1a: Suicune|slp","|move|p2a: Tyranitar|Rock Slide|p1a: Suicune","|-damage|p1a: Suicune|281/404 slp","|","|-weather|Sandstorm|[upkeep]","|-damage|p1a: Suicune|256/404 slp|[from] Sandstorm","|-heal|p1a: Suicune|281/404 slp|[from] item: Leftovers","|-heal|p2a: Tyranitar|342/387|[from] item: Leftovers","|upkeep","|turn|46","||adding 10 for new turn","|","|t:|1753080225","|cant|p1a: Suicune|slp","|move|p2a: Tyranitar|Roar|p1a: Suicune","|drag|p1a: Magneton|Magneton|242/242","|-damage|p1a: Magneton|212/242|[from] Spikes","|","|-weather|Sandstorm|[upkeep]","|-heal|p2a: Tyranitar|366/387|[from] item: Leftovers","|upkeep","|turn|47","||adding 10 for new turn","|","|t:|1753080233","|switch|p1a: Suicune|Suicune|281/404 slp","|-damage|p1a: Suicune|231/404 slp|[from] Spikes","|-ability|p1a: Suicune|Pressure|[silent]","|move|p2a: Tyranitar|Earthquake|p1a: Suicune","|-damage|p1a: Suicune|124/404 slp","|","|-weather|Sandstorm|[upkeep]","|-damage|p1a: Suicune|99/404 slp|[from] Sandstorm","|-heal|p1a: Suicune|124/404 slp|[from] item: Leftovers","|-heal|p2a: Tyranitar|387/387|[from] item: Leftovers","|upkeep","|turn|48","||adding 10 for new turn","|","|t:|1753080238","|-curestatus|p1a: Suicune|slp|[msg]","|move|p1a: Suicune|Surf|p2a: Tyranitar","|-supereffective|p2a: Tyranitar","|-damage|p2a: Tyranitar|150/387","|move|p2a: Tyranitar|Earthquake|p1a: Suicune","|-damage|p1a: Suicune|18/404","|","|-weather|Sandstorm|[upkeep]","|-damage|p1a: Suicune|0 fnt|[from] Sandstorm","|faint|p1a: Suicune","|-heal|p2a: Tyranitar|174/387|[from] item: Leftovers","|upkeep","||adding 5 to each for mid turn request","|","|t:|1753080242","|switch|p1a: Salamence|Salamence, M|331/331","|-ability|p1a: Salamence|Intimidate|boost","|-unboost|p2a: Tyranitar|atk|1","|turn|49","||adding 10 for new turn","|","|t:|1753080250","|switch|p2a: Blissey|Blissey, F|661/661","|move|p1a: Salamence|Earthquake|p2a: Blissey","|-damage|p2a: Blissey|444/661","|","|-weather|Sandstorm|[upkeep]","|-damage|p1a: Salamence|311/331|[from] Sandstorm","|-damage|p2a: Blissey|403/661|[from] Sandstorm","|-heal|p1a: Salamence|331/331|[from] item: Leftovers","|-heal|p2a: Blissey|444/661|[from] item: Leftovers","|upkeep","|turn|50","||adding 10 for new turn","|","|t:|1753080258","|switch|p1a: Magneton|Magneton|212/242","|-damage|p1a: Magneton|182/242|[from] Spikes","|move|p2a: Blissey|Ice Beam|p1a: Magneton","|-resisted|p1a: Magneton","|-damage|p1a: Magneton|131/242","|","|-weather|Sandstorm|[upkeep]","|-damage|p2a: Blissey|403/661|[from] Sandstorm","|-heal|p2a: Blissey|444/661|[from] item: Leftovers","|upkeep","|turn|51","||adding 10 for new turn","|","|t:|1753080266","|move|p1a: Magneton|Toxic|p2a: Blissey","|-status|p2a: Blissey|tox","|move|p2a: Blissey|Seismic Toss|p1a: Magneton","|-damage|p1a: Magneton|31/242","|","|-weather|Sandstorm|[upkeep]","|-damage|p2a: Blissey|403/661 tox|[from] Sandstorm","|-heal|p2a: Blissey|444/661 tox|[from] item: Leftovers","|-damage|p2a: Blissey|403/661 tox|[from] psn","|upkeep","|turn|52","||adding 10 for new turn","|","|t:|1753080275","|move|p1a: Magneton|Thunderbolt|p2a: Blissey","|-damage|p2a: Blissey|246/661 tox","|move|p2a: Blissey|Soft-Boiled|p2a: Blissey","|-heal|p2a: Blissey|576/661 tox","|","|-weather|Sandstorm|[upkeep]","|-damage|p2a: Blissey|535/661 tox|[from] Sandstorm","|-heal|p2a: Blissey|576/661 tox|[from] item: Leftovers","|-damage|p2a: Blissey|494/661 tox|[from] psn","|upkeep","|turn|53","||adding 10 for new turn","|","|t:|1753080283","|-curestatus|p2a: Blissey|tox|[from] ability: Natural Cure","|switch|p2a: Tyranitar|Tyranitar, M|174/387","|move|p1a: Magneton|Rain Dance|p1a: Magneton","|-weather|RainDance","|","|-weather|RainDance|[upkeep]","|-heal|p2a: Tyranitar|198/387|[from] item: Leftovers","|upkeep","|turn|54","||adding 10 for new turn","|","|t:|1753080287","|switch|p2a: Blissey|Blissey, F|494/661","|move|p1a: Magneton|Thunderbolt|p2a: Blissey","|-damage|p2a: Blissey|336/661","|","|-weather|RainDance|[upkeep]","|-heal|p2a: Blissey|377/661|[from] item: Leftovers","|upkeep","|turn|55","||adding 10 for new turn","|","|t:|1753080291","|move|p1a: Magneton|Thunderbolt|p2a: Blissey","|-crit|p2a: Blissey","|-damage|p2a: Blissey|92/661","|move|p2a: Blissey|Soft-Boiled|p2a: Blissey","|-heal|p2a: Blissey|422/661","|","|-weather|RainDance|[upkeep]","|-heal|p2a: Blissey|463/661|[from] item: Leftovers","|upkeep","|turn|56","||adding 10 for new turn","|","|t:|1753080296","|move|p1a: Magneton|Thunderbolt|p2a: Blissey","|-damage|p2a: Blissey|305/661","|move|p2a: Blissey|Soft-Boiled|p2a: Blissey","|-heal|p2a: Blissey|635/661","|","|-weather|RainDance|[upkeep]","|-heal|p2a: Blissey|661/661|[from] item: Leftovers","|upkeep","|turn|57","||adding 10 for new turn","|","|t:|1753080300","|move|p1a: Magneton|Thunderbolt|p2a: Blissey","|-damage|p2a: Blissey|504/661","|move|p2a: Blissey|Ice Beam|p1a: Magneton","|-resisted|p1a: Magneton","|-damage|p1a: Magneton|0 fnt","|faint|p1a: Magneton","||adding 5 to each for mid turn request","|","|t:|1753080304","|switch|p1a: Salamence|Salamence, M|331/331","|-ability|p1a: Salamence|Intimidate|boost","|-unboost|p2a: Blissey|atk|1","|","|-weather|none","|-heal|p2a: Blissey|545/661|[from] item: Leftovers","|upkeep","|turn|58","||adding 10 for new turn","|","|t:|1753080311","|move|p1a: Salamence|Rock Slide|p2a: Blissey","|-damage|p2a: Blissey|382/661","|cant|p2a: Blissey|flinch","|","|-heal|p2a: Blissey|423/661|[from] item: Leftovers","|upkeep","|turn|59","||adding 10 for new turn","|","|t:|1753080319","|move|p1a: Salamence|Rock Slide|p2a: Blissey","|-damage|p2a: Blissey|260/661","|move|p2a: Blissey|Ice Beam|p1a: Salamence","|-supereffective|p1a: Salamence","|-damage|p1a: Salamence|6/331","|","|-heal|p1a: Salamence|26/331|[from] item: Leftovers","|-heal|p2a: Blissey|301/661|[from] item: Leftovers","|upkeep","|turn|60","||adding 10 for new turn","|","|t:|1753080326","|move|p1a: Salamence|Rock Slide|p2a: Blissey","|-crit|p2a: Blissey","|-damage|p2a: Blissey|0 fnt","|faint|p2a: Blissey","||adding 5 to each for mid turn request","|","|t:|1753080333","|switch|p2a: Dugtrio|Dugtrio, M|211/211","|","|-heal|p1a: Salamence|46/331|[from] item: Leftovers","|upkeep","|turn|61","||adding 10 for new turn","|","|t:|1753080340","|move|p2a: Dugtrio|Aerial Ace|p1a: Salamence","|-damage|p1a: Salamence|0 fnt","|faint|p1a: Salamence","|","|win|foultestacceptor1",""],"p1rating":null,"p2rating":null,"endType":"normal","ladderError":true,"timestamp":"Sun Jul 20 2025 23:45:40 GMT-0700 (アメリカ太平洋夏時間)","roomid":"battle-gen3ou-1136","format":"gen3ou"}