{"winner":"foultestchallenge1","seed":"sodium,d5513ac0ba8a248c1ac05e0a2542506e","turns":50,"p1":"foultestchallenge1","p2":"foultestacceptor1","p1team":[{"name":"Dugtrio","species":"Dugtrio","item":"Choice Band","ability":"Arena Trap","moves":["Earthquake","Hidden Power Bug","Aerial Ace","Sunny Day"],"nature":"Adamant","evs":{"hp":96,"atk":168,"def":20,"spa":0,"spd":0,"spe":224},"gender":"F","ivs":{"hp":31,"atk":30,"def":30,"spa":31,"spd":30,"spe":31},"happiness":255,"hpType":"Bug","pokeball":"","gigantamax":false,"dynamaxLevel":10,"teraType":"","level":100},{"name":"Forretress","species":"Forretress","item":"Leftovers","ability":"Sturdy","moves":["Spikes","Zap Cannon","Explosion","Hidden Power Bug"],"nature":"Careful","evs":{"hp":252,"atk":0,"def":4,"spa":0,"spd":252,"spe":0},"gender":"F","ivs":{"hp":31,"atk":30,"def":30,"spa":31,"spd":30,"spe":31},"happiness":255,"hpType":"Bug","pokeball":"","gigantamax":false,"dynamaxLevel":10,"teraType":"","level":100},{"name":"Snorlax","species":"Snorlax","item":"Leftovers","ability":"Immunity","moves":["Return","Curse","Rest","Shadow Ball"],"nature":"Careful","evs":{"hp":144,"atk":96,"def":132,"spa":0,"spd":136,"spe":0},"gender":"M","level":100,"ivs":{"hp":31,"atk":31,"def":31,"spa":31,"spd":31,"spe":31}},{"name":"Suicune","species":"Suicune","item":"Leftovers","ability":"Pressure","moves":["Calm Mind","Rest","Ice Beam","Surf"],"nature":"Bold","evs":{"hp":240,"atk":0,"def":252,"spa":0,"spd":0,"spe":16},"gender":"N","ivs":{"hp":31,"atk":0,"def":31,"spa":31,"spd":31,"spe":31},"level":100},{"name":"Claydol","species":"Claydol","item":"Leftovers","ability":"Levitate","moves":["Earthquake","Psychic","Rapid Spin","Rest"],"nature":"Lonely","evs":{"hp":252,"atk":224,"def":0,"spa":24,"spd":0,"spe":8},"gender":"N","level":100,"ivs":{"hp":31,"atk":31,"def":31,"spa":31,"spd":31,"spe":31}},{"name":"Blissey","species":"Blissey","item":"Leftovers","ability":"Natural Cure","moves":["Soft-Boiled","Seismic Toss","Thunder Wave","Aromatherapy"],"nature":"Bold","evs":{"hp":252,"atk":0,"def":252,"spa":0,"spd":0,"spe":4},"gender":"F","ivs":{"hp":31,"atk":0,"def":31,"spa":31,"spd":31,"spe":31},"level":100}],"p2team":[{"name":"Salamence","species":"Salamence","item":"Choice Band","ability":"Intimidate","moves":["Earthquake","Hidden Power Flying","Brick Break","Rock Slide"],"nature":"Adamant","evs":{"hp":120,"atk":252,"def":0,"spa":0,"spd":0,"spe":136},"gender":"F","ivs":{"hp":30,"atk":30,"def":30,"spa":30,"spd":30,"spe":31},"happiness":255,"hpType":"Flying","pokeball":"","gigantamax":false,"dynamaxLevel":10,"teraType":"","level":100},{"name":"Magneton","species":"Magneton","item":"Magnet","ability":"Magnet Pull","moves":["Thunderbolt","Toxic","Hidden Power Fire","Protect"],"nature":"Modest","evs":{"hp":4,"atk":0,"def":0,"spa":252,"spd":0,"spe":252},"gender":"N","ivs":{"hp":31,"atk":2,"def":31,"spa":30,"spd":31,"spe":30},"happiness":255,"hpType":"Fire","pokeball":"","gigantamax":false,"dynamaxLevel":10,"teraType":"","level":100},{"name":"Tyranitar","species":"Tyranitar","item":"Leftovers","ability":"Sand Stream","moves":["Crunch","Pursuit","Hidden Power Grass","Fire Blast"],"nature":"Modest","evs":{"hp":240,"atk":0,"def":0,"spa":188,"spd":48,"spe":32},"gender":"F","ivs":{"hp":31,"atk":2,"def":31,"spa":30,"spd":31,"spe":31},"happiness":255,"hpType":"Grass","pokeball":"","gigantamax":false,"dynamaxLevel":10,"teraType":"","level":100},{"name":"Blissey","species":"Blissey","item":"Leftovers","ability":"Natural Cure","moves":["Seismic Toss","Wish","Protect","Toxic"],"nature":"","evs":{"hp":4,"atk":0,"def":252,"spa":0,"spd":252,"spe":0},"gender":"F","ivs":{"hp":31,"atk":0,"def":31,"spa":31,"spd":31,"spe":31},"level":100},{"name":"Metagross","species":"Metagross","item":"Leftovers","ability":"Clear Body","moves":["Agility","Meteor Mash","Earthquake","Explosion"],"nature":"Adamant","evs":{"hp":168,"atk":252,"def":0,"spa":0,"spd":0,"spe":88},"gender":"N","level":100,"ivs":{"hp":31,"atk":31,"def":31,"spa":31,"spd":31,"spe":31}},{"name":"Swampert","species":"Swampert","item":"Leftovers","ability":"Torrent","moves":["Surf","Ice Beam","Protect","Toxic"],"nature":"Bold","evs":{"hp":252,"atk":0,"def":160,"spa":0,"spd":96,"spe":0},"gender":"F","ivs":{"hp":31,"atk":0,"def":31,"spa":31,"spd":31,"spe":31},"level":100}],"score":[5,0],"inputLog":[">version 372d05e49c92a79eecdf6c8dddb208bd1765c00f",">start {\"formatid\":\"gen3ou\",\"seed\":\"sodium,d5513ac0ba8a248c1ac05e0a2542506e\"}",">player p1 {\"name\":\"foultestchallenge1\",\"avatar\":\"169\",\"team\":\"Dugtrio||ChoiceBand|ArenaTrap|Earthquake,HiddenPowerBug,AerialAce,SunnyDay|Adamant|96,168,20,,,224|F|,30,30,,30,|||,Bug,,,,]Forretress||Leftovers|Sturdy|Spikes,ZapCannon,Explosion,HiddenPowerBug|Careful|252,,4,,252,|F|,30,30,,30,|||,Bug,,,,]Snorlax||Leftovers|Immunity|Return,Curse,Rest,ShadowBall|Careful|144,96,132,,136,|M||||]Suicune||Leftovers|Pressure|CalmMind,Rest,IceBeam,Surf|Bold|240,,252,,,16|N|,0,,,,|||]Claydol||Leftovers|Levitate|Earthquake,Psychic,RapidSpin,Rest|Lonely|252,224,,24,,8|N||||]Blissey||Leftovers|NaturalCure|SoftBoiled,SeismicToss,ThunderWave,Aromatherapy|Bold|252,,252,,,4|F|,0,,,,|||\",\"rating\":0}",">player p2 {\"name\":\"foultestacceptor1\",\"avatar\":\"102\",\"team\":\"Salamence||ChoiceBand|Intimidate|Earthquake,HiddenPowerFlying,BrickBreak,RockSlide|Adamant|120,252,,,,136|F|30,30,30,30,30,|||,Flying,,,,]Magneton||Magnet|MagnetPull|Thunderbolt,Toxic,HiddenPowerFire,Protect|Modest|4,,,252,,252|N|,2,,30,,30|||,Fire,,,,]Tyranitar||Leftovers|SandStream|Crunch,Pursuit,HiddenPowerGrass,FireBlast|Modest|240,,,188,48,32|F|,2,,30,,|||,Grass,,,,]Blissey||Leftovers|NaturalCure|SeismicToss,Wish,Protect,Toxic||4,,252,,252,|F|,0,,,,|||]Metagross||Leftovers|ClearBody|Agility,MeteorMash,Earthquake,Explosion|Adamant|168,252,,,,88|N||||]Swampert||Leftovers|Torrent|Surf,IceBeam,Protect,Toxic|Bold|252,,160,,96,|F|,0,,,,|||\",\"rating\":0}",">p1 switch 4",">p2 move hiddenpower",">p1 move calmmind",">p2 move hiddenpower",">p1 move icebeam",">p2 move hiddenpower",">p2 switch 4",">p1 move rest",">p2 move seismictoss",">p1 move surf",">p2 switch 2",">p1 switch 4",">p2 move thunderbolt",">p1 move earthquake",">p2 move hiddenpower",">p2 switch 5",">p1 move earthquake",">p2 move meteormash",">p1 switch 2",">p1 move hiddenpower",">p2 move explosion",">p2 switch 3",">p1 switch 5",">p2 move fireblast",">p1 move rest",">p2 move pursuit",">p1 switch 6",">p2 move pursuit",">p1 move aromatherapy",">p2 move crunch",">p1 move thunderwave",">p2 move crunch",">p1 move softboiled",">p2 move crunch",">p1 move seismictoss",">p2 move crunch",">p1 move seismictoss",">p2 move crunch",">p1 move seismictoss",">p2 move crunch",">p1 move seismictoss",">p2 move crunch",">p1 move softboiled",">p2 move crunch",">p1 move seismictoss",">p2 switch 2",">p1 move thunderwave",">p2 move wish",">p1 move seismictoss",">p2 switch 2",">p1 move seismictoss",">p2 move crunch",">p1 move seismictoss",">p2 move crunch",">p1 move seismictoss",">p2 move fireblast",">p1 move seismictoss",">p2 switch 2",">p1 move thunderwave",">p2 move wish",">p1 move seismictoss",">p2 move seismictoss",">p1 move seismictoss",">p2 switch 6",">p1 move seismictoss",">p2 move toxic",">p1 move seismictoss",">p2 move surf",">p1 move aromatherapy",">p2 move surf",">p1 move softboiled",">p2 move toxic",">p1 switch 3",">p2 move surf",">p1 move return",">p2 move protect",">p1 move return",">p2 move protect",">p1 move return",">p2 move protect",">p1 move return",">p2 move protect",">p1 move return",">p2 move protect",">p1 move return",">p2 move protect",">p1 move return",">p2 move protect",">p1 move return",">p2 move icebeam",">p2 switch 6",">p1 move curse",">p2 move wish",">p1 move return",">p2 move seismictoss",">p1 move return",">p2 move protect",">p1 move return",">p2 move protect",">p1 move return",">p2 move protect",">p1 move return",">p2 move protect",">p2 switch 2",">p1 move return",">p2 move pursuit"],"log":["|j|☆foultestchallenge1","|j|☆foultestacceptor1","|t:|1753071433","|gametype|singles","|player|p1|foultestchallenge1|169|","|player|p2|foultestacceptor1|102|","|teamsize|p1|6","|teamsize|p2|6","|gen|3","|tier|[Gen 3] OU","|rule|Sleep Clause Mod: Limit one foe put to sleep","|rule|Switch Priority Clause Mod: Faster Pokémon switch first","|rule|Species Clause: Limit one of each Pokémon","|rule|OHKO Clause: OHKO moves are banned","|rule|Evasion Items Clause: Evasion items are banned","|rule|Evasion Moves Clause: Evasion moves are banned","|rule|Endless Battle Clause: Forcing endless battles is banned","|rule|HP Percentage Mod: HP is shown in percentages","|rule|One Boost Passer Clause: Limit one Baton Passer that has a way to boost its stats","|rule|Freeze Clause Mod: Limit one foe frozen","|","|t:|1753071433","|start","|switch|p1a: Dugtrio|Dugtrio, F|235/235","|switch|p2a: Salamence|Salamence, F|360/360","|-ability|p2a: Salamence|Intimidate|boost","|-unboost|p1a: Dugtrio|atk|1","|turn|1","|inactive|Battle timer is ON: inactive players will automatically lose when time's up. (requested by foultestchallenge1)","|inactive|foultestacceptor1 also wants the timer to be on.","|","|t:|1753071442","|switch|p1a: Suicune|Suicune|401/401","|-ability|p1a: Suicune|Pressure|[silent]","|move|p2a: Salamence|Hidden Power|p1a: Suicune","|-damage|p1a: Suicune|263/401","|","|-heal|p1a: Suicune|288/401|[from] item: Leftovers","|upkeep","|turn|2","||adding 10 for new turn","|","|t:|1753071449","|move|p2a: Salamence|Hidden Power|p1a: Suicune","|-damage|p1a: Suicune|153/401","|move|p1a: Suicune|Calm Mind|p1a: Suicune","|-boost|p1a: Suicune|spa|1","|-boost|p1a: Suicune|spd|1","|","|-heal|p1a: Suicune|178/401|[from] item: Leftovers","|upkeep","|turn|3","||adding 10 for new turn","|","|t:|1753071457","|move|p2a: Salamence|Hidden Power|p1a: Suicune","|-damage|p1a: Suicune|36/401","|move|p1a: Suicune|Ice Beam|p2a: Salamence","|-supereffective|p2a: Salamence","|-crit|p2a: Salamence","|-damage|p2a: Salamence|0 fnt","|faint|p2a: Salamence","||adding 5 to each for mid turn request","|","|t:|1753071465","|switch|p2a: Blissey|Blissey, F|652/652","|","|-heal|p1a: Suicune|61/401|[from] item: Leftovers","|upkeep","|turn|4","||adding 10 for new turn","|","|t:|1753071473","|move|p1a: Suicune|Rest|p1a: Suicune","|-status|p1a: Suicune|slp|[from] move: Rest","|-heal|p1a: Suicune|401/401 slp|[silent]","|move|p2a: Blissey|Seismic Toss|p1a: Suicune","|-damage|p1a: Suicune|301/401 slp","|","|-heal|p1a: Suicune|326/401 slp|[from] item: Leftovers","|upkeep","|turn|5","||adding 10 for new turn","|","|t:|1753071481","|switch|p2a: Magneton|Magneton|242/242","|cant|p1a: Suicune|slp","|","|-heal|p1a: Suicune|351/401 slp|[from] item: Leftovers","|upkeep","|turn|6","||adding 10 for new turn","|","|t:|1753071489","|switch|p1a: Dugtrio|Dugtrio, F|235/235","|move|p2a: Magneton|Thunderbolt|p1a: Dugtrio","|-immune|p1a: Dugtrio","|","|upkeep","|turn|7","||adding 10 for new turn","|","|t:|1753071497","|move|p1a: Dugtrio|Earthquake|p2a: Magneton","|-supereffective|p2a: Magneton","|-crit|p2a: Magneton","|-damage|p2a: Magneton|0 fnt","|faint|p2a: Magneton","||adding 5 to each for mid turn request","|","|t:|1753071504","|switch|p2a: Metagross|Metagross|343/343","|","|upkeep","|turn|8","||adding 10 for new turn","|","|t:|1753071512","|move|p1a: Dugtrio|Earthquake|p2a: Metagross","|-supereffective|p2a: Metagross","|-damage|p2a: Metagross|21/343","|move|p2a: Metagross|Meteor Mash|p1a: Dugtrio","|-damage|p1a: Dugtrio|0 fnt","|faint|p1a: Dugtrio","||adding 5 to each for mid turn request","|","|t:|1753071521","|switch|p1a: Forretress|Forretress, F|354/354","|","|-heal|p2a: Metagross|42/343|[from] item: Leftovers","|upkeep","|turn|9","||adding 10 for new turn","|","|t:|1753071529","|move|p2a: Metagross|Explosion|p1a: Forretress","|-resisted|p1a: Forretress","|-damage|p1a: Forretress|103/354","|faint|p2a: Metagross","||adding 5 to each for mid turn request","|","|t:|1753071536","|switch|p2a: Tyranitar|Tyranitar, F|401/401","|-weather|Sandstorm|[from] ability: Sand Stream|[of] p2a: Tyranitar","|","|-weather|Sandstorm|[upkeep]","|-heal|p1a: Forretress|125/354|[from] item: Leftovers","|upkeep","|turn|10","||adding 10 for new turn","|","|t:|1753071544","|switch|p1a: Claydol|Claydol|324/324","|move|p2a: Tyranitar|Fire Blast|p1a: Claydol","|-damage|p1a: Claydol|228/324","|-status|p1a: Claydol|brn","|","|-weather|Sandstorm|[upkeep]","|-heal|p1a: Claydol|248/324 brn|[from] item: Leftovers","|-damage|p1a: Claydol|208/324 brn|[from] brn","|upkeep","|turn|11","||adding 10 for new turn","|","|t:|1753071553","|move|p1a: Claydol|Rest|p1a: Claydol","|-status|p1a: Claydol|slp|[from] move: Rest","|-heal|p1a: Claydol|324/324 slp|[silent]","|move|p2a: Tyranitar|Pursuit|p1a: Claydol","|-supereffective|p1a: Claydol","|-damage|p1a: Claydol|220/324 slp","|","|-weather|Sandstorm|[upkeep]","|-heal|p1a: Claydol|240/324 slp|[from] item: Leftovers","|upkeep","|turn|12","||adding 10 for new turn","|","|t:|1753071560","|-activate|p1a: Claydol|move: Pursuit","|move|p2a: Tyranitar|Pursuit|p1a: Claydol|[from]Pursuit","|-supereffective|p1a: Claydol","|-damage|p1a: Claydol|45/324 slp","|switch|p1a: Blissey|Blissey, F|714/714","|","|-weather|Sandstorm|[upkeep]","|-damage|p1a: Blissey|670/714|[from] Sandstorm","|-heal|p1a: Blissey|714/714|[from] item: Leftovers","|upkeep","|turn|13","||adding 10 for new turn","|","|t:|1753071568","|move|p2a: Tyranitar|Crunch|p1a: Blissey","|-damage|p1a: Blissey|624/714","|move|p1a: Blissey|Aromatherapy|p1a: Blissey","|-cureteam|p1a: Blissey|[from] move: Aromatherapy","|","|-weather|Sandstorm|[upkeep]","|-damage|p1a: Blissey|580/714|[from] Sandstorm","|-heal|p1a: Blissey|624/714|[from] item: Leftovers","|upkeep","|turn|14","||adding 10 for new turn","|","|t:|1753071577","|move|p2a: Tyranitar|Crunch|p1a: Blissey","|-damage|p1a: Blissey|531/714","|move|p1a: Blissey|Thunder Wave|p2a: Tyranitar","|-status|p2a: Tyranitar|par","|","|-weather|Sandstorm|[upkeep]","|-damage|p1a: Blissey|487/714|[from] Sandstorm","|-heal|p1a: Blissey|531/714|[from] item: Leftovers","|upkeep","|turn|15","||adding 10 for new turn","|","|t:|1753071585","|move|p1a: Blissey|Soft-Boiled|p1a: Blissey","|-heal|p1a: Blissey|714/714","|move|p2a: Tyranitar|Crunch|p1a: Blissey","|-damage|p1a: Blissey|625/714","|","|-weather|Sandstorm|[upkeep]","|-damage|p1a: Blissey|581/714|[from] Sandstorm","|-heal|p1a: Blissey|625/714|[from] item: Leftovers","|upkeep","|turn|16","||adding 10 for new turn","|","|t:|1753071590","|move|p1a: Blissey|Seismic Toss|p2a: Tyranitar","|-damage|p2a: Tyranitar|301/401 par","|move|p2a: Tyranitar|Crunch|p1a: Blissey","|-damage|p1a: Blissey|537/714","|","|-weather|Sandstorm|[upkeep]","|-damage|p1a: Blissey|493/714|[from] Sandstorm","|-heal|p1a: Blissey|537/714|[from] item: Leftovers","|-heal|p2a: Tyranitar|326/401 par|[from] item: Leftovers","|upkeep","|turn|17","||adding 10 for new turn","|","|t:|1753071595","|move|p1a: Blissey|Seismic Toss|p2a: Tyranitar","|-damage|p2a: Tyranitar|226/401 par","|cant|p2a: Tyranitar|par","|","|-weather|Sandstorm|[upkeep]","|-damage|p1a: Blissey|493/714|[from] Sandstorm","|-heal|p1a: Blissey|537/714|[from] item: Leftovers","|-heal|p2a: Tyranitar|251/401 par|[from] item: Leftovers","|upkeep","|turn|18","||adding 10 for new turn","|","|t:|1753071600","|move|p1a: Blissey|Seismic Toss|p2a: Tyranitar","|-damage|p2a: Tyranitar|151/401 par","|move|p2a: Tyranitar|Crunch|p1a: Blissey","|-damage|p1a: Blissey|443/714","|","|-weather|Sandstorm|[upkeep]","|-damage|p1a: Blissey|399/714|[from] Sandstorm","|-heal|p1a: Blissey|443/714|[from] item: Leftovers","|-heal|p2a: Tyranitar|176/401 par|[from] item: Leftovers","|upkeep","|turn|19","||adding 10 for new turn","|","|t:|1753071605","|move|p1a: Blissey|Seismic Toss|p2a: Tyranitar","|-damage|p2a: Tyranitar|76/401 par","|move|p2a: Tyranitar|Crunch|p1a: Blissey","|-damage|p1a: Blissey|353/714","|","|-weather|Sandstorm|[upkeep]","|-damage|p1a: Blissey|309/714|[from] Sandstorm","|-heal|p1a: Blissey|353/714|[from] item: Leftovers","|-heal|p2a: Tyranitar|101/401 par|[from] item: Leftovers","|upkeep","|turn|20","||adding 10 for new turn","|","|t:|1753071611","|move|p1a: Blissey|Soft-Boiled|p1a: Blissey","|-heal|p1a: Blissey|710/714","|cant|p2a: Tyranitar|par","|","|-weather|Sandstorm|[upkeep]","|-damage|p1a: Blissey|666/714|[from] Sandstorm","|-heal|p1a: Blissey|710/714|[from] item: Leftovers","|-heal|p2a: Tyranitar|126/401 par|[from] item: Leftovers","|upkeep","|turn|21","||adding 10 for new turn","|","|t:|1753071615","|switch|p2a: Blissey|Blissey, F|652/652","|move|p1a: Blissey|Seismic Toss|p2a: Blissey","|-damage|p2a: Blissey|552/652","|","|-weather|Sandstorm|[upkeep]","|-damage|p1a: Blissey|666/714|[from] Sandstorm","|-damage|p2a: Blissey|512/652|[from] Sandstorm","|-heal|p1a: Blissey|710/714|[from] item: Leftovers","|-heal|p2a: Blissey|552/652|[from] item: Leftovers","|upkeep","|turn|22","||adding 10 for new turn","|","|t:|1753071623","|move|p1a: Blissey|Thunder Wave|p2a: Blissey","|-status|p2a: Blissey|par","|move|p2a: Blissey|Wish|p2a: Blissey","|","|-weather|Sandstorm|[upkeep]","|-damage|p1a: Blissey|666/714|[from] Sandstorm","|-damage|p2a: Blissey|512/652 par|[from] Sandstorm","|-heal|p1a: Blissey|710/714|[from] item: Leftovers","|-heal|p2a: Blissey|552/652 par|[from] item: Leftovers","|upkeep","|turn|23","||adding 10 for new turn","|","|t:|1753071631","|-curestatus|p2a: Blissey|par|[from] ability: Natural Cure","|switch|p2a: Tyranitar|Tyranitar, F|126/401 par","|move|p1a: Blissey|Seismic Toss|p2a: Tyranitar","|-damage|p2a: Tyranitar|26/401 par","|","|-heal|p2a: Tyranitar|226/401 par|[from] move: Wish|[wisher] Blissey","|-weather|Sandstorm|[upkeep]","|-damage|p1a: Blissey|666/714|[from] Sandstorm","|-heal|p1a: Blissey|710/714|[from] item: Leftovers","|-heal|p2a: Tyranitar|251/401 par|[from] item: Leftovers","|upkeep","|turn|24","||adding 10 for new turn","|","|t:|1753071636","|move|p1a: Blissey|Seismic Toss|p2a: Tyranitar","|-damage|p2a: Tyranitar|151/401 par","|cant|p2a: Tyranitar|par","|","|-weather|Sandstorm|[upkeep]","|-damage|p1a: Blissey|666/714|[from] Sandstorm","|-heal|p1a: Blissey|710/714|[from] item: Leftovers","|-heal|p2a: Tyranitar|176/401 par|[from] item: Leftovers","|upkeep","|turn|25","||adding 10 for new turn","|","|t:|1753071640","|move|p1a: Blissey|Seismic Toss|p2a: Tyranitar","|-damage|p2a: Tyranitar|76/401 par","|move|p2a: Tyranitar|Crunch|p1a: Blissey","|-damage|p1a: Blissey|624/714","|","|-weather|Sandstorm|[upkeep]","|-damage|p1a: Blissey|580/714|[from] Sandstorm","|-heal|p1a: Blissey|624/714|[from] item: Leftovers","|-heal|p2a: Tyranitar|101/401 par|[from] item: Leftovers","|upkeep","|turn|26","||adding 10 for new turn","|","|t:|1753071646","|move|p1a: Blissey|Seismic Toss|p2a: Tyranitar","|-damage|p2a: Tyranitar|1/401 par","|cant|p2a: Tyranitar|par","|","|-weather|Sandstorm|[upkeep]","|-damage|p1a: Blissey|580/714|[from] Sandstorm","|-heal|p1a: Blissey|624/714|[from] item: Leftovers","|-heal|p2a: Tyranitar|26/401 par|[from] item: Leftovers","|upkeep","|turn|27","||adding 10 for new turn","|","|t:|1753071650","|switch|p2a: Blissey|Blissey, F|552/652","|move|p1a: Blissey|Seismic Toss|p2a: Blissey","|-damage|p2a: Blissey|452/652","|","|-weather|Sandstorm|[upkeep]","|-damage|p1a: Blissey|580/714|[from] Sandstorm","|-damage|p2a: Blissey|412/652|[from] Sandstorm","|-heal|p1a: Blissey|624/714|[from] item: Leftovers","|-heal|p2a: Blissey|452/652|[from] item: Leftovers","|upkeep","|turn|28","||adding 10 for new turn","|","|t:|1753071659","|move|p1a: Blissey|Thunder Wave|p2a: Blissey","|-status|p2a: Blissey|par","|move|p2a: Blissey|Wish|p2a: Blissey","|","|-weather|Sandstorm|[upkeep]","|-damage|p1a: Blissey|580/714|[from] Sandstorm","|-damage|p2a: Blissey|412/652 par|[from] Sandstorm","|-heal|p1a: Blissey|624/714|[from] item: Leftovers","|-heal|p2a: Blissey|452/652 par|[from] item: Leftovers","|upkeep","|turn|29","||adding 10 for new turn","|","|t:|1753071666","|move|p1a: Blissey|Seismic Toss|p2a: Blissey","|-damage|p2a: Blissey|352/652 par","|cant|p2a: Blissey|par","|","|-heal|p2a: Blissey|652/652 par|[from] move: Wish|[wisher] Blissey","|-weather|Sandstorm|[upkeep]","|-damage|p1a: Blissey|580/714|[from] Sandstorm","|-damage|p2a: Blissey|612/652 par|[from] Sandstorm","|-heal|p1a: Blissey|624/714|[from] item: Leftovers","|-heal|p2a: Blissey|652/652 par|[from] item: Leftovers","|upkeep","|turn|30","||adding 10 for new turn","|","|t:|1753071675","|-curestatus|p2a: Blissey|par|[from] ability: Natural Cure","|switch|p2a: Swampert|Swampert, F|404/404","|move|p1a: Blissey|Seismic Toss|p2a: Swampert","|-damage|p2a: Swampert|304/404","|","|-weather|Sandstorm|[upkeep]","|-damage|p1a: Blissey|580/714|[from] Sandstorm","|-heal|p2a: Swampert|329/404|[from] item: Leftovers","|-heal|p1a: Blissey|624/714|[from] item: Leftovers","|upkeep","|turn|31","||adding 10 for new turn","|","|t:|1753071683","|move|p2a: Swampert|Toxic|p1a: Blissey","|-status|p1a: Blissey|tox","|move|p1a: Blissey|Seismic Toss|p2a: Swampert","|-damage|p2a: Swampert|229/404","|","|-weather|Sandstorm|[upkeep]","|-damage|p1a: Blissey|580/714 tox|[from] Sandstorm","|-heal|p2a: Swampert|254/404|[from] item: Leftovers","|-heal|p1a: Blissey|624/714 tox|[from] item: Leftovers","|-damage|p1a: Blissey|580/714 tox|[from] psn","|upkeep","|turn|32","||adding 10 for new turn","|","|t:|1753071691","|move|p2a: Swampert|Surf|p1a: Blissey","|-damage|p1a: Blissey|511/714 tox","|move|p1a: Blissey|Seismic Toss|p2a: Swampert","|-damage|p2a: Swampert|154/404","|","|-weather|Sandstorm|[upkeep]","|-damage|p1a: Blissey|467/714 tox|[from] Sandstorm","|-heal|p2a: Swampert|179/404|[from] item: Leftovers","|-heal|p1a: Blissey|511/714 tox|[from] item: Leftovers","|-damage|p1a: Blissey|423/714 tox|[from] psn","|upkeep","|turn|33","||adding 10 for new turn","|","|t:|1753071699","|move|p2a: Swampert|Surf|p1a: Blissey","|-damage|p1a: Blissey|353/714 tox","|move|p1a: Blissey|Aromatherapy|p1a: Blissey","|-cureteam|p1a: Blissey|[from] move: Aromatherapy","|","|-weather|Sandstorm|[upkeep]","|-damage|p1a: Blissey|309/714|[from] Sandstorm","|-heal|p2a: Swampert|204/404|[from] item: Leftovers","|-heal|p1a: Blissey|353/714|[from] item: Leftovers","|upkeep","|turn|34","||adding 10 for new turn","|","|t:|1753071707","|move|p2a: Swampert|Toxic|p1a: Blissey","|-status|p1a: Blissey|tox","|move|p1a: Blissey|Soft-Boiled|p1a: Blissey","|-heal|p1a: Blissey|710/714 tox","|","|-weather|Sandstorm|[upkeep]","|-damage|p1a: Blissey|666/714 tox|[from] Sandstorm","|-heal|p2a: Swampert|229/404|[from] item: Leftovers","|-heal|p1a: Blissey|710/714 tox|[from] item: Leftovers","|-damage|p1a: Blissey|666/714 tox|[from] psn","|upkeep","|turn|35","||adding 10 for new turn","|","|t:|1753071715","|-curestatus|p1a: Blissey|tox|[from] ability: Natural Cure","|switch|p1a: Snorlax|Snorlax, M|497/497","|move|p2a: Swampert|Surf|p1a: Snorlax","|-damage|p1a: Snorlax|428/497","|","|-weather|Sandstorm|[upkeep]","|-damage|p1a: Snorlax|397/497|[from] Sandstorm","|-heal|p2a: Swampert|254/404|[from] item: Leftovers","|-heal|p1a: Snorlax|428/497|[from] item: Leftovers","|upkeep","|turn|36","||adding 10 for new turn","|","|t:|1753071723","|move|p2a: Swampert|Protect|p2a: Swampert","|-singleturn|p2a: Swampert|Protect","|move|p1a: Snorlax|Return|p2a: Swampert","|-activate|p2a: Swampert|Protect","|","|-weather|Sandstorm|[upkeep]","|-damage|p1a: Snorlax|397/497|[from] Sandstorm","|-heal|p2a: Swampert|279/404|[from] item: Leftovers","|-heal|p1a: Snorlax|428/497|[from] item: Leftovers","|upkeep","|turn|37","||adding 10 for new turn","|","|t:|1753071731","|move|p2a: Swampert|Protect|p2a: Swampert","|-singleturn|p2a: Swampert|Protect","|move|p1a: Snorlax|Return|p2a: Swampert","|-activate|p2a: Swampert|Protect","|","|-weather|Sandstorm|[upkeep]","|-damage|p1a: Snorlax|397/497|[from] Sandstorm","|-heal|p2a: Swampert|304/404|[from] item: Leftovers","|-heal|p1a: Snorlax|428/497|[from] item: Leftovers","|upkeep","|turn|38","||adding 10 for new turn","|","|t:|1753071739","|move|p2a: Swampert|Protect||[still]","|-fail|p2a: Swampert","|move|p1a: Snorlax|Return|p2a: Swampert","|-damage|p2a: Swampert|190/404","|","|-weather|Sandstorm|[upkeep]","|-damage|p1a: Snorlax|397/497|[from] Sandstorm","|-heal|p2a: Swampert|215/404|[from] item: Leftovers","|-heal|p1a: Snorlax|428/497|[from] item: Leftovers","|upkeep","|turn|39","||adding 10 for new turn","|","|t:|1753071746","|move|p2a: Swampert|Protect|p2a: Swampert","|-singleturn|p2a: Swampert|Protect","|move|p1a: Snorlax|Return|p2a: Swampert","|-activate|p2a: Swampert|Protect","|","|-weather|Sandstorm|[upkeep]","|-damage|p1a: Snorlax|397/497|[from] Sandstorm","|-heal|p2a: Swampert|240/404|[from] item: Leftovers","|-heal|p1a: Snorlax|428/497|[from] item: Leftovers","|upkeep","|turn|40","||adding 10 for new turn","|","|t:|1753071754","|move|p2a: Swampert|Protect|p2a: Swampert","|-singleturn|p2a: Swampert|Protect","|move|p1a: Snorlax|Return|p2a: Swampert","|-activate|p2a: Swampert|Protect","|","|-weather|Sandstorm|[upkeep]","|-damage|p1a: Snorlax|397/497|[from] Sandstorm","|-heal|p2a: Swampert|265/404|[from] item: Leftovers","|-heal|p1a: Snorlax|428/497|[from] item: Leftovers","|upkeep","|turn|41","||adding 10 for new turn","|","|t:|1753071762","|move|p2a: Swampert|Protect|p2a: Swampert","|-singleturn|p2a: Swampert|Protect","|move|p1a: Snorlax|Return|p2a: Swampert","|-activate|p2a: Swampert|Protect","|","|-weather|Sandstorm|[upkeep]","|-damage|p1a: Snorlax|397/497|[from] Sandstorm","|-heal|p2a: Swampert|290/404|[from] item: Leftovers","|-heal|p1a: Snorlax|428/497|[from] item: Leftovers","|upkeep","|turn|42","||adding 10 for new turn","|","|t:|1753071769","|move|p2a: Swampert|Protect||[still]","|-fail|p2a: Swampert","|move|p1a: Snorlax|Return|p2a: Swampert","|-damage|p2a: Swampert|173/404","|","|-weather|Sandstorm|[upkeep]","|-damage|p1a: Snorlax|397/497|[from] Sandstorm","|-heal|p2a: Swampert|198/404|[from] item: Leftovers","|-heal|p1a: Snorlax|428/497|[from] item: Leftovers","|upkeep","|turn|43","||adding 10 for new turn","|","|t:|1753071777","|move|p2a: Swampert|Ice Beam|p1a: Snorlax","|-damage|p1a: Snorlax|377/497","|move|p1a: Snorlax|Return|p2a: Swampert","|-crit|p2a: Swampert","|-damage|p2a: Swampert|0 fnt","|faint|p2a: Swampert","||adding 5 to each for mid turn request","|","|t:|1753071785","|switch|p2a: Blissey|Blissey, F|652/652","|","|-weather|Sandstorm|[upkeep]","|-damage|p2a: Blissey|612/652|[from] Sandstorm","|-damage|p1a: Snorlax|346/497|[from] Sandstorm","|-heal|p2a: Blissey|652/652|[from] item: Leftovers","|-heal|p1a: Snorlax|377/497|[from] item: Leftovers","|upkeep","|turn|44","||adding 10 for new turn","|","|t:|1753071792","|move|p2a: Blissey|Wish|p2a: Blissey","|move|p1a: Snorlax|Curse|p1a: Snorlax","|-unboost|p1a: Snorlax|spe|1","|-boost|p1a: Snorlax|atk|1","|-boost|p1a: Snorlax|def|1","|","|-weather|Sandstorm|[upkeep]","|-damage|p2a: Blissey|612/652|[from] Sandstorm","|-damage|p1a: Snorlax|346/497|[from] Sandstorm","|-heal|p2a: Blissey|652/652|[from] item: Leftovers","|-heal|p1a: Snorlax|377/497|[from] item: Leftovers","|upkeep","|turn|45","||adding 10 for new turn","|","|t:|1753071800","|move|p2a: Blissey|Seismic Toss|p1a: Snorlax","|-damage|p1a: Snorlax|277/497","|move|p1a: Snorlax|Return|p2a: Blissey","|-damage|p2a: Blissey|251/652","|","|-heal|p2a: Blissey|577/652|[from] move: Wish|[wisher] Blissey","|-weather|Sandstorm|[upkeep]","|-damage|p2a: Blissey|537/652|[from] Sandstorm","|-damage|p1a: Snorlax|246/497|[from] Sandstorm","|-heal|p2a: Blissey|577/652|[from] item: Leftovers","|-heal|p1a: Snorlax|277/497|[from] item: Leftovers","|upkeep","|turn|46","||adding 10 for new turn","|","|t:|1753071808","|move|p2a: Blissey|Protect|p2a: Blissey","|-singleturn|p2a: Blissey|Protect","|move|p1a: Snorlax|Return|p2a: Blissey","|-activate|p2a: Blissey|Protect","|","|-weather|Sandstorm|[upkeep]","|-damage|p2a: Blissey|537/652|[from] Sandstorm","|-damage|p1a: Snorlax|246/497|[from] Sandstorm","|-heal|p2a: Blissey|577/652|[from] item: Leftovers","|-heal|p1a: Snorlax|277/497|[from] item: Leftovers","|upkeep","|turn|47","||adding 10 for new turn","|","|t:|1753071815","|move|p2a: Blissey|Protect||[still]","|-fail|p2a: Blissey","|move|p1a: Snorlax|Return|p2a: Blissey","|-damage|p2a: Blissey|144/652","|","|-weather|Sandstorm|[upkeep]","|-damage|p2a: Blissey|104/652|[from] Sandstorm","|-damage|p1a: Snorlax|246/497|[from] Sandstorm","|-heal|p2a: Blissey|144/652|[from] item: Leftovers","|-heal|p1a: Snorlax|277/497|[from] item: Leftovers","|upkeep","|turn|48","||adding 10 for new turn","|","|t:|1753071822","|move|p2a: Blissey|Protect|p2a: Blissey","|-singleturn|p2a: Blissey|Protect","|move|p1a: Snorlax|Return|p2a: Blissey","|-activate|p2a: Blissey|Protect","|","|-weather|Sandstorm|[upkeep]","|-damage|p2a: Blissey|104/652|[from] Sandstorm","|-damage|p1a: Snorlax|246/497|[from] Sandstorm","|-heal|p2a: Blissey|144/652|[from] item: Leftovers","|-heal|p1a: Snorlax|277/497|[from] item: Leftovers","|upkeep","|turn|49","||adding 10 for new turn","|","|t:|1753071828","|move|p2a: Blissey|Protect||[still]","|-fail|p2a: Blissey","|move|p1a: Snorlax|Return|p2a: Blissey","|-damage|p2a: Blissey|0 fnt","|faint|p2a: Blissey","||adding 5 to each for mid turn request","|","|t:|1753071835","|switch|p2a: Tyranitar|Tyranitar, F|26/401 par","|","|-weather|Sandstorm|[upkeep]","|-damage|p1a: Snorlax|246/497|[from] Sandstorm","|-heal|p1a: Snorlax|277/497|[from] item: Leftovers","|-heal|p2a: Tyranitar|51/401 par|[from] item: Leftovers","|upkeep","|turn|50","||adding 10 for new turn","|","|t:|1753071840","|move|p1a: Snorlax|Return|p2a: Tyranitar","|-resisted|p2a: Tyranitar","|-damage|p2a: Tyranitar|0 fnt","|faint|p2a: Tyranitar","|","|win|foultestchallenge1",""],"p1rating":null,"p2rating":null,"endType":"normal","ladderError":true,"timestamp":"Sun Jul 20 2025 21:24:00 GMT-0700 (アメリカ太平洋夏時間)","roomid":"battle-gen3ou-1114","format":"gen3ou"}