{"winner":"foultestacceptor1","seed":"sodium,4bc314450f8ce599f7d35a91b08af000","turns":107,"p1":"foultestchallenge1","p2":"foultestacceptor1","p1team":[{"name":"Dugtrio","species":"Dugtrio","item":"Choice Band","ability":"Arena Trap","moves":["Earthquake","Hidden Power Bug","Aerial Ace","Sunny Day"],"nature":"Adamant","evs":{"hp":96,"atk":168,"def":20,"spa":0,"spd":0,"spe":224},"gender":"F","ivs":{"hp":31,"atk":30,"def":30,"spa":31,"spd":30,"spe":31},"happiness":255,"hpType":"Bug","pokeball":"","gigantamax":false,"dynamaxLevel":10,"teraType":"","level":100},{"name":"Forretress","species":"Forretress","item":"Leftovers","ability":"Sturdy","moves":["Spikes","Zap Cannon","Explosion","Hidden Power Bug"],"nature":"Careful","evs":{"hp":252,"atk":0,"def":4,"spa":0,"spd":252,"spe":0},"gender":"M","ivs":{"hp":31,"atk":30,"def":30,"spa":31,"spd":30,"spe":31},"happiness":255,"hpType":"Bug","pokeball":"","gigantamax":false,"dynamaxLevel":10,"teraType":"","level":100},{"name":"Snorlax","species":"Snorlax","item":"Leftovers","ability":"Immunity","moves":["Return","Curse","Rest","Shadow Ball"],"nature":"Careful","evs":{"hp":144,"atk":96,"def":132,"spa":0,"spd":136,"spe":0},"gender":"M","level":100,"ivs":{"hp":31,"atk":31,"def":31,"spa":31,"spd":31,"spe":31}},{"name":"Suicune","species":"Suicune","item":"Leftovers","ability":"Pressure","moves":["Calm Mind","Rest","Ice Beam","Surf"],"nature":"Bold","evs":{"hp":240,"atk":0,"def":252,"spa":0,"spd":0,"spe":16},"gender":"N","ivs":{"hp":31,"atk":0,"def":31,"spa":31,"spd":31,"spe":31},"level":100},{"name":"Claydol","species":"Claydol","item":"Leftovers","ability":"Levitate","moves":["Earthquake","Psychic","Rapid Spin","Rest"],"nature":"Lonely","evs":{"hp":252,"atk":224,"def":0,"spa":24,"spd":0,"spe":8},"gender":"N","level":100,"ivs":{"hp":31,"atk":31,"def":31,"spa":31,"spd":31,"spe":31}},{"name":"Blissey","species":"Blissey","item":"Leftovers","ability":"Natural Cure","moves":["Soft-Boiled","Seismic Toss","Thunder Wave","Aromatherapy"],"nature":"Bold","evs":{"hp":252,"atk":0,"def":252,"spa":0,"spd":0,"spe":4},"gender":"F","ivs":{"hp":31,"atk":0,"def":31,"spa":31,"spd":31,"spe":31},"level":100}],"p2team":[{"name":"Skarmory","species":"Skarmory","item":"Leftovers","ability":"Keen Eye","moves":["Spikes","Protect","Roar","Toxic"],"nature":"Careful","evs":{"hp":252,"atk":0,"def":8,"spa":0,"spd":248,"spe":0},"gender":"F","ivs":{"hp":31,"atk":0,"def":31,"spa":31,"spd":31,"spe":31},"level":100},{"name":"Blissey","species":"Blissey","item":"Leftovers","ability":"Natural Cure","moves":["Soft-Boiled","Ice Beam","Toxic","Fire Blast"],"nature":"Modest","evs":{"hp":0,"atk":0,"def":252,"spa":252,"spd":0,"spe":4},"gender":"F","ivs":{"hp":31,"atk":0,"def":31,"spa":31,"spd":31,"spe":31},"shiny":true,"level":100},{"name":"Tyranitar","species":"Tyranitar","item":"Leftovers","ability":"Sand Stream","moves":["Focus Punch","Rock Slide","Hidden Power Bug","Earthquake"],"nature":"Adamant","evs":{"hp":248,"atk":196,"def":12,"spa":0,"spd":52,"spe":0},"gender":"F","ivs":{"hp":31,"atk":30,"def":30,"spa":31,"spd":30,"spe":31},"happiness":255,"hpType":"Bug","pokeball":"","gigantamax":false,"dynamaxLevel":10,"teraType":"","level":100},{"name":"Swampert","species":"Swampert","item":"Leftovers","ability":"Torrent","moves":["Earthquake","Ice Beam","Hydro Pump","Protect"],"nature":"Relaxed","evs":{"hp":240,"atk":0,"def":136,"spa":40,"spd":48,"spe":44},"gender":"F","level":100,"ivs":{"hp":31,"atk":31,"def":31,"spa":31,"spd":31,"spe":31}},{"name":"Gengar","species":"Gengar","item":"Leftovers","ability":"Levitate","moves":["Will-O-Wisp","Thunderbolt","Ice Punch","Explosion"],"nature":"Timid","evs":{"hp":168,"atk":0,"def":0,"spa":0,"spd":164,"spe":176},"gender":"F","level":100,"ivs":{"hp":31,"atk":31,"def":31,"spa":31,"spd":31,"spe":31}},{"name":"Starmie","species":"Starmie","item":"Leftovers","ability":"Natural Cure","moves":["Hydro Pump","Ice Beam","Thunderbolt","Rapid Spin"],"nature":"Timid","evs":{"hp":4,"atk":0,"def":0,"spa":252,"spd":0,"spe":252},"gender":"N","ivs":{"hp":31,"atk":0,"def":31,"spa":31,"spd":31,"spe":31},"level":100}],"score":[0,5],"inputLog":[">version 372d05e49c92a79eecdf6c8dddb208bd1765c00f",">start {\"formatid\":\"gen3ou\",\"seed\":\"sodium,4bc314450f8ce599f7d35a91b08af000\"}",">player p1 {\"name\":\"foultestchallenge1\",\"avatar\":\"169\",\"team\":\"Dugtrio||ChoiceBand|ArenaTrap|Earthquake,HiddenPowerBug,AerialAce,SunnyDay|Adamant|96,168,20,,,224|F|,30,30,,30,|||,Bug,,,,]Forretress||Leftovers|Sturdy|Spikes,ZapCannon,Explosion,HiddenPowerBug|Careful|252,,4,,252,|M|,30,30,,30,|||,Bug,,,,]Snorlax||Leftovers|Immunity|Return,Curse,Rest,ShadowBall|Careful|144,96,132,,136,|M||||]Suicune||Leftovers|Pressure|CalmMind,Rest,IceBeam,Surf|Bold|240,,252,,,16|N|,0,,,,|||]Claydol||Leftovers|Levitate|Earthquake,Psychic,RapidSpin,Rest|Lonely|252,224,,24,,8|N||||]Blissey||Leftovers|NaturalCure|SoftBoiled,SeismicToss,ThunderWave,Aromatherapy|Bold|252,,252,,,4|F|,0,,,,|||\",\"rating\":0}",">player p2 {\"name\":\"foultestacceptor1\",\"avatar\":\"102\",\"team\":\"Skarmory||Leftovers|KeenEye|Spikes,Protect,Roar,Toxic|Careful|252,,8,,248,|F|,0,,,,|||]Blissey||Leftovers|NaturalCure|SoftBoiled,IceBeam,Toxic,FireBlast|Modest|,,252,252,,4|F|,0,,,,|S||]Tyranitar||Leftovers|SandStream|FocusPunch,RockSlide,HiddenPowerBug,Earthquake|Adamant|248,196,12,,52,|F|,30,30,,30,|||,Bug,,,,]Swampert||Leftovers|Torrent|Earthquake,IceBeam,HydroPump,Protect|Relaxed|240,,136,40,48,44|F||||]Gengar||Leftovers|Levitate|WillOWisp,Thunderbolt,IcePunch,Explosion|Timid|168,,,,164,176|F||||]Starmie||Leftovers|NaturalCure|HydroPump,IceBeam,Thunderbolt,RapidSpin|Timid|4,,,252,,252|N|,0,,,,|||\",\"rating\":0}",">p1 switch 2",">p2 move spikes",">p1 move spikes",">p2 switch 5",">p1 switch 6",">p2 move willowisp",">p1 move thunderwave",">p2 switch 3",">p1 move seismictoss",">p2 move focuspunch",">p1 move seismictoss",">p2 move focuspunch",">p1 switch 5",">p2 move focuspunch",">p1 move rapidspin",">p2 move hiddenpower",">p1 move psychic",">p2 switch 5",">p1 move psychic",">p2 move spikes",">p1 move rapidspin",">p2 move toxic",">p1 switch 5",">p2 move spikes",">p1 move aromatherapy",">p2 move spikes",">p1 move thunderwave",">p2 move spikes",">p1 move seismictoss",">p2 switch 3",">p1 move thunderwave",">p2 move willowisp",">p1 switch 5",">p2 move icepunch",">p1 move psychic",">p2 move icepunch",">p1 move psychic",">p2 move icepunch",">p1 switch 4",">p1 move surf",">p2 switch 2",">p1 move calmmind",">p2 move toxic",">p1 move calmmind",">p2 switch 3",">p1 move surf",">p2 move roar",">p1 move spikes",">p2 switch 2",">p1 move spikes",">p2 move willowisp",">p1 switch 5",">p2 move thunderbolt",">p1 move aromatherapy",">p2 switch 6",">p1 move softboiled",">p2 move rapidspin",">p1 move seismictoss",">p2 switch 6",">p1 switch 5",">p2 move willowisp",">p1 move spikes",">p2 move thunderbolt",">p1 move spikes",">p2 move thunderbolt",">p1 move spikes",">p2 move willowisp",">p1 move zapcannon",">p2 move thunderbolt",">p1 move zapcannon",">p2 move thunderbolt",">p1 move explosion",">p2 move thunderbolt",">p1 switch 5",">p1 move thunderwave",">p2 move explosion",">p2 switch 6",">p1 move softboiled",">p2 move rapidspin",">p1 move seismictoss",">p2 switch 5",">p1 move seismictoss",">p2 move focuspunch",">p1 move seismictoss",">p2 move focuspunch",">p1 move seismictoss",">p2 switch 3",">p1 move softboiled",">p2 move softboiled",">p1 move seismictoss",">p2 move toxic",">p1 move aromatherapy",">p2 move softboiled",">p1 move seismictoss",">p2 move toxic",">p1 move aromatherapy",">p2 move softboiled",">p1 move seismictoss",">p2 move toxic",">p1 move seismictoss",">p2 move toxic",">p1 move aromatherapy",">p2 move softboiled",">p1 move seismictoss",">p2 move toxic",">p1 move softboiled",">p2 move toxic",">p1 move thunderwave",">p2 move softboiled",">p1 move seismictoss",">p2 move toxic",">p1 move aromatherapy",">p2 move toxic",">p1 move seismictoss",">p2 move softboiled",">p1 move seismictoss",">p2 move softboiled",">p1 move seismictoss",">p2 move toxic",">p1 move seismictoss",">p2 move softboiled",">p1 move seismictoss",">p2 move toxic",">p1 move aromatherapy",">p2 move toxic",">p1 move seismictoss",">p2 move toxic",">p1 move aromatherapy",">p2 move softboiled",">p1 switch 6",">p2 move toxic",">p1 move rest",">p2 switch 5",">p1 move calmmind",">p2 move thunderbolt",">p1 switch 6",">p2 move thunderbolt",">p1 move softboiled",">p2 switch 5",">p1 move seismictoss",">p2 move toxic",">p1 switch 3",">p2 switch 4",">p1 move curse",">p2 move earthquake",">p1 move return",">p2 switch 2",">p1 move return",">p2 move roar",">p1 switch 3",">p2 switch 5",">p1 move softboiled",">p2 switch 4",">p1 move seismictoss",">p2 move toxic",">p1 switch 3",">p2 move softboiled",">p1 switch 3",">p2 move icebeam",">p1 move softboiled",">p2 move icebeam",">p1 move seismictoss",">p2 move icebeam",">p1 move softboiled",">p2 move icebeam",">p1 switch 3",">p2 switch 3",">p1 switch 3",">p1 move softboiled",">p2 move icebeam",">p1 move thunderwave",">p2 move icebeam",">p1 move seismictoss",">p2 move softboiled",">p1 move seismictoss",">p2 move icebeam",">p1 move softboiled",">p2 switch 2",">p1 move seismictoss",">p2 switch 2",">p1 move thunderwave",">p2 move softboiled",">p1 move seismictoss",">p2 move icebeam",">p1 move seismictoss",">p2 move softboiled",">p1 move seismictoss",">p2 switch 2",">p1 move softboiled",">p2 move earthquake",">p1 move seismictoss",">p2 move earthquake",">p1 move softboiled",">p2 move earthquake",">p1 move softboiled",">p2 move earthquake",">p1 move seismictoss",">p2 move earthquake",">p1 move softboiled",">p2 move earthquake",">p1 move softboiled",">p2 move earthquake",">p1 move thunderwave",">p2 move earthquake",">p1 move softboiled",">p2 move earthquake",">p1 move softboiled",">p2 move earthquake",">p1 move thunderwave",">p2 move earthquake",">p1 move thunderwave",">p2 move earthquake",">p1 move thunderwave",">p2 move earthquake",">p1 switch 2",">p1 move hiddenpower",">p2 move earthquake",">p1 switch 6",">p1 move curse",">p2 move earthquake"],"log":["|j|☆foultestchallenge1","|j|☆foultestacceptor1","|t:|1753075701","|gametype|singles","|player|p1|foultestchallenge1|169|","|player|p2|foultestacceptor1|102|","|teamsize|p1|6","|teamsize|p2|6","|gen|3","|tier|[Gen 3] OU","|rule|Sleep Clause Mod: Limit one foe put to sleep","|rule|Switch Priority Clause Mod: Faster Pokémon switch first","|rule|Species Clause: Limit one of each Pokémon","|rule|OHKO Clause: OHKO moves are banned","|rule|Evasion Items Clause: Evasion items are banned","|rule|Evasion Moves Clause: Evasion moves are banned","|rule|Endless Battle Clause: Forcing endless battles is banned","|rule|HP Percentage Mod: HP is shown in percentages","|rule|One Boost Passer Clause: Limit one Baton Passer that has a way to boost its stats","|rule|Freeze Clause Mod: Limit one foe frozen","|","|t:|1753075701","|start","|switch|p1a: Dugtrio|Dugtrio, F|235/235","|switch|p2a: Skarmory|Skarmory, F|334/334","|turn|1","|inactive|Battle timer is ON: inactive players will automatically lose when time's up. (requested by foultestchallenge1)","|inactive|foultestacceptor1 also wants the timer to be on.","|","|t:|1753075709","|switch|p1a: Forretress|Forretress, M|354/354","|move|p2a: Skarmory|Spikes|p1a: Forretress","|-sidestart|p1: foultestchallenge1|Spikes","|","|upkeep","|turn|2","||adding 10 for new turn","|","|t:|1753075717","|switch|p2a: Gengar|Gengar, F|303/303","|move|p1a: Forretress|Spikes|p2a: Gengar","|-sidestart|p2: foultestacceptor1|Spikes","|","|upkeep","|turn|3","||adding 10 for new turn","|","|t:|1753075725","|switch|p1a: Blissey|Blissey, F|714/714","|-damage|p1a: Blissey|625/714|[from] Spikes","|move|p2a: Gengar|Will-O-Wisp|p1a: Blissey|[miss]","|-miss|p2a: Gengar|p1a: Blissey","|","|-heal|p1a: Blissey|669/714|[from] item: Leftovers","|upkeep","|turn|4","||adding 10 for new turn","|","|t:|1753075733","|switch|p2a: Tyranitar|Tyranitar, F|403/403","|-damage|p2a: Tyranitar|353/403|[from] Spikes","|-weather|Sandstorm|[from] ability: Sand Stream|[of] p2a: Tyranitar","|move|p1a: Blissey|Thunder Wave|p2a: Tyranitar","|-status|p2a: Tyranitar|par","|","|-weather|Sandstorm|[upkeep]","|-damage|p1a: Blissey|625/714|[from] Sandstorm","|-heal|p1a: Blissey|669/714|[from] item: Leftovers","|-heal|p2a: Tyranitar|378/403 par|[from] item: Leftovers","|upkeep","|turn|5","||adding 10 for new turn","|","|t:|1753075741","|-singleturn|p2a: Tyranitar|move: Focus Punch","|move|p1a: Blissey|Seismic Toss|p2a: Tyranitar","|-damage|p2a: Tyranitar|278/403 par","|cant|p2a: Tyranitar|par","|","|-weather|Sandstorm|[upkeep]","|-damage|p1a: Blissey|625/714|[from] Sandstorm","|-heal|p1a: Blissey|669/714|[from] item: Leftovers","|-heal|p2a: Tyranitar|303/403 par|[from] item: Leftovers","|upkeep","|turn|6","||adding 10 for new turn","|","|t:|1753075749","|-singleturn|p2a: Tyranitar|move: Focus Punch","|move|p1a: Blissey|Seismic Toss|p2a: Tyranitar","|-damage|p2a: Tyranitar|203/403 par","|move|p2a: Tyranitar|Focus Punch||[still]","|cant|p2a: Tyranitar|Focus Punch|Focus Punch","|","|-weather|Sandstorm|[upkeep]","|-damage|p1a: Blissey|625/714|[from] Sandstorm","|-heal|p1a: Blissey|669/714|[from] item: Leftovers","|-heal|p2a: Tyranitar|228/403 par|[from] item: Leftovers","|upkeep","|turn|7","||adding 10 for new turn","|","|t:|1753075757","|-singleturn|p2a: Tyranitar|move: Focus Punch","|switch|p1a: Claydol|Claydol|324/324","|move|p2a: Tyranitar|Focus Punch|p1a: Claydol","|-resisted|p1a: Claydol","|-damage|p1a: Claydol|223/324","|","|-weather|Sandstorm|[upkeep]","|-heal|p1a: Claydol|243/324|[from] item: Leftovers","|-heal|p2a: Tyranitar|253/403 par|[from] item: Leftovers","|upkeep","|turn|8","||adding 10 for new turn","|","|t:|1753075766","|move|p1a: Claydol|Rapid Spin|p2a: Tyranitar","|-resisted|p2a: Tyranitar","|-damage|p2a: Tyranitar|245/403 par","|-sideend|p1: foultestchallenge1|Spikes|[from] move: Rapid Spin|[of] p1a: Claydol","|cant|p2a: Tyranitar|par","|","|-weather|Sandstorm|[upkeep]","|-heal|p1a: Claydol|263/324|[from] item: Leftovers","|-heal|p2a: Tyranitar|270/403 par|[from] item: Leftovers","|upkeep","|turn|9","||adding 10 for new turn","|","|t:|1753075774","|switch|p2a: Skarmory|Skarmory, F|334/334","|move|p1a: Claydol|Psychic|p2a: Skarmory","|-resisted|p2a: Skarmory","|-damage|p2a: Skarmory|300/334","|","|-weather|Sandstorm|[upkeep]","|-heal|p1a: Claydol|283/324|[from] item: Leftovers","|-heal|p2a: Skarmory|320/334|[from] item: Leftovers","|upkeep","|turn|10","||adding 10 for new turn","|","|t:|1753075782","|move|p1a: Claydol|Psychic|p2a: Skarmory","|-resisted|p2a: Skarmory","|-damage|p2a: Skarmory|286/334","|move|p2a: Skarmory|Spikes|p1a: Claydol","|-sidestart|p1: foultestchallenge1|Spikes","|","|-weather|Sandstorm|[upkeep]","|-heal|p1a: Claydol|303/324|[from] item: Leftovers","|-heal|p2a: Skarmory|306/334|[from] item: Leftovers","|upkeep","|turn|11","||adding 10 for new turn","|","|t:|1753075790","|move|p1a: Claydol|Rapid Spin|p2a: Skarmory","|-resisted|p2a: Skarmory","|-damage|p2a: Skarmory|300/334","|-sideend|p1: foultestchallenge1|Spikes|[from] move: Rapid Spin|[of] p1a: Claydol","|move|p2a: Skarmory|Toxic|p1a: Claydol","|-status|p1a: Claydol|tox","|","|-weather|Sandstorm|[upkeep]","|-heal|p1a: Claydol|323/324 tox|[from] item: Leftovers","|-damage|p1a: Claydol|303/324 tox|[from] psn","|-heal|p2a: Skarmory|320/334|[from] item: Leftovers","|upkeep","|turn|12","||adding 10 for new turn","|","|t:|1753075798","|switch|p1a: Blissey|Blissey, F|669/714","|move|p2a: Skarmory|Spikes|p1a: Blissey","|-sidestart|p1: foultestchallenge1|Spikes","|","|-weather|Sandstorm|[upkeep]","|-damage|p1a: Blissey|625/714|[from] Sandstorm","|-heal|p2a: Skarmory|334/334|[from] item: Leftovers","|-heal|p1a: Blissey|669/714|[from] item: Leftovers","|upkeep","|turn|13","||adding 10 for new turn","|","|t:|1753075806","|move|p2a: Skarmory|Spikes|p1a: Blissey","|-sidestart|p1: foultestchallenge1|Spikes","|move|p1a: Blissey|Aromatherapy|p1a: Blissey","|-cureteam|p1a: Blissey|[from] move: Aromatherapy","|","|-weather|Sandstorm|[upkeep]","|-damage|p1a: Blissey|625/714|[from] Sandstorm","|-heal|p1a: Blissey|669/714|[from] item: Leftovers","|upkeep","|turn|14","||adding 10 for new turn","|","|t:|1753075814","|move|p2a: Skarmory|Spikes|p1a: Blissey","|-sidestart|p1: foultestchallenge1|Spikes","|move|p1a: Blissey|Thunder Wave|p2a: Skarmory","|-status|p2a: Skarmory|par","|","|-weather|Sandstorm|[upkeep]","|-damage|p1a: Blissey|625/714|[from] Sandstorm","|-heal|p1a: Blissey|669/714|[from] item: Leftovers","|upkeep","|turn|15","||adding 10 for new turn","|","|t:|1753075822","|switch|p2a: Gengar|Gengar, F|303/303","|move|p1a: Blissey|Seismic Toss|p2a: Gengar","|-immune|p2a: Gengar","|","|-weather|Sandstorm|[upkeep]","|-damage|p2a: Gengar|285/303|[from] Sandstorm","|-damage|p1a: Blissey|625/714|[from] Sandstorm","|-heal|p2a: Gengar|303/303|[from] item: Leftovers","|-heal|p1a: Blissey|669/714|[from] item: Leftovers","|upkeep","|turn|16","||adding 10 for new turn","|","|t:|1753075829","|move|p2a: Gengar|Will-O-Wisp|p1a: Blissey","|-status|p1a: Blissey|brn","|move|p1a: Blissey|Thunder Wave|p2a: Gengar","|-status|p2a: Gengar|par","|","|-weather|Sandstorm|[upkeep]","|-damage|p1a: Blissey|625/714 brn|[from] Sandstorm","|-damage|p2a: Gengar|285/303 par|[from] Sandstorm","|-heal|p1a: Blissey|669/714 brn|[from] item: Leftovers","|-damage|p1a: Blissey|580/714 brn|[from] brn","|-heal|p2a: Gengar|303/303 par|[from] item: Leftovers","|upkeep","|turn|17","||adding 10 for new turn","|","|t:|1753075837","|-curestatus|p1a: Blissey|brn|[from] ability: Natural Cure","|switch|p1a: Claydol|Claydol|303/324","|move|p2a: Gengar|Ice Punch|p1a: Claydol","|-supereffective|p1a: Claydol","|-damage|p1a: Claydol|186/324","|","|-weather|Sandstorm|[upkeep]","|-damage|p2a: Gengar|285/303 par|[from] Sandstorm","|-heal|p1a: Claydol|206/324|[from] item: Leftovers","|-heal|p2a: Gengar|303/303 par|[from] item: Leftovers","|upkeep","|turn|18","||adding 10 for new turn","|","|t:|1753075845","|move|p1a: Claydol|Psychic|p2a: Gengar","|-supereffective|p2a: Gengar","|-damage|p2a: Gengar|144/303 par","|-unboost|p2a: Gengar|spd|1","|move|p2a: Gengar|Ice Punch|p1a: Claydol","|-supereffective|p1a: Claydol","|-damage|p1a: Claydol|68/324","|-status|p1a: Claydol|frz","|","|-weather|Sandstorm|[upkeep]","|-damage|p2a: Gengar|126/303 par|[from] Sandstorm","|-heal|p1a: Claydol|88/324 frz|[from] item: Leftovers","|-heal|p2a: Gengar|144/303 par|[from] item: Leftovers","|upkeep","|turn|19","||adding 10 for new turn","|","|t:|1753075853","|cant|p1a: Claydol|frz","|move|p2a: Gengar|Ice Punch|p1a: Claydol","|-supereffective|p1a: Claydol","|-damage|p1a: Claydol|0 fnt","|faint|p1a: Claydol","||adding 5 to each for mid turn request","|","|t:|1753075860","|switch|p1a: Suicune|Suicune|401/401","|-damage|p1a: Suicune|301/401|[from] Spikes","|-ability|p1a: Suicune|Pressure|[silent]","|","|-weather|Sandstorm|[upkeep]","|-damage|p1a: Suicune|276/401|[from] Sandstorm","|-damage|p2a: Gengar|126/303 par|[from] Sandstorm","|-heal|p1a: Suicune|301/401|[from] item: Leftovers","|-heal|p2a: Gengar|144/303 par|[from] item: Leftovers","|upkeep","|turn|20","||adding 10 for new turn","|","|t:|1753075868","|switch|p2a: Blissey|Blissey, F, shiny|651/651","|-damage|p2a: Blissey|570/651|[from] Spikes","|move|p1a: Suicune|Surf|p2a: Blissey","|-damage|p2a: Blissey|490/651","|","|-weather|Sandstorm|[upkeep]","|-damage|p1a: Suicune|276/401|[from] Sandstorm","|-damage|p2a: Blissey|450/651|[from] Sandstorm","|-heal|p1a: Suicune|301/401|[from] item: Leftovers","|-heal|p2a: Blissey|490/651|[from] item: Leftovers","|upkeep","|turn|21","||adding 10 for new turn","|","|t:|1753075876","|move|p1a: Suicune|Calm Mind|p1a: Suicune","|-boost|p1a: Suicune|spa|1","|-boost|p1a: Suicune|spd|1","|move|p2a: Blissey|Toxic|p1a: Suicune","|-status|p1a: Suicune|tox","|","|-weather|Sandstorm|[upkeep]","|-damage|p1a: Suicune|276/401 tox|[from] Sandstorm","|-damage|p2a: Blissey|450/651|[from] Sandstorm","|-heal|p1a: Suicune|301/401 tox|[from] item: Leftovers","|-damage|p1a: Suicune|276/401 tox|[from] psn","|-heal|p2a: Blissey|490/651|[from] item: Leftovers","|upkeep","|turn|22","||adding 10 for new turn","|","|t:|1753075884","|switch|p2a: Skarmory|Skarmory, F|334/334 par","|move|p1a: Suicune|Calm Mind|p1a: Suicune","|-boost|p1a: Suicune|spa|1","|-boost|p1a: Suicune|spd|1","|","|-weather|Sandstorm|[upkeep]","|-damage|p1a: Suicune|251/401 tox|[from] Sandstorm","|-heal|p1a: Suicune|276/401 tox|[from] item: Leftovers","|-damage|p1a: Suicune|226/401 tox|[from] psn","|upkeep","|turn|23","||adding 10 for new turn","|","|t:|1753075892","|move|p1a: Suicune|Surf|p2a: Skarmory","|-damage|p2a: Skarmory|136/334 par","|move|p2a: Skarmory|Roar|p1a: Suicune","|drag|p1a: Forretress|Forretress, M|354/354","|-damage|p1a: Forretress|266/354|[from] Spikes","|","|-weather|Sandstorm|[upkeep]","|-heal|p1a: Forretress|288/354|[from] item: Leftovers","|-heal|p2a: Skarmory|156/334 par|[from] item: Leftovers","|upkeep","|turn|24","||adding 10 for new turn","|","|t:|1753075900","|switch|p2a: Gengar|Gengar, F|144/303 par","|move|p1a: Forretress|Spikes|p2a: Gengar","|-sidestart|p2: foultestacceptor1|Spikes","|","|-weather|Sandstorm|[upkeep]","|-damage|p2a: Gengar|126/303 par|[from] Sandstorm","|-heal|p1a: Forretress|310/354|[from] item: Leftovers","|-heal|p2a: Gengar|144/303 par|[from] item: Leftovers","|upkeep","|turn|25","||adding 10 for new turn","|","|t:|1753075907","|move|p1a: Forretress|Spikes|p2a: Gengar","|-sidestart|p2: foultestacceptor1|Spikes","|move|p2a: Gengar|Will-O-Wisp|p1a: Forretress","|-status|p1a: Forretress|brn","|","|-weather|Sandstorm|[upkeep]","|-damage|p2a: Gengar|126/303 par|[from] Sandstorm","|-heal|p1a: Forretress|332/354 brn|[from] item: Leftovers","|-damage|p1a: Forretress|288/354 brn|[from] brn","|-heal|p2a: Gengar|144/303 par|[from] item: Leftovers","|upkeep","|turn|26","||adding 10 for new turn","|","|t:|1753075915","|switch|p1a: Blissey|Blissey, F|580/714","|-damage|p1a: Blissey|402/714|[from] Spikes","|cant|p2a: Gengar|par","|","|-weather|Sandstorm|[upkeep]","|-damage|p1a: Blissey|358/714|[from] Sandstorm","|-damage|p2a: Gengar|126/303 par|[from] Sandstorm","|-heal|p1a: Blissey|402/714|[from] item: Leftovers","|-heal|p2a: Gengar|144/303 par|[from] item: Leftovers","|upkeep","|turn|27","||adding 10 for new turn","|","|t:|1753075923","|switch|p2a: Starmie|Starmie|262/262","|-damage|p2a: Starmie|197/262|[from] Spikes","|move|p1a: Blissey|Aromatherapy|p1a: Blissey","|-cureteam|p1a: Blissey|[from] move: Aromatherapy","|","|-weather|Sandstorm|[upkeep]","|-damage|p2a: Starmie|181/262|[from] Sandstorm","|-damage|p1a: Blissey|358/714|[from] Sandstorm","|-heal|p2a: Starmie|197/262|[from] item: Leftovers","|-heal|p1a: Blissey|402/714|[from] item: Leftovers","|upkeep","|turn|28","||adding 10 for new turn","|","|t:|1753075931","|move|p2a: Starmie|Rapid Spin|p1a: Blissey","|-damage|p1a: Blissey|384/714","|-sideend|p2: foultestacceptor1|Spikes|[from] move: Rapid Spin|[of] p2a: Starmie","|move|p1a: Blissey|Soft-Boiled|p1a: Blissey","|-heal|p1a: Blissey|714/714","|","|-weather|Sandstorm|[upkeep]","|-damage|p2a: Starmie|181/262|[from] Sandstorm","|-damage|p1a: Blissey|670/714|[from] Sandstorm","|-heal|p2a: Starmie|197/262|[from] item: Leftovers","|-heal|p1a: Blissey|714/714|[from] item: Leftovers","|upkeep","|turn|29","||adding 10 for new turn","|","|t:|1753075939","|switch|p2a: Gengar|Gengar, F|144/303 par","|move|p1a: Blissey|Seismic Toss|p2a: Gengar","|-immune|p2a: Gengar","|","|-weather|Sandstorm|[upkeep]","|-damage|p1a: Blissey|670/714|[from] Sandstorm","|-damage|p2a: Gengar|126/303 par|[from] Sandstorm","|-heal|p1a: Blissey|714/714|[from] item: Leftovers","|-heal|p2a: Gengar|144/303 par|[from] item: Leftovers","|upkeep","|turn|30","||adding 10 for new turn","|","|t:|1753075946","|switch|p1a: Forretress|Forretress, M|288/354","|-damage|p1a: Forretress|200/354|[from] Spikes","|move|p2a: Gengar|Will-O-Wisp|p1a: Forretress|[miss]","|-miss|p2a: Gengar|p1a: Forretress","|","|-weather|Sandstorm|[upkeep]","|-damage|p2a: Gengar|126/303 par|[from] Sandstorm","|-heal|p1a: Forretress|222/354|[from] item: Leftovers","|-heal|p2a: Gengar|144/303 par|[from] item: Leftovers","|upkeep","|turn|31","||adding 10 for new turn","|","|t:|1753075954","|move|p1a: Forretress|Spikes|p2a: Gengar","|-sidestart|p2: foultestacceptor1|Spikes","|move|p2a: Gengar|Thunderbolt|p1a: Forretress","|-damage|p1a: Forretress|136/354","|","|-weather|Sandstorm|[upkeep]","|-damage|p2a: Gengar|126/303 par|[from] Sandstorm","|-heal|p1a: Forretress|158/354|[from] item: Leftovers","|-heal|p2a: Gengar|144/303 par|[from] item: Leftovers","|upkeep","|turn|32","||adding 10 for new turn","|","|t:|1753075962","|move|p1a: Forretress|Spikes|p2a: Gengar","|-sidestart|p2: foultestacceptor1|Spikes","|cant|p2a: Gengar|par","|","|-weather|Sandstorm|[upkeep]","|-damage|p2a: Gengar|126/303 par|[from] Sandstorm","|-heal|p1a: Forretress|180/354|[from] item: Leftovers","|-heal|p2a: Gengar|144/303 par|[from] item: Leftovers","|upkeep","|turn|33","||adding 10 for new turn","|","|t:|1753075970","|move|p1a: Forretress|Spikes|p2a: Gengar","|-sidestart|p2: foultestacceptor1|Spikes","|move|p2a: Gengar|Will-O-Wisp|p1a: Forretress","|-status|p1a: Forretress|brn","|","|-weather|Sandstorm|[upkeep]","|-damage|p2a: Gengar|126/303 par|[from] Sandstorm","|-heal|p1a: Forretress|202/354 brn|[from] item: Leftovers","|-damage|p1a: Forretress|158/354 brn|[from] brn","|-heal|p2a: Gengar|144/303 par|[from] item: Leftovers","|upkeep","|turn|34","||adding 10 for new turn","|","|t:|1753075977","|move|p1a: Forretress|Zap Cannon|p2a: Gengar","|-damage|p2a: Gengar|99/303 par","|move|p2a: Gengar|Thunderbolt|p1a: Forretress","|-damage|p1a: Forretress|64/354 brn","|","|-weather|Sandstorm|[upkeep]","|-damage|p2a: Gengar|81/303 par|[from] Sandstorm","|-heal|p1a: Forretress|86/354 brn|[from] item: Leftovers","|-damage|p1a: Forretress|42/354 brn|[from] brn","|-heal|p2a: Gengar|99/303 par|[from] item: Leftovers","|upkeep","|turn|35","||adding 10 for new turn","|","|t:|1753075985","|move|p1a: Forretress|Zap Cannon|p2a: Gengar","|-damage|p2a: Gengar|51/303 par","|cant|p2a: Gengar|par","|","|-weather|Sandstorm|[upkeep]","|-damage|p2a: Gengar|33/303 par|[from] Sandstorm","|-heal|p1a: Forretress|64/354 brn|[from] item: Leftovers","|-damage|p1a: Forretress|20/354 brn|[from] brn","|-heal|p2a: Gengar|51/303 par|[from] item: Leftovers","|upkeep","|turn|36","||adding 10 for new turn","|","|t:|1753075993","|move|p1a: Forretress|Explosion|p2a: Gengar","|-immune|p2a: Gengar","|faint|p1a: Forretress","||adding 5 to each for mid turn request","|","|t:|1753075997","|switch|p1a: Blissey|Blissey, F|714/714","|-damage|p1a: Blissey|536/714|[from] Spikes","|","|-weather|Sandstorm|[upkeep]","|-damage|p1a: Blissey|492/714|[from] Sandstorm","|-damage|p2a: Gengar|33/303 par|[from] Sandstorm","|-heal|p1a: Blissey|536/714|[from] item: Leftovers","|-heal|p2a: Gengar|51/303 par|[from] item: Leftovers","|upkeep","|turn|37","||adding 10 for new turn","|","|t:|1753076001","|move|p1a: Blissey|Thunder Wave|p2a: Gengar","|-fail|p2a: Gengar|par","|move|p2a: Gengar|Explosion|p1a: Blissey","|-damage|p1a: Blissey|78/714","|faint|p2a: Gengar","||adding 5 to each for mid turn request","|","|t:|1753076005","|switch|p2a: Starmie|Starmie|197/262","|-damage|p2a: Starmie|132/262|[from] Spikes","|","|-weather|Sandstorm|[upkeep]","|-damage|p2a: Starmie|116/262|[from] Sandstorm","|-damage|p1a: Blissey|34/714|[from] Sandstorm","|-heal|p2a: Starmie|132/262|[from] item: Leftovers","|-heal|p1a: Blissey|78/714|[from] item: Leftovers","|upkeep","|turn|38","||adding 10 for new turn","|","|t:|1753076013","|move|p2a: Starmie|Rapid Spin|p1a: Blissey","|-damage|p1a: Blissey|62/714","|-sideend|p2: foultestacceptor1|Spikes|[from] move: Rapid Spin|[of] p2a: Starmie","|move|p1a: Blissey|Soft-Boiled|p1a: Blissey","|-heal|p1a: Blissey|419/714","|","|-weather|Sandstorm|[upkeep]","|-damage|p2a: Starmie|116/262|[from] Sandstorm","|-damage|p1a: Blissey|375/714|[from] Sandstorm","|-heal|p2a: Starmie|132/262|[from] item: Leftovers","|-heal|p1a: Blissey|419/714|[from] item: Leftovers","|upkeep","|turn|39","||adding 10 for new turn","|","|t:|1753076021","|switch|p2a: Tyranitar|Tyranitar, F|270/403 par","|move|p1a: Blissey|Seismic Toss|p2a: Tyranitar","|-damage|p2a: Tyranitar|170/403 par","|","|-weather|Sandstorm|[upkeep]","|-damage|p1a: Blissey|375/714|[from] Sandstorm","|-heal|p1a: Blissey|419/714|[from] item: Leftovers","|-heal|p2a: Tyranitar|195/403 par|[from] item: Leftovers","|upkeep","|turn|40","||adding 10 for new turn","|","|t:|1753076029","|-singleturn|p2a: Tyranitar|move: Focus Punch","|move|p1a: Blissey|Seismic Toss|p2a: Tyranitar","|-damage|p2a: Tyranitar|95/403 par","|move|p2a: Tyranitar|Focus Punch||[still]","|cant|p2a: Tyranitar|Focus Punch|Focus Punch","|","|-weather|Sandstorm|[upkeep]","|-damage|p1a: Blissey|375/714|[from] Sandstorm","|-heal|p1a: Blissey|419/714|[from] item: Leftovers","|-heal|p2a: Tyranitar|120/403 par|[from] item: Leftovers","|upkeep","|turn|41","||adding 10 for new turn","|","|t:|1753076037","|-singleturn|p2a: Tyranitar|move: Focus Punch","|move|p1a: Blissey|Seismic Toss|p2a: Tyranitar","|-damage|p2a: Tyranitar|20/403 par","|move|p2a: Tyranitar|Focus Punch||[still]","|cant|p2a: Tyranitar|Focus Punch|Focus Punch","|","|-weather|Sandstorm|[upkeep]","|-damage|p1a: Blissey|375/714|[from] Sandstorm","|-heal|p1a: Blissey|419/714|[from] item: Leftovers","|-heal|p2a: Tyranitar|45/403 par|[from] item: Leftovers","|upkeep","|turn|42","||adding 10 for new turn","|","|t:|1753076045","|switch|p2a: Blissey|Blissey, F, shiny|490/651","|move|p1a: Blissey|Seismic Toss|p2a: Blissey","|-damage|p2a: Blissey|390/651","|","|-weather|Sandstorm|[upkeep]","|-damage|p2a: Blissey|350/651|[from] Sandstorm","|-damage|p1a: Blissey|375/714|[from] Sandstorm","|-heal|p1a: Blissey|419/714|[from] item: Leftovers","|-heal|p2a: Blissey|390/651|[from] item: Leftovers","|upkeep","|turn|43","||adding 10 for new turn","|","|t:|1753076053","|move|p1a: Blissey|Soft-Boiled|p1a: Blissey","|-heal|p1a: Blissey|714/714","|move|p2a: Blissey|Soft-Boiled|p2a: Blissey","|-heal|p2a: Blissey|651/651","|","|-weather|Sandstorm|[upkeep]","|-damage|p2a: Blissey|611/651|[from] Sandstorm","|-damage|p1a: Blissey|670/714|[from] Sandstorm","|-heal|p1a: Blissey|714/714|[from] item: Leftovers","|-heal|p2a: Blissey|651/651|[from] item: Leftovers","|upkeep","|turn|44","||adding 10 for new turn","|","|t:|1753076061","|move|p2a: Blissey|Toxic|p1a: Blissey","|-status|p1a: Blissey|tox","|move|p1a: Blissey|Seismic Toss|p2a: Blissey","|-damage|p2a: Blissey|551/651","|","|-weather|Sandstorm|[upkeep]","|-damage|p1a: Blissey|670/714 tox|[from] Sandstorm","|-damage|p2a: Blissey|511/651|[from] Sandstorm","|-heal|p1a: Blissey|714/714 tox|[from] item: Leftovers","|-heal|p2a: Blissey|551/651|[from] item: Leftovers","|-damage|p1a: Blissey|670/714 tox|[from] psn","|upkeep","|turn|45","||adding 10 for new turn","|","|t:|1753076069","|move|p1a: Blissey|Aromatherapy|p1a: Blissey","|-cureteam|p1a: Blissey|[from] move: Aromatherapy","|move|p2a: Blissey|Soft-Boiled|p2a: Blissey","|-heal|p2a: Blissey|651/651","|","|-weather|Sandstorm|[upkeep]","|-damage|p2a: Blissey|611/651|[from] Sandstorm","|-damage|p1a: Blissey|626/714|[from] Sandstorm","|-heal|p2a: Blissey|651/651|[from] item: Leftovers","|-heal|p1a: Blissey|670/714|[from] item: Leftovers","|upkeep","|turn|46","||adding 10 for new turn","|","|t:|1753076076","|move|p1a: Blissey|Seismic Toss|p2a: Blissey","|-damage|p2a: Blissey|551/651","|move|p2a: Blissey|Toxic|p1a: Blissey","|-status|p1a: Blissey|tox","|","|-weather|Sandstorm|[upkeep]","|-damage|p2a: Blissey|511/651|[from] Sandstorm","|-damage|p1a: Blissey|626/714 tox|[from] Sandstorm","|-heal|p1a: Blissey|670/714 tox|[from] item: Leftovers","|-heal|p2a: Blissey|551/651|[from] item: Leftovers","|-damage|p1a: Blissey|626/714 tox|[from] psn","|upkeep","|turn|47","||adding 10 for new turn","|","|t:|1753076084","|move|p2a: Blissey|Soft-Boiled|p2a: Blissey","|-heal|p2a: Blissey|651/651","|move|p1a: Blissey|Aromatherapy|p1a: Blissey","|-cureteam|p1a: Blissey|[from] move: Aromatherapy","|","|-weather|Sandstorm|[upkeep]","|-damage|p2a: Blissey|611/651|[from] Sandstorm","|-damage|p1a: Blissey|582/714|[from] Sandstorm","|-heal|p2a: Blissey|651/651|[from] item: Leftovers","|-heal|p1a: Blissey|626/714|[from] item: Leftovers","|upkeep","|turn|48","||adding 10 for new turn","|","|t:|1753076092","|move|p2a: Blissey|Toxic|p1a: Blissey|[miss]","|-miss|p2a: Blissey|p1a: Blissey","|move|p1a: Blissey|Seismic Toss|p2a: Blissey","|-damage|p2a: Blissey|551/651","|","|-weather|Sandstorm|[upkeep]","|-damage|p2a: Blissey|511/651|[from] Sandstorm","|-damage|p1a: Blissey|582/714|[from] Sandstorm","|-heal|p1a: Blissey|626/714|[from] item: Leftovers","|-heal|p2a: Blissey|551/651|[from] item: Leftovers","|upkeep","|turn|49","||adding 10 for new turn","|","|t:|1753076100","|move|p2a: Blissey|Toxic|p1a: Blissey","|-status|p1a: Blissey|tox","|move|p1a: Blissey|Seismic Toss|p2a: Blissey","|-damage|p2a: Blissey|451/651","|","|-weather|Sandstorm|[upkeep]","|-damage|p1a: Blissey|582/714 tox|[from] Sandstorm","|-damage|p2a: Blissey|411/651|[from] Sandstorm","|-heal|p1a: Blissey|626/714 tox|[from] item: Leftovers","|-heal|p2a: Blissey|451/651|[from] item: Leftovers","|-damage|p1a: Blissey|582/714 tox|[from] psn","|upkeep","|turn|50","||adding 10 for new turn","|","|t:|1753076108","|move|p2a: Blissey|Soft-Boiled|p2a: Blissey","|-heal|p2a: Blissey|651/651","|move|p1a: Blissey|Aromatherapy|p1a: Blissey","|-cureteam|p1a: Blissey|[from] move: Aromatherapy","|","|-weather|Sandstorm|[upkeep]","|-damage|p2a: Blissey|611/651|[from] Sandstorm","|-damage|p1a: Blissey|538/714|[from] Sandstorm","|-heal|p2a: Blissey|651/651|[from] item: Leftovers","|-heal|p1a: Blissey|582/714|[from] item: Leftovers","|upkeep","|turn|51","||adding 10 for new turn","|","|t:|1753076115","|move|p1a: Blissey|Seismic Toss|p2a: Blissey","|-damage|p2a: Blissey|551/651","|move|p2a: Blissey|Toxic|p1a: Blissey|[miss]","|-miss|p2a: Blissey|p1a: Blissey","|","|-weather|Sandstorm|[upkeep]","|-damage|p1a: Blissey|538/714|[from] Sandstorm","|-damage|p2a: Blissey|511/651|[from] Sandstorm","|-heal|p1a: Blissey|582/714|[from] item: Leftovers","|-heal|p2a: Blissey|551/651|[from] item: Leftovers","|upkeep","|turn|52","||adding 10 for new turn","|","|t:|1753076123","|move|p1a: Blissey|Soft-Boiled|p1a: Blissey","|-heal|p1a: Blissey|714/714","|move|p2a: Blissey|Toxic|p1a: Blissey|[miss]","|-miss|p2a: Blissey|p1a: Blissey","|","|-weather|Sandstorm|[upkeep]","|-damage|p1a: Blissey|670/714|[from] Sandstorm","|-damage|p2a: Blissey|511/651|[from] Sandstorm","|-heal|p2a: Blissey|551/651|[from] item: Leftovers","|-heal|p1a: Blissey|714/714|[from] item: Leftovers","|upkeep","|turn|53","||adding 10 for new turn","|","|t:|1753076131","|move|p2a: Blissey|Soft-Boiled|p2a: Blissey","|-heal|p2a: Blissey|651/651","|move|p1a: Blissey|Thunder Wave|p2a: Blissey","|-status|p2a: Blissey|par","|","|-weather|Sandstorm|[upkeep]","|-damage|p1a: Blissey|670/714|[from] Sandstorm","|-damage|p2a: Blissey|611/651 par|[from] Sandstorm","|-heal|p1a: Blissey|714/714|[from] item: Leftovers","|-heal|p2a: Blissey|651/651 par|[from] item: Leftovers","|upkeep","|turn|54","||adding 10 for new turn","|","|t:|1753076139","|move|p1a: Blissey|Seismic Toss|p2a: Blissey","|-damage|p2a: Blissey|551/651 par","|move|p2a: Blissey|Toxic|p1a: Blissey","|-status|p1a: Blissey|tox","|","|-weather|Sandstorm|[upkeep]","|-damage|p1a: Blissey|670/714 tox|[from] Sandstorm","|-damage|p2a: Blissey|511/651 par|[from] Sandstorm","|-heal|p1a: Blissey|714/714 tox|[from] item: Leftovers","|-damage|p1a: Blissey|670/714 tox|[from] psn","|-heal|p2a: Blissey|551/651 par|[from] item: Leftovers","|upkeep","|turn|55","||adding 10 for new turn","|","|t:|1753076147","|move|p1a: Blissey|Aromatherapy|p1a: Blissey","|-cureteam|p1a: Blissey|[from] move: Aromatherapy","|cant|p2a: Blissey|par","|","|-weather|Sandstorm|[upkeep]","|-damage|p1a: Blissey|626/714|[from] Sandstorm","|-damage|p2a: Blissey|511/651 par|[from] Sandstorm","|-heal|p1a: Blissey|670/714|[from] item: Leftovers","|-heal|p2a: Blissey|551/651 par|[from] item: Leftovers","|upkeep","|turn|56","||adding 10 for new turn","|","|t:|1753076154","|move|p1a: Blissey|Seismic Toss|p2a: Blissey","|-damage|p2a: Blissey|451/651 par","|cant|p2a: Blissey|par","|","|-weather|Sandstorm|[upkeep]","|-damage|p1a: Blissey|626/714|[from] Sandstorm","|-damage|p2a: Blissey|411/651 par|[from] Sandstorm","|-heal|p1a: Blissey|670/714|[from] item: Leftovers","|-heal|p2a: Blissey|451/651 par|[from] item: Leftovers","|upkeep","|turn|57","||adding 10 for new turn","|","|t:|1753076162","|move|p1a: Blissey|Seismic Toss|p2a: Blissey","|-damage|p2a: Blissey|351/651 par","|move|p2a: Blissey|Soft-Boiled|p2a: Blissey","|-heal|p2a: Blissey|651/651 par","|","|-weather|Sandstorm|[upkeep]","|-damage|p1a: Blissey|626/714|[from] Sandstorm","|-damage|p2a: Blissey|611/651 par|[from] Sandstorm","|-heal|p1a: Blissey|670/714|[from] item: Leftovers","|-heal|p2a: Blissey|651/651 par|[from] item: Leftovers","|upkeep","|turn|58","||adding 10 for new turn","|","|t:|1753076170","|move|p1a: Blissey|Seismic Toss|p2a: Blissey","|-damage|p2a: Blissey|551/651 par","|cant|p2a: Blissey|par","|","|-weather|Sandstorm|[upkeep]","|-damage|p1a: Blissey|626/714|[from] Sandstorm","|-damage|p2a: Blissey|511/651 par|[from] Sandstorm","|-heal|p1a: Blissey|670/714|[from] item: Leftovers","|-heal|p2a: Blissey|551/651 par|[from] item: Leftovers","|upkeep","|turn|59","||adding 10 for new turn","|","|t:|1753076178","|move|p1a: Blissey|Seismic Toss|p2a: Blissey","|-damage|p2a: Blissey|451/651 par","|move|p2a: Blissey|Soft-Boiled|p2a: Blissey","|-heal|p2a: Blissey|651/651 par","|","|-weather|Sandstorm|[upkeep]","|-damage|p1a: Blissey|626/714|[from] Sandstorm","|-damage|p2a: Blissey|611/651 par|[from] Sandstorm","|-heal|p1a: Blissey|670/714|[from] item: Leftovers","|-heal|p2a: Blissey|651/651 par|[from] item: Leftovers","|upkeep","|turn|60","||adding 10 for new turn","|","|t:|1753076186","|move|p1a: Blissey|Seismic Toss|p2a: Blissey","|-damage|p2a: Blissey|551/651 par","|move|p2a: Blissey|Toxic|p1a: Blissey","|-status|p1a: Blissey|tox","|","|-weather|Sandstorm|[upkeep]","|-damage|p1a: Blissey|626/714 tox|[from] Sandstorm","|-damage|p2a: Blissey|511/651 par|[from] Sandstorm","|-heal|p1a: Blissey|670/714 tox|[from] item: Leftovers","|-damage|p1a: Blissey|626/714 tox|[from] psn","|-heal|p2a: Blissey|551/651 par|[from] item: Leftovers","|upkeep","|turn|61","||adding 10 for new turn","|","|t:|1753076194","|move|p1a: Blissey|Aromatherapy|p1a: Blissey","|-cureteam|p1a: Blissey|[from] move: Aromatherapy","|move|p2a: Blissey|Toxic|p1a: Blissey|[miss]","|-miss|p2a: Blissey|p1a: Blissey","|","|-weather|Sandstorm|[upkeep]","|-damage|p1a: Blissey|582/714|[from] Sandstorm","|-damage|p2a: Blissey|511/651 par|[from] Sandstorm","|-heal|p1a: Blissey|626/714|[from] item: Leftovers","|-heal|p2a: Blissey|551/651 par|[from] item: Leftovers","|upkeep","|turn|62","||adding 10 for new turn","|","|t:|1753076202","|move|p1a: Blissey|Seismic Toss|p2a: Blissey","|-damage|p2a: Blissey|451/651 par","|move|p2a: Blissey|Toxic|p1a: Blissey","|-status|p1a: Blissey|tox","|","|-weather|Sandstorm|[upkeep]","|-damage|p1a: Blissey|582/714 tox|[from] Sandstorm","|-damage|p2a: Blissey|411/651 par|[from] Sandstorm","|-heal|p1a: Blissey|626/714 tox|[from] item: Leftovers","|-damage|p1a: Blissey|582/714 tox|[from] psn","|-heal|p2a: Blissey|451/651 par|[from] item: Leftovers","|upkeep","|turn|63","||adding 10 for new turn","|","|t:|1753076210","|move|p1a: Blissey|Aromatherapy|p1a: Blissey","|-cureteam|p1a: Blissey|[from] move: Aromatherapy","|move|p2a: Blissey|Soft-Boiled|p2a: Blissey","|-heal|p2a: Blissey|651/651 par","|","|-weather|Sandstorm|[upkeep]","|-damage|p1a: Blissey|538/714|[from] Sandstorm","|-damage|p2a: Blissey|611/651 par|[from] Sandstorm","|-heal|p1a: Blissey|582/714|[from] item: Leftovers","|-heal|p2a: Blissey|651/651 par|[from] item: Leftovers","|upkeep","|turn|64","||adding 10 for new turn","|","|t:|1753076217","|switch|p1a: Suicune|Suicune|226/401","|-damage|p1a: Suicune|126/401|[from] Spikes","|-ability|p1a: Suicune|Pressure|[silent]","|move|p2a: Blissey|Toxic|p1a: Suicune","|-status|p1a: Suicune|tox","|","|-weather|Sandstorm|[upkeep]","|-damage|p1a: Suicune|101/401 tox|[from] Sandstorm","|-damage|p2a: Blissey|611/651 par|[from] Sandstorm","|-heal|p1a: Suicune|126/401 tox|[from] item: Leftovers","|-damage|p1a: Suicune|101/401 tox|[from] psn","|-heal|p2a: Blissey|651/651 par|[from] item: Leftovers","|upkeep","|turn|65","||adding 10 for new turn","|","|t:|1753076225","|-curestatus|p2a: Blissey|par|[from] ability: Natural Cure","|switch|p2a: Starmie|Starmie|132/262","|move|p1a: Suicune|Rest|p1a: Suicune","|-status|p1a: Suicune|slp|[from] move: Rest","|-heal|p1a: Suicune|401/401 slp|[silent]","|","|-weather|Sandstorm|[upkeep]","|-damage|p2a: Starmie|116/262|[from] Sandstorm","|-damage|p1a: Suicune|376/401 slp|[from] Sandstorm","|-heal|p2a: Starmie|132/262|[from] item: Leftovers","|-heal|p1a: Suicune|401/401 slp|[from] item: Leftovers","|upkeep","|turn|66","||adding 10 for new turn","|","|t:|1753076233","|move|p2a: Starmie|Thunderbolt|p1a: Suicune","|-supereffective|p1a: Suicune","|-damage|p1a: Suicune|238/401 slp","|cant|p1a: Suicune|slp","|","|-weather|Sandstorm|[upkeep]","|-damage|p2a: Starmie|116/262|[from] Sandstorm","|-damage|p1a: Suicune|213/401 slp|[from] Sandstorm","|-heal|p2a: Starmie|132/262|[from] item: Leftovers","|-heal|p1a: Suicune|238/401 slp|[from] item: Leftovers","|upkeep","|turn|67","||adding 10 for new turn","|","|t:|1753076241","|switch|p1a: Blissey|Blissey, F|582/714","|-damage|p1a: Blissey|404/714|[from] Spikes","|move|p2a: Starmie|Thunderbolt|p1a: Blissey","|-damage|p1a: Blissey|329/714","|","|-weather|Sandstorm|[upkeep]","|-damage|p2a: Starmie|116/262|[from] Sandstorm","|-damage|p1a: Blissey|285/714|[from] Sandstorm","|-heal|p2a: Starmie|132/262|[from] item: Leftovers","|-heal|p1a: Blissey|329/714|[from] item: Leftovers","|upkeep","|turn|68","||adding 10 for new turn","|","|t:|1753076248","|switch|p2a: Blissey|Blissey, F, shiny|651/651","|move|p1a: Blissey|Soft-Boiled|p1a: Blissey","|-heal|p1a: Blissey|686/714","|","|-weather|Sandstorm|[upkeep]","|-damage|p1a: Blissey|642/714|[from] Sandstorm","|-damage|p2a: Blissey|611/651|[from] Sandstorm","|-heal|p2a: Blissey|651/651|[from] item: Leftovers","|-heal|p1a: Blissey|686/714|[from] item: Leftovers","|upkeep","|turn|69","||adding 10 for new turn","|","|t:|1753076256","|move|p1a: Blissey|Seismic Toss|p2a: Blissey","|-damage|p2a: Blissey|551/651","|move|p2a: Blissey|Toxic|p1a: Blissey","|-status|p1a: Blissey|tox","|","|-weather|Sandstorm|[upkeep]","|-damage|p1a: Blissey|642/714 tox|[from] Sandstorm","|-damage|p2a: Blissey|511/651|[from] Sandstorm","|-heal|p1a: Blissey|686/714 tox|[from] item: Leftovers","|-heal|p2a: Blissey|551/651|[from] item: Leftovers","|-damage|p1a: Blissey|642/714 tox|[from] psn","|upkeep","|turn|70","||adding 10 for new turn","|","|t:|1753076264","|switch|p2a: Swampert|Swampert, F|401/401","|-curestatus|p1a: Blissey|tox|[from] ability: Natural Cure","|switch|p1a: Snorlax|Snorlax, M|497/497","|-damage|p1a: Snorlax|373/497|[from] Spikes","|","|-weather|Sandstorm|[upkeep]","|-damage|p1a: Snorlax|342/497|[from] Sandstorm","|-heal|p1a: Snorlax|373/497|[from] item: Leftovers","|upkeep","|turn|71","||adding 10 for new turn","|","|t:|1753076272","|move|p2a: Swampert|Earthquake|p1a: Snorlax","|-damage|p1a: Snorlax|223/497","|move|p1a: Snorlax|Curse|p1a: Snorlax","|-unboost|p1a: Snorlax|spe|1","|-boost|p1a: Snorlax|atk|1","|-boost|p1a: Snorlax|def|1","|","|-weather|Sandstorm|[upkeep]","|-damage|p1a: Snorlax|192/497|[from] Sandstorm","|-heal|p1a: Snorlax|223/497|[from] item: Leftovers","|upkeep","|turn|72","||adding 10 for new turn","|","|t:|1753076280","|switch|p2a: Skarmory|Skarmory, F|156/334 par","|move|p1a: Snorlax|Return|p2a: Skarmory","|-resisted|p2a: Skarmory","|-damage|p2a: Skarmory|73/334 par","|","|-weather|Sandstorm|[upkeep]","|-damage|p1a: Snorlax|192/497|[from] Sandstorm","|-heal|p1a: Snorlax|223/497|[from] item: Leftovers","|-heal|p2a: Skarmory|93/334 par|[from] item: Leftovers","|upkeep","|turn|73","||adding 10 for new turn","|","|t:|1753076288","|move|p1a: Snorlax|Return|p2a: Skarmory","|-resisted|p2a: Skarmory","|-damage|p2a: Skarmory|16/334 par","|move|p2a: Skarmory|Roar|p1a: Snorlax","|drag|p1a: Suicune|Suicune|238/401 slp","|-damage|p1a: Suicune|138/401 slp|[from] Spikes","|-ability|p1a: Suicune|Pressure|[silent]","|","|-weather|Sandstorm|[upkeep]","|-damage|p1a: Suicune|113/401 slp|[from] Sandstorm","|-heal|p1a: Suicune|138/401 slp|[from] item: Leftovers","|-heal|p2a: Skarmory|36/334 par|[from] item: Leftovers","|upkeep","|turn|74","||adding 10 for new turn","|","|t:|1753076292","|switch|p1a: Blissey|Blissey, F|642/714","|-damage|p1a: Blissey|464/714|[from] Spikes","|switch|p2a: Starmie|Starmie|132/262","|","|-weather|Sandstorm|[upkeep]","|-damage|p2a: Starmie|116/262|[from] Sandstorm","|-damage|p1a: Blissey|420/714|[from] Sandstorm","|-heal|p2a: Starmie|132/262|[from] item: Leftovers","|-heal|p1a: Blissey|464/714|[from] item: Leftovers","|upkeep","|turn|75","||adding 10 for new turn","|","|t:|1753076300","|switch|p2a: Blissey|Blissey, F, shiny|551/651","|move|p1a: Blissey|Soft-Boiled|p1a: Blissey","|-heal|p1a: Blissey|714/714","|","|-weather|Sandstorm|[upkeep]","|-damage|p2a: Blissey|511/651|[from] Sandstorm","|-damage|p1a: Blissey|670/714|[from] Sandstorm","|-heal|p1a: Blissey|714/714|[from] item: Leftovers","|-heal|p2a: Blissey|551/651|[from] item: Leftovers","|upkeep","|turn|76","||adding 10 for new turn","|","|t:|1753076308","|move|p2a: Blissey|Toxic|p1a: Blissey","|-status|p1a: Blissey|tox","|move|p1a: Blissey|Seismic Toss|p2a: Blissey","|-damage|p2a: Blissey|451/651","|","|-weather|Sandstorm|[upkeep]","|-damage|p2a: Blissey|411/651|[from] Sandstorm","|-damage|p1a: Blissey|670/714 tox|[from] Sandstorm","|-heal|p2a: Blissey|451/651|[from] item: Leftovers","|-heal|p1a: Blissey|714/714 tox|[from] item: Leftovers","|-damage|p1a: Blissey|670/714 tox|[from] psn","|upkeep","|turn|77","||adding 10 for new turn","|","|t:|1753076316","|-curestatus|p1a: Blissey|tox|[from] ability: Natural Cure","|switch|p1a: Suicune|Suicune|138/401 slp","|-damage|p1a: Suicune|38/401 slp|[from] Spikes","|-ability|p1a: Suicune|Pressure|[silent]","|move|p2a: Blissey|Soft-Boiled|p2a: Blissey","|-heal|p2a: Blissey|651/651","|","|-weather|Sandstorm|[upkeep]","|-damage|p1a: Suicune|13/401 slp|[from] Sandstorm","|-damage|p2a: Blissey|611/651|[from] Sandstorm","|-heal|p1a: Suicune|38/401 slp|[from] item: Leftovers","|-heal|p2a: Blissey|651/651|[from] item: Leftovers","|upkeep","|turn|78","||adding 10 for new turn","|","|t:|1753076323","|switch|p1a: Blissey|Blissey, F|670/714","|-damage|p1a: Blissey|492/714|[from] Spikes","|move|p2a: Blissey|Ice Beam|p1a: Blissey","|-damage|p1a: Blissey|430/714","|","|-weather|Sandstorm|[upkeep]","|-damage|p1a: Blissey|386/714|[from] Sandstorm","|-damage|p2a: Blissey|611/651|[from] Sandstorm","|-heal|p2a: Blissey|651/651|[from] item: Leftovers","|-heal|p1a: Blissey|430/714|[from] item: Leftovers","|upkeep","|turn|79","||adding 10 for new turn","|","|t:|1753076328","|move|p1a: Blissey|Soft-Boiled|p1a: Blissey","|-heal|p1a: Blissey|714/714","|move|p2a: Blissey|Ice Beam|p1a: Blissey","|-damage|p1a: Blissey|644/714","|","|-weather|Sandstorm|[upkeep]","|-damage|p2a: Blissey|611/651|[from] Sandstorm","|-damage|p1a: Blissey|600/714|[from] Sandstorm","|-heal|p1a: Blissey|644/714|[from] item: Leftovers","|-heal|p2a: Blissey|651/651|[from] item: Leftovers","|upkeep","|turn|80","||adding 10 for new turn","|","|t:|1753076332","|move|p2a: Blissey|Ice Beam|p1a: Blissey","|-damage|p1a: Blissey|577/714","|move|p1a: Blissey|Seismic Toss|p2a: Blissey","|-damage|p2a: Blissey|551/651","|","|-weather|Sandstorm|[upkeep]","|-damage|p1a: Blissey|533/714|[from] Sandstorm","|-damage|p2a: Blissey|511/651|[from] Sandstorm","|-heal|p1a: Blissey|577/714|[from] item: Leftovers","|-heal|p2a: Blissey|551/651|[from] item: Leftovers","|upkeep","|turn|81","||adding 10 for new turn","|","|t:|1753076337","|move|p2a: Blissey|Ice Beam|p1a: Blissey","|-damage|p1a: Blissey|512/714","|-status|p1a: Blissey|frz","|cant|p1a: Blissey|frz","|","|-weather|Sandstorm|[upkeep]","|-damage|p1a: Blissey|468/714 frz|[from] Sandstorm","|-damage|p2a: Blissey|511/651|[from] Sandstorm","|-heal|p2a: Blissey|551/651|[from] item: Leftovers","|-heal|p1a: Blissey|512/714 frz|[from] item: Leftovers","|upkeep","|turn|82","||adding 10 for new turn","|","|t:|1753076341","|-curestatus|p1a: Blissey|frz|[from] ability: Natural Cure","|switch|p1a: Suicune|Suicune|38/401 slp","|-damage|p1a: Suicune|0 fnt|[from] Spikes","|faint|p1a: Suicune","||adding 5 to each for mid turn request","|","|t:|1753076345","|switch|p1a: Blissey|Blissey, F|512/714","|-damage|p1a: Blissey|334/714|[from] Spikes","|","|-weather|Sandstorm|[upkeep]","|-damage|p2a: Blissey|511/651|[from] Sandstorm","|-damage|p1a: Blissey|290/714|[from] Sandstorm","|-heal|p1a: Blissey|334/714|[from] item: Leftovers","|-heal|p2a: Blissey|551/651|[from] item: Leftovers","|upkeep","|turn|83","||adding 10 for new turn","|","|t:|1753076349","|move|p2a: Blissey|Ice Beam|p1a: Blissey","|-damage|p1a: Blissey|272/714","|move|p1a: Blissey|Soft-Boiled|p1a: Blissey","|-heal|p1a: Blissey|629/714","|","|-weather|Sandstorm|[upkeep]","|-damage|p2a: Blissey|511/651|[from] Sandstorm","|-damage|p1a: Blissey|585/714|[from] Sandstorm","|-heal|p1a: Blissey|629/714|[from] item: Leftovers","|-heal|p2a: Blissey|551/651|[from] item: Leftovers","|upkeep","|turn|84","||adding 10 for new turn","|","|t:|1753076354","|move|p2a: Blissey|Ice Beam|p1a: Blissey","|-damage|p1a: Blissey|567/714","|move|p1a: Blissey|Thunder Wave|p2a: Blissey","|-status|p2a: Blissey|par","|","|-weather|Sandstorm|[upkeep]","|-damage|p1a: Blissey|523/714|[from] Sandstorm","|-damage|p2a: Blissey|511/651 par|[from] Sandstorm","|-heal|p1a: Blissey|567/714|[from] item: Leftovers","|-heal|p2a: Blissey|551/651 par|[from] item: Leftovers","|upkeep","|turn|85","||adding 10 for new turn","|","|t:|1753076358","|move|p1a: Blissey|Seismic Toss|p2a: Blissey","|-damage|p2a: Blissey|451/651 par","|move|p2a: Blissey|Soft-Boiled|p2a: Blissey","|-heal|p2a: Blissey|651/651 par","|","|-weather|Sandstorm|[upkeep]","|-damage|p1a: Blissey|523/714|[from] Sandstorm","|-damage|p2a: Blissey|611/651 par|[from] Sandstorm","|-heal|p1a: Blissey|567/714|[from] item: Leftovers","|-heal|p2a: Blissey|651/651 par|[from] item: Leftovers","|upkeep","|turn|86","||adding 10 for new turn","|","|t:|1753076362","|move|p1a: Blissey|Seismic Toss|p2a: Blissey","|-damage|p2a: Blissey|551/651 par","|move|p2a: Blissey|Ice Beam|p1a: Blissey","|-damage|p1a: Blissey|497/714","|","|-weather|Sandstorm|[upkeep]","|-damage|p1a: Blissey|453/714|[from] Sandstorm","|-damage|p2a: Blissey|511/651 par|[from] Sandstorm","|-heal|p1a: Blissey|497/714|[from] item: Leftovers","|-heal|p2a: Blissey|551/651 par|[from] item: Leftovers","|upkeep","|turn|87","||adding 10 for new turn","|","|t:|1753076367","|-curestatus|p2a: Blissey|par|[from] ability: Natural Cure","|switch|p2a: Swampert|Swampert, F|401/401","|move|p1a: Blissey|Soft-Boiled|p1a: Blissey","|-heal|p1a: Blissey|714/714","|","|-weather|Sandstorm|[upkeep]","|-damage|p1a: Blissey|670/714|[from] Sandstorm","|-heal|p1a: Blissey|714/714|[from] item: Leftovers","|upkeep","|turn|88","||adding 10 for new turn","|","|t:|1753076375","|switch|p2a: Blissey|Blissey, F, shiny|551/651","|move|p1a: Blissey|Seismic Toss|p2a: Blissey","|-damage|p2a: Blissey|451/651","|","|-weather|Sandstorm|[upkeep]","|-damage|p2a: Blissey|411/651|[from] Sandstorm","|-damage|p1a: Blissey|670/714|[from] Sandstorm","|-heal|p1a: Blissey|714/714|[from] item: Leftovers","|-heal|p2a: Blissey|451/651|[from] item: Leftovers","|upkeep","|turn|89","||adding 10 for new turn","|","|t:|1753076379","|move|p1a: Blissey|Thunder Wave|p2a: Blissey","|-status|p2a: Blissey|par","|move|p2a: Blissey|Soft-Boiled|p2a: Blissey","|-heal|p2a: Blissey|651/651 par","|","|-weather|Sandstorm|[upkeep]","|-damage|p1a: Blissey|670/714|[from] Sandstorm","|-damage|p2a: Blissey|611/651 par|[from] Sandstorm","|-heal|p1a: Blissey|714/714|[from] item: Leftovers","|-heal|p2a: Blissey|651/651 par|[from] item: Leftovers","|upkeep","|turn|90","||adding 10 for new turn","|","|t:|1753076383","|move|p1a: Blissey|Seismic Toss|p2a: Blissey","|-damage|p2a: Blissey|551/651 par","|move|p2a: Blissey|Ice Beam|p1a: Blissey","|-damage|p1a: Blissey|647/714","|","|-weather|Sandstorm|[upkeep]","|-damage|p1a: Blissey|603/714|[from] Sandstorm","|-damage|p2a: Blissey|511/651 par|[from] Sandstorm","|-heal|p1a: Blissey|647/714|[from] item: Leftovers","|-heal|p2a: Blissey|551/651 par|[from] item: Leftovers","|upkeep","|turn|91","||adding 10 for new turn","|","|t:|1753076388","|move|p1a: Blissey|Seismic Toss|p2a: Blissey","|-damage|p2a: Blissey|451/651 par","|move|p2a: Blissey|Soft-Boiled|p2a: Blissey","|-heal|p2a: Blissey|651/651 par","|","|-weather|Sandstorm|[upkeep]","|-damage|p1a: Blissey|603/714|[from] Sandstorm","|-damage|p2a: Blissey|611/651 par|[from] Sandstorm","|-heal|p1a: Blissey|647/714|[from] item: Leftovers","|-heal|p2a: Blissey|651/651 par|[from] item: Leftovers","|upkeep","|turn|92","||adding 10 for new turn","|","|t:|1753076392","|-curestatus|p2a: Blissey|par|[from] ability: Natural Cure","|switch|p2a: Swampert|Swampert, F|401/401","|move|p1a: Blissey|Seismic Toss|p2a: Swampert","|-damage|p2a: Swampert|301/401","|","|-weather|Sandstorm|[upkeep]","|-damage|p1a: Blissey|603/714|[from] Sandstorm","|-heal|p2a: Swampert|326/401|[from] item: Leftovers","|-heal|p1a: Blissey|647/714|[from] item: Leftovers","|upkeep","|turn|93","||adding 10 for new turn","|","|t:|1753076400","|move|p2a: Swampert|Earthquake|p1a: Blissey","|-damage|p1a: Blissey|420/714","|move|p1a: Blissey|Soft-Boiled|p1a: Blissey","|-heal|p1a: Blissey|714/714","|","|-weather|Sandstorm|[upkeep]","|-damage|p1a: Blissey|670/714|[from] Sandstorm","|-heal|p2a: Swampert|351/401|[from] item: Leftovers","|-heal|p1a: Blissey|714/714|[from] item: Leftovers","|upkeep","|turn|94","||adding 10 for new turn","|","|t:|1753076408","|move|p2a: Swampert|Earthquake|p1a: Blissey","|-damage|p1a: Blissey|502/714","|move|p1a: Blissey|Seismic Toss|p2a: Swampert","|-damage|p2a: Swampert|251/401","|","|-weather|Sandstorm|[upkeep]","|-damage|p1a: Blissey|458/714|[from] Sandstorm","|-heal|p2a: Swampert|276/401|[from] item: Leftovers","|-heal|p1a: Blissey|502/714|[from] item: Leftovers","|upkeep","|turn|95","||adding 10 for new turn","|","|t:|1753076416","|move|p2a: Swampert|Earthquake|p1a: Blissey","|-damage|p1a: Blissey|285/714","|move|p1a: Blissey|Soft-Boiled|p1a: Blissey","|-heal|p1a: Blissey|642/714","|","|-weather|Sandstorm|[upkeep]","|-damage|p1a: Blissey|598/714|[from] Sandstorm","|-heal|p2a: Swampert|301/401|[from] item: Leftovers","|-heal|p1a: Blissey|642/714|[from] item: Leftovers","|upkeep","|turn|96","||adding 10 for new turn","|","|t:|1753076424","|move|p2a: Swampert|Earthquake|p1a: Blissey","|-damage|p1a: Blissey|392/714","|move|p1a: Blissey|Soft-Boiled|p1a: Blissey","|-heal|p1a: Blissey|714/714","|","|-weather|Sandstorm|[upkeep]","|-damage|p1a: Blissey|670/714|[from] Sandstorm","|-heal|p2a: Swampert|326/401|[from] item: Leftovers","|-heal|p1a: Blissey|714/714|[from] item: Leftovers","|upkeep","|turn|97","||adding 10 for new turn","|","|t:|1753076432","|move|p2a: Swampert|Earthquake|p1a: Blissey","|-damage|p1a: Blissey|482/714","|move|p1a: Blissey|Seismic Toss|p2a: Swampert","|-damage|p2a: Swampert|226/401","|","|-weather|Sandstorm|[upkeep]","|-damage|p1a: Blissey|438/714|[from] Sandstorm","|-heal|p2a: Swampert|251/401|[from] item: Leftovers","|-heal|p1a: Blissey|482/714|[from] item: Leftovers","|upkeep","|turn|98","||adding 10 for new turn","|","|t:|1753076440","|move|p2a: Swampert|Earthquake|p1a: Blissey","|-damage|p1a: Blissey|250/714","|move|p1a: Blissey|Soft-Boiled|p1a: Blissey","|-heal|p1a: Blissey|607/714","|","|-weather|Sandstorm|[upkeep]","|-damage|p1a: Blissey|563/714|[from] Sandstorm","|-heal|p2a: Swampert|276/401|[from] item: Leftovers","|-heal|p1a: Blissey|607/714|[from] item: Leftovers","|upkeep","|turn|99","||adding 10 for new turn","|","|t:|1753076447","|move|p2a: Swampert|Earthquake|p1a: Blissey","|-damage|p1a: Blissey|357/714","|move|p1a: Blissey|Soft-Boiled|p1a: Blissey","|-heal|p1a: Blissey|714/714","|","|-weather|Sandstorm|[upkeep]","|-damage|p1a: Blissey|670/714|[from] Sandstorm","|-heal|p2a: Swampert|301/401|[from] item: Leftovers","|-heal|p1a: Blissey|714/714|[from] item: Leftovers","|upkeep","|turn|100","||adding 10 for new turn","|","|t:|1753076455","|move|p2a: Swampert|Earthquake|p1a: Blissey","|-damage|p1a: Blissey|479/714","|move|p1a: Blissey|Thunder Wave|p2a: Swampert","|-immune|p2a: Swampert","|","|-weather|Sandstorm|[upkeep]","|-damage|p1a: Blissey|435/714|[from] Sandstorm","|-heal|p2a: Swampert|326/401|[from] item: Leftovers","|-heal|p1a: Blissey|479/714|[from] item: Leftovers","|upkeep","|turn|101","||adding 10 for new turn","|","|t:|1753076463","|move|p2a: Swampert|Earthquake|p1a: Blissey","|-damage|p1a: Blissey|237/714","|move|p1a: Blissey|Soft-Boiled|p1a: Blissey","|-heal|p1a: Blissey|594/714","|","|-weather|Sandstorm|[upkeep]","|-damage|p1a: Blissey|550/714|[from] Sandstorm","|-heal|p2a: Swampert|351/401|[from] item: Leftovers","|-heal|p1a: Blissey|594/714|[from] item: Leftovers","|upkeep","|turn|102","||adding 10 for new turn","|","|t:|1753076470","|move|p2a: Swampert|Earthquake|p1a: Blissey","|-damage|p1a: Blissey|364/714","|move|p1a: Blissey|Soft-Boiled|p1a: Blissey","|-heal|p1a: Blissey|714/714","|","|-weather|Sandstorm|[upkeep]","|-damage|p1a: Blissey|670/714|[from] Sandstorm","|-heal|p2a: Swampert|376/401|[from] item: Leftovers","|-heal|p1a: Blissey|714/714|[from] item: Leftovers","|upkeep","|turn|103","||adding 10 for new turn","|","|t:|1753076478","|move|p2a: Swampert|Earthquake|p1a: Blissey","|-damage|p1a: Blissey|464/714","|move|p1a: Blissey|Thunder Wave|p2a: Swampert","|-immune|p2a: Swampert","|","|-weather|Sandstorm|[upkeep]","|-damage|p1a: Blissey|420/714|[from] Sandstorm","|-heal|p2a: Swampert|401/401|[from] item: Leftovers","|-heal|p1a: Blissey|464/714|[from] item: Leftovers","|upkeep","|turn|104","||adding 10 for new turn","|","|t:|1753076485","|move|p2a: Swampert|Earthquake|p1a: Blissey","|-damage|p1a: Blissey|247/714","|move|p1a: Blissey|Thunder Wave|p2a: Swampert","|-immune|p2a: Swampert","|","|-weather|Sandstorm|[upkeep]","|-damage|p1a: Blissey|203/714|[from] Sandstorm","|-heal|p1a: Blissey|247/714|[from] item: Leftovers","|upkeep","|turn|105","||adding 10 for new turn","|","|t:|1753076492","|move|p2a: Swampert|Earthquake|p1a: Blissey","|-damage|p1a: Blissey|20/714","|move|p1a: Blissey|Thunder Wave|p2a: Swampert","|-immune|p2a: Swampert","|","|-weather|Sandstorm|[upkeep]","|-damage|p1a: Blissey|0 fnt|[from] Sandstorm","|faint|p1a: Blissey","|upkeep","||adding 5 to each for mid turn request","|","|t:|1753076499","|switch|p1a: Dugtrio|Dugtrio, F|235/235","|-damage|p1a: Dugtrio|177/235|[from] Spikes","|turn|106","||adding 10 for new turn","|","|t:|1753076506","|move|p1a: Dugtrio|Hidden Power|p2a: Swampert","|-damage|p2a: Swampert|328/401","|move|p2a: Swampert|Earthquake|p1a: Dugtrio","|-damage|p1a: Dugtrio|0 fnt","|faint|p1a: Dugtrio","||adding 5 to each for mid turn request","|","|t:|1753076512","|switch|p1a: Snorlax|Snorlax, M|223/497","|-damage|p1a: Snorlax|99/497|[from] Spikes","|","|-weather|Sandstorm|[upkeep]","|-damage|p1a: Snorlax|68/497|[from] Sandstorm","|-heal|p2a: Swampert|353/401|[from] item: Leftovers","|-heal|p1a: Snorlax|99/497|[from] item: Leftovers","|upkeep","|turn|107","||adding 10 for new turn","|","|t:|1753076519","|move|p2a: Swampert|Earthquake|p1a: Snorlax","|-damage|p1a: Snorlax|0 fnt","|faint|p1a: Snorlax","|","|win|foultestacceptor1",""],"p1rating":null,"p2rating":null,"endType":"normal","ladderError":true,"timestamp":"Sun Jul 20 2025 22:41:59 GMT-0700 (アメリカ太平洋夏時間)","roomid":"battle-gen3ou-1128","format":"gen3ou"}