{"winner":"foultestacceptor1","seed":"sodium,47aabcdba1c0fdba0be7ddc9ad8fd649","turns":35,"p1":"foultestchallenge1","p2":"foultestacceptor1","p1team":[{"name":"Skarmory","species":"Skarmory","item":"Leftovers","ability":"Keen Eye","moves":["Spikes","Protect","Roar","Toxic"],"nature":"Careful","evs":{"hp":252,"atk":0,"def":8,"spa":0,"spd":248,"spe":0},"gender":"F","ivs":{"hp":31,"atk":0,"def":31,"spa":31,"spd":31,"spe":31},"level":100},{"name":"Blissey","species":"Blissey","item":"Leftovers","ability":"Natural Cure","moves":["Soft-Boiled","Ice Beam","Toxic","Fire Blast"],"nature":"Modest","evs":{"hp":0,"atk":0,"def":252,"spa":252,"spd":0,"spe":4},"gender":"F","ivs":{"hp":31,"atk":0,"def":31,"spa":31,"spd":31,"spe":31},"shiny":true,"level":100},{"name":"Tyranitar","species":"Tyranitar","item":"Leftovers","ability":"Sand Stream","moves":["Focus Punch","Rock Slide","Hidden Power Bug","Earthquake"],"nature":"Adamant","evs":{"hp":248,"atk":196,"def":12,"spa":0,"spd":52,"spe":0},"gender":"F","ivs":{"hp":31,"atk":30,"def":30,"spa":31,"spd":30,"spe":31},"happiness":255,"hpType":"Bug","pokeball":"","gigantamax":false,"dynamaxLevel":10,"teraType":"","level":100},{"name":"Swampert","species":"Swampert","item":"Leftovers","ability":"Torrent","moves":["Earthquake","Ice Beam","Hydro Pump","Protect"],"nature":"Relaxed","evs":{"hp":240,"atk":0,"def":136,"spa":40,"spd":48,"spe":44},"gender":"F","level":100,"ivs":{"hp":31,"atk":31,"def":31,"spa":31,"spd":31,"spe":31}},{"name":"Gengar","species":"Gengar","item":"Leftovers","ability":"Levitate","moves":["Will-O-Wisp","Thunderbolt","Ice Punch","Explosion"],"nature":"Timid","evs":{"hp":168,"atk":0,"def":0,"spa":0,"spd":164,"spe":176},"gender":"F","level":100,"ivs":{"hp":31,"atk":31,"def":31,"spa":31,"spd":31,"spe":31}},{"name":"Starmie","species":"Starmie","item":"Leftovers","ability":"Natural Cure","moves":["Hydro Pump","Ice Beam","Thunderbolt","Rapid Spin"],"nature":"Timid","evs":{"hp":4,"atk":0,"def":0,"spa":252,"spd":0,"spe":252},"gender":"N","ivs":{"hp":31,"atk":0,"def":31,"spa":31,"spd":31,"spe":31},"level":100}],"p2team":[{"name":"Skarmory","species":"Skarmory","item":"Leftovers","ability":"Keen Eye","moves":["Spikes","Roar","Toxic","Protect"],"nature":"Careful","evs":{"hp":252,"atk":0,"def":0,"spa":0,"spd":252,"spe":4},"gender":"F","ivs":{"hp":31,"atk":0,"def":31,"spa":31,"spd":31,"spe":31},"level":100},{"name":"Jolteon","species":"Jolteon","item":"Leftovers","ability":"Volt Absorb","moves":["Thunderbolt","Thunder Wave","Hidden Power Grass","Baton Pass"],"nature":"Timid","evs":{"hp":4,"atk":0,"def":0,"spa":252,"spd":0,"spe":252},"gender":"F","ivs":{"hp":31,"atk":2,"def":31,"spa":30,"spd":31,"spe":31},"happiness":255,"hpType":"Grass","pokeball":"","gigantamax":false,"dynamaxLevel":10,"teraType":"","level":100},{"name":"Tyranitar","species":"Tyranitar","item":"Leftovers","ability":"Sand Stream","moves":["Focus Punch","Earthquake","Hidden Power Bug","Rock Slide"],"nature":"Adamant","evs":{"hp":252,"atk":252,"def":4,"spa":0,"spd":0,"spe":0},"gender":"M","ivs":{"hp":31,"atk":31,"def":31,"spa":31,"spd":30,"spe":30},"happiness":255,"hpType":"Bug","pokeball":"","gigantamax":false,"dynamaxLevel":10,"teraType":"","level":100},{"name":"Gengar","species":"Gengar","item":"Leftovers","ability":"Levitate","moves":["Ice Punch","Fire Punch","Hidden Power Grass","Explosion"],"nature":"Hasty","evs":{"hp":40,"atk":0,"def":0,"spa":252,"spd":0,"spe":216},"gender":"F","ivs":{"hp":31,"atk":30,"def":31,"spa":30,"spd":31,"spe":31},"happiness":255,"hpType":"Grass","pokeball":"","gigantamax":false,"dynamaxLevel":10,"teraType":"","level":100},{"name":"Metagross","species":"Metagross","item":"Choice Band","ability":"Clear Body","moves":["Meteor Mash","Earthquake","Rock Slide","Explosion"],"nature":"Adamant","evs":{"hp":68,"atk":252,"def":0,"spa":0,"spd":0,"spe":188},"gender":"N","level":100,"ivs":{"hp":31,"atk":31,"def":31,"spa":31,"spd":31,"spe":31}},{"name":"Starmie","species":"Starmie","item":"Leftovers","ability":"Natural Cure","moves":["Hydro Pump","Thunderbolt","Ice Beam","Psychic"],"nature":"Timid","evs":{"hp":4,"atk":0,"def":0,"spa":252,"spd":0,"spe":252},"gender":"N","ivs":{"hp":31,"atk":0,"def":31,"spa":31,"spd":31,"spe":31},"level":100}],"score":[0,2],"inputLog":[">version 372d05e49c92a79eecdf6c8dddb208bd1765c00f",">start {\"formatid\":\"gen3ou\",\"seed\":\"sodium,47aabcdba1c0fdba0be7ddc9ad8fd649\"}",">player p1 {\"name\":\"foultestchallenge1\",\"avatar\":\"169\",\"team\":\"Skarmory||Leftovers|KeenEye|Spikes,Protect,Roar,Toxic|Careful|252,,8,,248,|F|,0,,,,|||]Blissey||Leftovers|NaturalCure|SoftBoiled,IceBeam,Toxic,FireBlast|Modest|,,252,252,,4|F|,0,,,,|S||]Tyranitar||Leftovers|SandStream|FocusPunch,RockSlide,HiddenPowerBug,Earthquake|Adamant|248,196,12,,52,|F|,30,30,,30,|||,Bug,,,,]Swampert||Leftovers|Torrent|Earthquake,IceBeam,HydroPump,Protect|Relaxed|240,,136,40,48,44|F||||]Gengar||Leftovers|Levitate|WillOWisp,Thunderbolt,IcePunch,Explosion|Timid|168,,,,164,176|F||||]Starmie||Leftovers|NaturalCure|HydroPump,IceBeam,Thunderbolt,RapidSpin|Timid|4,,,252,,252|N|,0,,,,|||\",\"rating\":0}",">player p2 {\"name\":\"foultestacceptor1\",\"avatar\":\"102\",\"team\":\"Skarmory||Leftovers|KeenEye|Spikes,Roar,Toxic,Protect|Careful|252,,,,252,4|F|,0,,,,|||]Jolteon||Leftovers|VoltAbsorb|Thunderbolt,ThunderWave,HiddenPowerGrass,BatonPass|Timid|4,,,252,,252|F|,2,,30,,|||,Grass,,,,]Tyranitar||Leftovers|SandStream|FocusPunch,Earthquake,HiddenPowerBug,RockSlide|Adamant|252,252,4,,,|M|,,,,30,30|||,Bug,,,,]Gengar||Leftovers|Levitate|IcePunch,FirePunch,HiddenPowerGrass,Explosion|Hasty|40,,,252,,216|F|,30,,30,,|||,Grass,,,,]Metagross||ChoiceBand|ClearBody|MeteorMash,Earthquake,RockSlide,Explosion|Adamant|68,252,,,,188|N||||]Starmie||Leftovers|NaturalCure|HydroPump,Thunderbolt,IceBeam,Psychic|Timid|4,,,252,,252|N|,0,,,,|||\",\"rating\":0}",">p1 move spikes",">p2 move spikes",">p1 move spikes",">p2 move spikes",">p1 move spikes",">p2 move spikes",">p1 move roar",">p2 move roar",">p1 move rapidspin",">p2 move roar",">p1 move focuspunch",">p2 move toxic",">p1 move focuspunch",">p2 move spikes",">p1 move focuspunch",">p2 switch 5",">p1 switch 4",">p2 move explosion",">p1 switch 5",">p2 switch 6",">p1 move thunderbolt",">p2 move psychic",">p2 switch 4",">p1 switch 2",">p2 move hiddenpower",">p1 move icebeam",">p2 switch 3",">p1 move icebeam",">p2 move rockslide",">p1 switch 3",">p1 move hydropump",">p2 move hiddenpower",">p2 switch 2",">p1 switch 4",">p2 move thunderbolt",">p1 move earthquake",">p2 move thunderbolt",">p2 switch 3",">p1 switch 6",">p2 move hiddenpower",">p1 move protect",">p2 move firepunch",">p1 switch 4",">p2 move firepunch",">p1 move hydropump",">p2 move hiddenpower",">p1 switch 4",">p1 move protect",">p2 move firepunch",">p1 move protect",">p2 move firepunch",">p1 switch 6",">p2 move firepunch",">p1 switch 6",">p2 move icepunch",">p1 move protect",">p2 move firepunch",">p1 move protect",">p2 move firepunch",">p1 move protect",">p2 move firepunch",">p1 move protect",">p2 move firepunch",">p1 move protect",">p2 move firepunch",">p1 move protect",">p2 move icepunch",">p1 move protect",">p2 move icepunch",">p1 switch 6",">p2 move firepunch",">p1 switch 2",">p1 move explosion",">p2 move firepunch",">p1 switch 6",">p1 move protect",">p2 move firepunch",">p1 move protect",">p2 move firepunch"],"log":["|j|☆foultestchallenge1","|j|☆foultestacceptor1","|t:|1753074807","|gametype|singles","|player|p1|foultestchallenge1|169|","|player|p2|foultestacceptor1|102|","|teamsize|p1|6","|teamsize|p2|6","|gen|3","|tier|[Gen 3] OU","|rule|Sleep Clause Mod: Limit one foe put to sleep","|rule|Switch Priority Clause Mod: Faster Pokémon switch first","|rule|Species Clause: Limit one of each Pokémon","|rule|OHKO Clause: OHKO moves are banned","|rule|Evasion Items Clause: Evasion items are banned","|rule|Evasion Moves Clause: Evasion moves are banned","|rule|Endless Battle Clause: Forcing endless battles is banned","|rule|HP Percentage Mod: HP is shown in percentages","|rule|One Boost Passer Clause: Limit one Baton Passer that has a way to boost its stats","|rule|Freeze Clause Mod: Limit one foe frozen","|","|t:|1753074807","|start","|switch|p1a: Skarmory|Skarmory, F|334/334","|switch|p2a: Skarmory|Skarmory, F|334/334","|turn|1","|inactive|Battle timer is ON: inactive players will automatically lose when time's up. (requested by foultestacceptor1)","|inactive|foultestchallenge1 also wants the timer to be on.","|","|t:|1753074816","|move|p2a: Skarmory|Spikes|p1a: Skarmory","|-sidestart|p1: foultestchallenge1|Spikes","|move|p1a: Skarmory|Spikes|p2a: Skarmory","|-sidestart|p2: foultestacceptor1|Spikes","|","|upkeep","|turn|2","||adding 10 for new turn","|","|t:|1753074823","|move|p2a: Skarmory|Spikes|p1a: Skarmory","|-sidestart|p1: foultestchallenge1|Spikes","|move|p1a: Skarmory|Spikes|p2a: Skarmory","|-sidestart|p2: foultestacceptor1|Spikes","|","|upkeep","|turn|3","||adding 10 for new turn","|","|t:|1753074832","|move|p2a: Skarmory|Spikes|p1a: Skarmory","|-sidestart|p1: foultestchallenge1|Spikes","|move|p1a: Skarmory|Spikes|p2a: Skarmory","|-sidestart|p2: foultestacceptor1|Spikes","|","|upkeep","|turn|4","||adding 10 for new turn","|","|t:|1753074840","|move|p2a: Skarmory|Roar|p1a: Skarmory","|drag|p1a: Starmie|Starmie|262/262","|-damage|p1a: Starmie|197/262|[from] Spikes","|","|-heal|p1a: Starmie|213/262|[from] item: Leftovers","|upkeep","|turn|5","||adding 10 for new turn","|","|t:|1753074848","|move|p1a: Starmie|Rapid Spin|p2a: Skarmory","|-resisted|p2a: Skarmory","|-damage|p2a: Skarmory|331/334","|-sideend|p1: foultestchallenge1|Spikes|[from] move: Rapid Spin|[of] p1a: Starmie","|move|p2a: Skarmory|Roar|p1a: Starmie","|drag|p1a: Tyranitar|Tyranitar, F|403/403","|-weather|Sandstorm|[from] ability: Sand Stream|[of] p1a: Tyranitar","|","|-weather|Sandstorm|[upkeep]","|-heal|p2a: Skarmory|334/334|[from] item: Leftovers","|upkeep","|turn|6","||adding 10 for new turn","|","|t:|1753074856","|-singleturn|p1a: Tyranitar|move: Focus Punch","|move|p2a: Skarmory|Toxic|p1a: Tyranitar|[miss]","|-miss|p2a: Skarmory|p1a: Tyranitar","|move|p1a: Tyranitar|Focus Punch|p2a: Skarmory","|-damage|p2a: Skarmory|200/334","|","|-weather|Sandstorm|[upkeep]","|-heal|p2a: Skarmory|220/334|[from] item: Leftovers","|upkeep","|turn|7","||adding 10 for new turn","|","|t:|1753074865","|-singleturn|p1a: Tyranitar|move: Focus Punch","|move|p2a: Skarmory|Spikes|p1a: Tyranitar","|-sidestart|p1: foultestchallenge1|Spikes","|move|p1a: Tyranitar|Focus Punch|p2a: Skarmory","|-damage|p2a: Skarmory|86/334","|","|-weather|Sandstorm|[upkeep]","|-heal|p2a: Skarmory|106/334|[from] item: Leftovers","|upkeep","|turn|8","||adding 10 for new turn","|","|t:|1753074873","|-singleturn|p1a: Tyranitar|move: Focus Punch","|switch|p2a: Metagross|Metagross|318/318","|-damage|p2a: Metagross|239/318|[from] Spikes","|move|p1a: Tyranitar|Focus Punch|p2a: Metagross","|-damage|p2a: Metagross|98/318","|","|-weather|Sandstorm|[upkeep]","|upkeep","|turn|9","||adding 10 for new turn","|","|t:|1753074881","|switch|p1a: Swampert|Swampert, F|401/401","|-damage|p1a: Swampert|351/401|[from] Spikes","|move|p2a: Metagross|Explosion|p1a: Swampert","|-damage|p1a: Swampert|0 fnt","|faint|p2a: Metagross","|faint|p1a: Swampert","||adding 5 to each for mid turn request","|","|t:|1753074890","|switch|p2a: Starmie|Starmie|262/262","|switch|p1a: Gengar|Gengar, F|303/303","|-damage|p2a: Starmie|197/262|[from] Spikes","|","|-weather|Sandstorm|[upkeep]","|-damage|p2a: Starmie|181/262|[from] Sandstorm","|-damage|p1a: Gengar|285/303|[from] Sandstorm","|-heal|p2a: Starmie|197/262|[from] item: Leftovers","|-heal|p1a: Gengar|303/303|[from] item: Leftovers","|upkeep","|turn|10","||adding 10 for new turn","|","|t:|1753074898","|move|p2a: Starmie|Psychic|p1a: Gengar","|-supereffective|p1a: Gengar","|-damage|p1a: Gengar|29/303","|move|p1a: Gengar|Thunderbolt|p2a: Starmie","|-supereffective|p2a: Starmie","|-damage|p2a: Starmie|0 fnt","|faint|p2a: Starmie","||adding 5 to each for mid turn request","|","|t:|1753074906","|switch|p2a: Gengar|Gengar, F|271/271","|","|-weather|Sandstorm|[upkeep]","|-damage|p2a: Gengar|255/271|[from] Sandstorm","|-damage|p1a: Gengar|11/303|[from] Sandstorm","|-heal|p2a: Gengar|271/271|[from] item: Leftovers","|-heal|p1a: Gengar|29/303|[from] item: Leftovers","|upkeep","|turn|11","||adding 10 for new turn","|","|t:|1753074913","|switch|p1a: Blissey|Blissey, F, shiny|651/651","|-damage|p1a: Blissey|570/651|[from] Spikes","|move|p2a: Gengar|Hidden Power|p1a: Blissey","|-crit|p1a: Blissey","|-damage|p1a: Blissey|433/651","|","|-weather|Sandstorm|[upkeep]","|-damage|p2a: Gengar|255/271|[from] Sandstorm","|-damage|p1a: Blissey|393/651|[from] Sandstorm","|-heal|p2a: Gengar|271/271|[from] item: Leftovers","|-heal|p1a: Blissey|433/651|[from] item: Leftovers","|upkeep","|turn|12","||adding 10 for new turn","|","|t:|1753074921","|switch|p2a: Tyranitar|Tyranitar, M|404/404","|-damage|p2a: Tyranitar|303/404|[from] Spikes","|move|p1a: Blissey|Ice Beam|p2a: Tyranitar","|-damage|p2a: Tyranitar|218/404","|","|-weather|Sandstorm|[upkeep]","|-damage|p1a: Blissey|393/651|[from] Sandstorm","|-heal|p2a: Tyranitar|243/404|[from] item: Leftovers","|-heal|p1a: Blissey|433/651|[from] item: Leftovers","|upkeep","|turn|13","||adding 10 for new turn","|","|t:|1753074930","|move|p2a: Tyranitar|Rock Slide|p1a: Blissey","|-crit|p1a: Blissey","|-damage|p1a: Blissey|0 fnt","|faint|p1a: Blissey","||adding 5 to each for mid turn request","|","|t:|1753074938","|switch|p1a: Starmie|Starmie|213/262","|-damage|p1a: Starmie|181/262|[from] Spikes","|","|-weather|Sandstorm|[upkeep]","|-damage|p1a: Starmie|165/262|[from] Sandstorm","|-heal|p1a: Starmie|181/262|[from] item: Leftovers","|-heal|p2a: Tyranitar|268/404|[from] item: Leftovers","|upkeep","|turn|14","||adding 10 for new turn","|","|t:|1753074945","|move|p1a: Starmie|Hydro Pump|p2a: Tyranitar","|-supereffective|p2a: Tyranitar","|-damage|p2a: Tyranitar|0 fnt","|faint|p2a: Tyranitar","||adding 5 to each for mid turn request","|","|t:|1753074953","|switch|p2a: Jolteon|Jolteon, F|272/272","|-damage|p2a: Jolteon|204/272|[from] Spikes","|","|-weather|Sandstorm|[upkeep]","|-damage|p2a: Jolteon|187/272|[from] Sandstorm","|-damage|p1a: Starmie|165/262|[from] Sandstorm","|-heal|p2a: Jolteon|204/272|[from] item: Leftovers","|-heal|p1a: Starmie|181/262|[from] item: Leftovers","|upkeep","|turn|15","||adding 10 for new turn","|","|t:|1753074961","|switch|p1a: Tyranitar|Tyranitar, F|403/403","|-damage|p1a: Tyranitar|353/403|[from] Spikes","|move|p2a: Jolteon|Thunderbolt|p1a: Tyranitar","|-damage|p1a: Tyranitar|219/403","|","|-weather|Sandstorm|[upkeep]","|-damage|p2a: Jolteon|187/272|[from] Sandstorm","|-heal|p2a: Jolteon|204/272|[from] item: Leftovers","|-heal|p1a: Tyranitar|244/403|[from] item: Leftovers","|upkeep","|turn|16","||adding 10 for new turn","|","|t:|1753074969","|move|p2a: Jolteon|Thunderbolt|p1a: Tyranitar","|-damage|p1a: Tyranitar|93/403","|move|p1a: Tyranitar|Earthquake|p2a: Jolteon","|-supereffective|p2a: Jolteon","|-damage|p2a: Jolteon|0 fnt","|faint|p2a: Jolteon","||adding 5 to each for mid turn request","|","|t:|1753074977","|switch|p2a: Gengar|Gengar, F|271/271","|","|-weather|Sandstorm|[upkeep]","|-damage|p2a: Gengar|255/271|[from] Sandstorm","|-heal|p2a: Gengar|271/271|[from] item: Leftovers","|-heal|p1a: Tyranitar|118/403|[from] item: Leftovers","|upkeep","|turn|17","||adding 10 for new turn","|","|t:|1753074984","|switch|p1a: Skarmory|Skarmory, F|334/334","|move|p2a: Gengar|Hidden Power|p1a: Skarmory","|-resisted|p1a: Skarmory","|-damage|p1a: Skarmory|317/334","|","|-weather|Sandstorm|[upkeep]","|-damage|p2a: Gengar|255/271|[from] Sandstorm","|-heal|p2a: Gengar|271/271|[from] item: Leftovers","|-heal|p1a: Skarmory|334/334|[from] item: Leftovers","|upkeep","|turn|18","||adding 10 for new turn","|","|t:|1753074992","|move|p1a: Skarmory|Protect|p1a: Skarmory","|-singleturn|p1a: Skarmory|Protect","|move|p2a: Gengar|Fire Punch|p1a: Skarmory","|-activate|p1a: Skarmory|Protect","|","|-weather|Sandstorm|[upkeep]","|-damage|p2a: Gengar|255/271|[from] Sandstorm","|-heal|p2a: Gengar|271/271|[from] item: Leftovers","|upkeep","|turn|19","||adding 10 for new turn","|","|t:|1753075000","|switch|p1a: Starmie|Starmie|181/262","|-damage|p1a: Starmie|149/262|[from] Spikes","|move|p2a: Gengar|Fire Punch|p1a: Starmie","|-resisted|p1a: Starmie","|-damage|p1a: Starmie|99/262","|","|-weather|Sandstorm|[upkeep]","|-damage|p1a: Starmie|83/262|[from] Sandstorm","|-damage|p2a: Gengar|255/271|[from] Sandstorm","|-heal|p1a: Starmie|99/262|[from] item: Leftovers","|-heal|p2a: Gengar|271/271|[from] item: Leftovers","|upkeep","|turn|20","||adding 10 for new turn","|","|t:|1753075008","|move|p1a: Starmie|Hydro Pump|p2a: Gengar|[miss]","|-miss|p1a: Starmie|p2a: Gengar","|move|p2a: Gengar|Hidden Power|p1a: Starmie","|-supereffective|p1a: Starmie","|-damage|p1a: Starmie|0 fnt","|faint|p1a: Starmie","||adding 5 to each for mid turn request","|","|t:|1753075016","|switch|p1a: Skarmory|Skarmory, F|334/334","|","|-weather|Sandstorm|[upkeep]","|-damage|p2a: Gengar|255/271|[from] Sandstorm","|-heal|p2a: Gengar|271/271|[from] item: Leftovers","|upkeep","|turn|21","||adding 10 for new turn","|","|t:|1753075023","|move|p1a: Skarmory|Protect|p1a: Skarmory","|-singleturn|p1a: Skarmory|Protect","|move|p2a: Gengar|Fire Punch|p1a: Skarmory","|-activate|p1a: Skarmory|Protect","|","|-weather|Sandstorm|[upkeep]","|-damage|p2a: Gengar|255/271|[from] Sandstorm","|-heal|p2a: Gengar|271/271|[from] item: Leftovers","|upkeep","|turn|22","||adding 10 for new turn","|","|t:|1753075031","|move|p1a: Skarmory|Protect|p1a: Skarmory","|-singleturn|p1a: Skarmory|Protect","|move|p2a: Gengar|Fire Punch|p1a: Skarmory","|-activate|p1a: Skarmory|Protect","|","|-weather|Sandstorm|[upkeep]","|-damage|p2a: Gengar|255/271|[from] Sandstorm","|-heal|p2a: Gengar|271/271|[from] item: Leftovers","|upkeep","|turn|23","||adding 10 for new turn","|","|t:|1753075039","|switch|p1a: Tyranitar|Tyranitar, F|118/403","|-damage|p1a: Tyranitar|68/403|[from] Spikes","|move|p2a: Gengar|Fire Punch|p1a: Tyranitar","|-resisted|p1a: Tyranitar","|-damage|p1a: Tyranitar|29/403","|","|-weather|Sandstorm|[upkeep]","|-damage|p2a: Gengar|255/271|[from] Sandstorm","|-heal|p2a: Gengar|271/271|[from] item: Leftovers","|-heal|p1a: Tyranitar|54/403|[from] item: Leftovers","|upkeep","|turn|24","||adding 10 for new turn","|","|t:|1753075047","|switch|p1a: Skarmory|Skarmory, F|334/334","|move|p2a: Gengar|Ice Punch|p1a: Skarmory","|-damage|p1a: Skarmory|249/334","|","|-weather|Sandstorm|[upkeep]","|-damage|p2a: Gengar|255/271|[from] Sandstorm","|-heal|p2a: Gengar|271/271|[from] item: Leftovers","|-heal|p1a: Skarmory|269/334|[from] item: Leftovers","|upkeep","|turn|25","||adding 10 for new turn","|","|t:|1753075055","|move|p1a: Skarmory|Protect|p1a: Skarmory","|-singleturn|p1a: Skarmory|Protect","|move|p2a: Gengar|Fire Punch|p1a: Skarmory","|-activate|p1a: Skarmory|Protect","|","|-weather|Sandstorm|[upkeep]","|-damage|p2a: Gengar|255/271|[from] Sandstorm","|-heal|p2a: Gengar|271/271|[from] item: Leftovers","|-heal|p1a: Skarmory|289/334|[from] item: Leftovers","|upkeep","|turn|26","||adding 10 for new turn","|","|t:|1753075062","|move|p1a: Skarmory|Protect|p1a: Skarmory","|-singleturn|p1a: Skarmory|Protect","|move|p2a: Gengar|Fire Punch|p1a: Skarmory","|-activate|p1a: Skarmory|Protect","|","|-weather|Sandstorm|[upkeep]","|-damage|p2a: Gengar|255/271|[from] Sandstorm","|-heal|p2a: Gengar|271/271|[from] item: Leftovers","|-heal|p1a: Skarmory|309/334|[from] item: Leftovers","|upkeep","|turn|27","||adding 10 for new turn","|","|t:|1753075070","|move|p1a: Skarmory|Protect||[still]","|-fail|p1a: Skarmory","|move|p2a: Gengar|Fire Punch|p1a: Skarmory","|-supereffective|p1a: Skarmory","|-damage|p1a: Skarmory|139/334","|","|-weather|Sandstorm|[upkeep]","|-damage|p2a: Gengar|255/271|[from] Sandstorm","|-heal|p2a: Gengar|271/271|[from] item: Leftovers","|-heal|p1a: Skarmory|159/334|[from] item: Leftovers","|upkeep","|turn|28","||adding 10 for new turn","|","|t:|1753075077","|move|p1a: Skarmory|Protect|p1a: Skarmory","|-singleturn|p1a: Skarmory|Protect","|move|p2a: Gengar|Fire Punch|p1a: Skarmory","|-activate|p1a: Skarmory|Protect","|","|-weather|Sandstorm|[upkeep]","|-damage|p2a: Gengar|255/271|[from] Sandstorm","|-heal|p2a: Gengar|271/271|[from] item: Leftovers","|-heal|p1a: Skarmory|179/334|[from] item: Leftovers","|upkeep","|turn|29","||adding 10 for new turn","|","|t:|1753075085","|move|p1a: Skarmory|Protect||[still]","|-fail|p1a: Skarmory","|move|p2a: Gengar|Fire Punch|p1a: Skarmory","|-supereffective|p1a: Skarmory","|-damage|p1a: Skarmory|5/334","|","|-weather|Sandstorm|[upkeep]","|-damage|p2a: Gengar|255/271|[from] Sandstorm","|-heal|p2a: Gengar|271/271|[from] item: Leftovers","|-heal|p1a: Skarmory|25/334|[from] item: Leftovers","|upkeep","|turn|30","||adding 10 for new turn","|","|t:|1753075092","|move|p1a: Skarmory|Protect|p1a: Skarmory","|-singleturn|p1a: Skarmory|Protect","|move|p2a: Gengar|Ice Punch|p1a: Skarmory","|-activate|p1a: Skarmory|Protect","|","|-weather|Sandstorm|[upkeep]","|-damage|p2a: Gengar|255/271|[from] Sandstorm","|-heal|p2a: Gengar|271/271|[from] item: Leftovers","|-heal|p1a: Skarmory|45/334|[from] item: Leftovers","|upkeep","|turn|31","||adding 10 for new turn","|","|t:|1753075099","|move|p1a: Skarmory|Protect|p1a: Skarmory","|-singleturn|p1a: Skarmory|Protect","|move|p2a: Gengar|Ice Punch|p1a: Skarmory","|-activate|p1a: Skarmory|Protect","|","|-weather|Sandstorm|[upkeep]","|-damage|p2a: Gengar|255/271|[from] Sandstorm","|-heal|p2a: Gengar|271/271|[from] item: Leftovers","|-heal|p1a: Skarmory|65/334|[from] item: Leftovers","|upkeep","|turn|32","||adding 10 for new turn","|","|t:|1753075105","|switch|p1a: Tyranitar|Tyranitar, F|54/403","|-damage|p1a: Tyranitar|4/403|[from] Spikes","|move|p2a: Gengar|Fire Punch|p1a: Tyranitar","|-resisted|p1a: Tyranitar","|-damage|p1a: Tyranitar|0 fnt","|faint|p1a: Tyranitar","||adding 5 to each for mid turn request","|","|t:|1753075109","|switch|p1a: Gengar|Gengar, F|29/303","|","|-weather|Sandstorm|[upkeep]","|-damage|p2a: Gengar|255/271|[from] Sandstorm","|-damage|p1a: Gengar|11/303|[from] Sandstorm","|-heal|p2a: Gengar|271/271|[from] item: Leftovers","|-heal|p1a: Gengar|29/303|[from] item: Leftovers","|upkeep","|turn|33","||adding 10 for new turn","|","|t:|1753075116","|move|p2a: Gengar|Fire Punch|p1a: Gengar","|-damage|p1a: Gengar|0 fnt","|faint|p1a: Gengar","||adding 5 to each for mid turn request","|","|t:|1753075119","|switch|p1a: Skarmory|Skarmory, F|65/334","|","|-weather|Sandstorm|[upkeep]","|-damage|p2a: Gengar|255/271|[from] Sandstorm","|-heal|p2a: Gengar|271/271|[from] item: Leftovers","|-heal|p1a: Skarmory|85/334|[from] item: Leftovers","|upkeep","|turn|34","||adding 10 for new turn","|","|t:|1753075126","|move|p1a: Skarmory|Protect|p1a: Skarmory","|-singleturn|p1a: Skarmory|Protect","|move|p2a: Gengar|Fire Punch|p1a: Skarmory","|-activate|p1a: Skarmory|Protect","|","|-weather|Sandstorm|[upkeep]","|-damage|p2a: Gengar|255/271|[from] Sandstorm","|-heal|p2a: Gengar|271/271|[from] item: Leftovers","|-heal|p1a: Skarmory|105/334|[from] item: Leftovers","|upkeep","|turn|35","||adding 10 for new turn","|","|t:|1753075132","|move|p1a: Skarmory|Protect||[still]","|-fail|p1a: Skarmory","|move|p2a: Gengar|Fire Punch|p1a: Skarmory","|-supereffective|p1a: Skarmory","|-damage|p1a: Skarmory|0 fnt","|faint|p1a: Skarmory","|","|win|foultestacceptor1",""],"p1rating":null,"p2rating":null,"endType":"normal","ladderError":true,"timestamp":"Sun Jul 20 2025 22:18:52 GMT-0700 (アメリカ太平洋夏時間)","roomid":"battle-gen3ou-1125","format":"gen3ou"}