{"winner":"foultestchallenge1","seed":"sodium,5afe6ee82d0f6f102ff82979d1cd74a9","turns":231,"p1":"foultestchallenge1","p2":"foultestacceptor1","p1team":[{"name":"Tyranitar","species":"Tyranitar","item":"Leftovers","ability":"Sand Stream","moves":["Rock Slide","Earthquake","Hidden Power Bug","Roar"],"nature":"Adamant","evs":{"hp":184,"atk":196,"def":120,"spa":0,"spd":0,"spe":8},"gender":"M","ivs":{"hp":31,"atk":30,"def":30,"spa":31,"spd":30,"spe":31},"happiness":255,"hpType":"Bug","pokeball":"","gigantamax":false,"dynamaxLevel":10,"teraType":"","level":100},{"name":"Milotic","species":"Milotic","item":"Leftovers","ability":"Marvel Scale","moves":["Surf","Toxic","Recover","Refresh"],"nature":"Bold","evs":{"hp":248,"atk":0,"def":212,"spa":0,"spd":0,"spe":48},"gender":"M","ivs":{"hp":31,"atk":0,"def":31,"spa":31,"spd":31,"spe":31},"level":100},{"name":"Blissey","species":"Blissey","item":"Leftovers","ability":"Natural Cure","moves":["Seismic Toss","Ice Beam","Thunder Wave","Soft-Boiled"],"nature":"Bold","evs":{"hp":40,"atk":0,"def":244,"spa":208,"spd":0,"spe":16},"gender":"F","level":100,"ivs":{"hp":31,"atk":31,"def":31,"spa":31,"spd":31,"spe":31}},{"name":"Skarmory","species":"Skarmory","item":"Leftovers","ability":"Keen Eye","moves":["Drill Peck","Toxic","Spikes","Roar"],"nature":"Careful","evs":{"hp":248,"atk":0,"def":0,"spa":0,"spd":236,"spe":24},"gender":"M","level":100,"ivs":{"hp":31,"atk":31,"def":31,"spa":31,"spd":31,"spe":31}},{"name":"Claydol","species":"Claydol","item":"Leftovers","ability":"Levitate","moves":["Earthquake","Psychic","Refresh","Rapid Spin"],"nature":"Adamant","evs":{"hp":224,"atk":228,"def":0,"spa":36,"spd":0,"spe":20},"gender":"N","level":100,"ivs":{"hp":31,"atk":31,"def":31,"spa":31,"spd":31,"spe":31}},{"name":"Dugtrio","species":"Dugtrio","item":"Choice Band","ability":"Arena Trap","moves":["Earthquake","Aerial Ace","Hidden Power Bug","Screech"],"nature":"Jolly","evs":{"hp":0,"atk":252,"def":0,"spa":0,"spd":4,"spe":252},"gender":"F","ivs":{"hp":31,"atk":30,"def":30,"spa":31,"spd":30,"spe":31},"happiness":255,"hpType":"Bug","pokeball":"","gigantamax":false,"dynamaxLevel":10,"teraType":"","level":100}],"p2team":[{"name":"Dugtrio","species":"Dugtrio","item":"Choice Band","ability":"Arena Trap","moves":["Earthquake","Hidden Power Bug","Aerial Ace","Sunny Day"],"nature":"Adamant","evs":{"hp":96,"atk":168,"def":20,"spa":0,"spd":0,"spe":224},"gender":"M","ivs":{"hp":31,"atk":30,"def":30,"spa":31,"spd":30,"spe":31},"happiness":255,"hpType":"Bug","pokeball":"","gigantamax":false,"dynamaxLevel":10,"teraType":"","level":100},{"name":"Forretress","species":"Forretress","item":"Leftovers","ability":"Sturdy","moves":["Spikes","Zap Cannon","Explosion","Hidden Power Bug"],"nature":"Careful","evs":{"hp":252,"atk":0,"def":4,"spa":0,"spd":252,"spe":0},"gender":"F","ivs":{"hp":31,"atk":30,"def":30,"spa":31,"spd":30,"spe":31},"happiness":255,"hpType":"Bug","pokeball":"","gigantamax":false,"dynamaxLevel":10,"teraType":"","level":100},{"name":"Snorlax","species":"Snorlax","item":"Leftovers","ability":"Immunity","moves":["Return","Curse","Rest","Shadow Ball"],"nature":"Careful","evs":{"hp":144,"atk":96,"def":132,"spa":0,"spd":136,"spe":0},"gender":"F","level":100,"ivs":{"hp":31,"atk":31,"def":31,"spa":31,"spd":31,"spe":31}},{"name":"Suicune","species":"Suicune","item":"Leftovers","ability":"Pressure","moves":["Calm Mind","Rest","Ice Beam","Surf"],"nature":"Bold","evs":{"hp":240,"atk":0,"def":252,"spa":0,"spd":0,"spe":16},"gender":"N","ivs":{"hp":31,"atk":0,"def":31,"spa":31,"spd":31,"spe":31},"level":100},{"name":"Claydol","species":"Claydol","item":"Leftovers","ability":"Levitate","moves":["Earthquake","Psychic","Rapid Spin","Rest"],"nature":"Lonely","evs":{"hp":252,"atk":224,"def":0,"spa":24,"spd":0,"spe":8},"gender":"N","level":100,"ivs":{"hp":31,"atk":31,"def":31,"spa":31,"spd":31,"spe":31}},{"name":"Blissey","species":"Blissey","item":"Leftovers","ability":"Natural Cure","moves":["Soft-Boiled","Seismic Toss","Thunder Wave","Aromatherapy"],"nature":"Bold","evs":{"hp":252,"atk":0,"def":252,"spa":0,"spd":0,"spe":4},"gender":"F","ivs":{"hp":31,"atk":0,"def":31,"spa":31,"spd":31,"spe":31},"level":100}],"score":[4,0],"inputLog":[">version 372d05e49c92a79eecdf6c8dddb208bd1765c00f",">start {\"formatid\":\"gen3ou\",\"seed\":\"sodium,5afe6ee82d0f6f102ff82979d1cd74a9\"}",">player p1 {\"name\":\"foultestchallenge1\",\"avatar\":\"169\",\"team\":\"Tyranitar||Leftovers|SandStream|RockSlide,Earthquake,HiddenPowerBug,Roar|Adamant|184,196,120,,,8|M|,30,30,,30,|||,Bug,,,,]Milotic||Leftovers|MarvelScale|Surf,Toxic,Recover,Refresh|Bold|248,,212,,,48|M|,0,,,,|||]Blissey||Leftovers|NaturalCure|SeismicToss,IceBeam,ThunderWave,SoftBoiled|Bold|40,,244,208,,16|F||||]Skarmory||Leftovers|KeenEye|DrillPeck,Toxic,Spikes,Roar|Careful|248,,,,236,24|M||||]Claydol||Leftovers|Levitate|Earthquake,Psychic,Refresh,RapidSpin|Adamant|224,228,,36,,20|N||||]Dugtrio||ChoiceBand|ArenaTrap|Earthquake,AerialAce,HiddenPowerBug,Screech|Jolly|,252,,,4,252|F|,30,30,,30,|||,Bug,,,,\",\"rating\":0}",">player p2 {\"name\":\"foultestacceptor1\",\"avatar\":\"102\",\"team\":\"Dugtrio||ChoiceBand|ArenaTrap|Earthquake,HiddenPowerBug,AerialAce,SunnyDay|Adamant|96,168,20,,,224|M|,30,30,,30,|||,Bug,,,,]Forretress||Leftovers|Sturdy|Spikes,ZapCannon,Explosion,HiddenPowerBug|Careful|252,,4,,252,|F|,30,30,,30,|||,Bug,,,,]Snorlax||Leftovers|Immunity|Return,Curse,Rest,ShadowBall|Careful|144,96,132,,136,|F||||]Suicune||Leftovers|Pressure|CalmMind,Rest,IceBeam,Surf|Bold|240,,252,,,16|N|,0,,,,|||]Claydol||Leftovers|Levitate|Earthquake,Psychic,RapidSpin,Rest|Lonely|252,224,,24,,8|N||||]Blissey||Leftovers|NaturalCure|SoftBoiled,SeismicToss,ThunderWave,Aromatherapy|Bold|252,,252,,,4|F|,0,,,,|||\",\"rating\":0}",">p1 move earthquake",">p2 move earthquake",">p2 switch 2",">p1 move rockslide",">p2 move spikes",">p1 move rockslide",">p2 move hiddenpower",">p1 move rockslide",">p2 switch 4",">p1 switch 4",">p2 move calmmind",">p1 move spikes",">p2 move surf",">p1 move toxic",">p2 move surf",">p1 switch 3",">p2 move surf",">p1 move softboiled",">p2 move rest",">p1 move seismictoss",">p2 switch 6",">p1 move thunderwave",">p2 move aromatherapy",">p1 move thunderwave",">p2 move softboiled",">p1 move seismictoss",">p2 move seismictoss",">p1 move seismictoss",">p2 move softboiled",">p1 move seismictoss",">p2 move thunderwave",">p1 move thunderwave",">p2 move seismictoss",">p1 move thunderwave",">p2 switch 5",">p1 switch 3",">p2 move rapidspin",">p1 move spikes",">p2 switch 6",">p1 move toxic",">p2 move surf",">p1 switch 3",">p2 switch 6",">p1 move softboiled",">p2 move rapidspin",">p1 move icebeam",">p2 switch 5",">p1 move seismictoss",">p2 switch 6",">p1 move seismictoss",">p2 move calmmind",">p1 move seismictoss",">p2 move rest",">p1 move seismictoss",">p2 switch 6",">p1 switch 5",">p2 move softboiled",">p1 move rapidspin",">p2 move aromatherapy",">p1 move earthquake",">p2 move seismictoss",">p1 move earthquake",">p2 move softboiled",">p1 move earthquake",">p2 move softboiled",">p1 move earthquake",">p2 move seismictoss",">p1 move earthquake",">p2 move softboiled",">p1 move earthquake",">p2 move softboiled",">p1 move earthquake",">p2 switch 4",">p1 move earthquake",">p2 move spikes",">p1 move earthquake",">p2 move hiddenpower",">p2 switch 6",">p1 move rapidspin",">p2 move surf",">p1 switch 2",">p2 move surf",">p1 move toxic",">p2 move calmmind",">p1 move recover",">p2 move calmmind",">p1 move recover",">p2 move surf",">p1 switch 3",">p2 move rest",">p1 move spikes",">p2 move calmmind",">p1 move roar",">p2 move calmmind",">p1 move drillpeck",">p2 move return",">p1 move drillpeck",">p2 move return",">p1 move drillpeck",">p2 move return",">p1 switch 4",">p1 move rockslide",">p2 switch 3",">p1 switch 3",">p2 move calmmind",">p1 move toxic",">p2 move calmmind",">p1 move recover",">p2 move rest",">p1 switch 3",">p2 move icebeam",">p1 move roar",">p2 move rest",">p1 move hiddenpower",">p2 move rest",">p2 switch 3",">p1 switch 3",">p2 move surf",">p1 move toxic",">p2 move calmmind",">p1 switch 5",">p2 move calmmind",">p1 move softboiled",">p2 move rest",">p1 move seismictoss",">p2 move rest",">p1 move seismictoss",">p2 move calmmind",">p1 move seismictoss",">p2 move icebeam",">p1 move seismictoss",">p2 move rest",">p1 switch 3",">p2 move calmmind",">p1 move roar",">p2 move surf",">p1 move rockslide",">p2 switch 4",">p1 switch 3",">p2 move surf",">p1 move softboiled",">p2 move calmmind",">p1 move seismictoss",">p2 move surf",">p1 move seismictoss",">p2 move rest",">p1 switch 3",">p2 move calmmind",">p1 move roar",">p2 move calmmind",">p1 move rockslide",">p2 move thunderwave",">p1 move earthquake",">p2 move softboiled",">p1 move roar",">p2 switch 4",">p1 switch 2",">p2 move earthquake",">p1 switch 3",">p2 switch 5",">p1 move thunderwave",">p2 move calmmind",">p1 move softboiled",">p2 move rest",">p1 switch 2",">p2 move icebeam",">p1 move roar",">p2 move surf",">p1 switch 5",">p2 move surf",">p1 move toxic",">p2 move calmmind",">p1 move recover",">p2 move calmmind",">p1 switch 2",">p2 move surf",">p1 move softboiled",">p2 move rest",">p1 switch 5",">p2 move icebeam",">p1 move roar",">p2 move surf",">p1 move hiddenpower",">p2 switch 5",">p1 switch 5",">p2 move surf",">p1 move thunderwave",">p2 move calmmind",">p1 move seismictoss",">p2 move surf",">p1 move softboiled",">p2 move rest",">p1 move seismictoss",">p2 move rest",">p1 switch 5",">p2 move surf",">p1 move roar",">p2 move surf",">p1 switch 2",">p2 move surf",">p1 move toxic",">p2 move calmmind",">p1 move recover",">p2 move calmmind",">p1 switch 5",">p2 move surf",">p1 move softboiled",">p2 move rest",">p1 switch 2",">p2 move calmmind",">p1 move roar",">p2 move icebeam",">p1 move hiddenpower",">p2 move earthquake",">p1 switch 3",">p2 move earthquake",">p1 move psychic",">p2 move rapidspin",">p1 move psychic",">p2 switch 5",">p1 switch 5",">p2 move calmmind",">p1 move toxic",">p2 move calmmind",">p1 switch 2",">p2 move calmmind",">p1 move softboiled",">p2 move rest",">p1 switch 3",">p2 move calmmind",">p1 move roar",">p2 move icebeam",">p1 move roar",">p2 switch 4",">p1 switch 2",">p2 move surf",">p1 move toxic",">p2 move calmmind",">p1 move recover",">p2 move calmmind",">p1 move surf",">p2 move calmmind",">p1 move recover",">p2 move surf",">p1 switch 2",">p2 move rest",">p1 move roar",">p2 move icebeam",">p1 switch 5",">p2 move earthquake",">p1 move psychic",">p2 switch 5",">p1 move psychic",">p2 move icebeam",">p1 switch 2",">p2 move icebeam",">p1 move toxic",">p2 move calmmind",">p1 move recover",">p2 move calmmind",">p1 switch 5",">p2 move surf",">p1 switch 3",">p1 switch 6",">p2 move rest",">p1 move earthquake",">p2 move icebeam",">p1 move earthquake",">p2 move icebeam",">p1 move earthquake",">p2 move rest",">p1 move earthquake",">p2 move icebeam",">p1 move earthquake",">p2 move icebeam",">p1 move earthquake",">p2 move rest",">p1 move earthquake",">p2 move icebeam",">p1 move earthquake",">p2 move icebeam",">p1 switch 5",">p2 move icebeam",">p1 switch 6",">p2 move icebeam",">p1 move seismictoss",">p2 move icebeam",">p1 move softboiled",">p2 move icebeam",">p1 move icebeam",">p2 move icebeam",">p2 switch 4",">p1 move softboiled",">p2 move seismictoss",">p1 move thunderwave",">p2 move seismictoss",">p1 move softboiled",">p2 move seismictoss",">p1 move icebeam",">p2 move seismictoss",">p1 move softboiled",">p2 move softboiled",">p1 move icebeam",">p2 move seismictoss",">p1 move softboiled",">p2 move softboiled",">p1 move icebeam",">p2 move seismictoss",">p1 move icebeam",">p2 move seismictoss",">p1 move softboiled",">p2 move softboiled",">p1 move seismictoss",">p2 move seismictoss",">p1 move softboiled",">p2 move softboiled",">p1 switch 6",">p2 move seismictoss",">p1 move surf",">p2 move thunderwave",">p1 move refresh",">p2 move aromatherapy",">p1 move refresh",">p2 move seismictoss",">p1 move recover",">p2 move seismictoss",">p1 move recover",">p2 move seismictoss",">p1 move recover",">p2 move thunderwave",">p1 move refresh",">p2 move seismictoss",">p1 move refresh",">p2 move seismictoss",">p1 move recover",">p2 move seismictoss",">p1 move refresh",">p2 move seismictoss",">p1 move recover",">p2 move seismictoss",">p1 move recover",">p2 move seismictoss",">p1 move recover",">p2 move seismictoss",">p1 move recover",">p2 move seismictoss",">p1 move recover",">p2 move thunderwave",">p1 move refresh",">p2 move seismictoss",">p1 move recover",">p2 switch 5",">p1 move surf",">p2 switch 5",">p1 switch 6",">p2 move softboiled",">p1 move thunderwave",">p2 move seismictoss",">p1 move seismictoss",">p2 move aromatherapy",">p1 move thunderwave",">p2 move softboiled",">p1 move icebeam",">p2 move aromatherapy",">p1 move thunderwave",">p2 move thunderwave",">p1 move icebeam",">p2 move softboiled",">p1 move icebeam",">p2 move aromatherapy",">p1 move thunderwave",">p2 move thunderwave",">p1 move icebeam",">p2 move aromatherapy",">p1 move thunderwave",">p2 move softboiled",">p1 move icebeam",">p2 move aromatherapy",">p1 move thunderwave",">p2 move thunderwave",">p1 move icebeam",">p2 move softboiled",">p1 move icebeam",">p2 move thunderwave",">p1 move icebeam",">p2 move thunderwave",">p1 move thunderwave",">p2 move thunderwave",">p1 move thunderwave",">p2 move thunderwave",">p1 move thunderwave",">p2 move thunderwave",">p1 move thunderwave",">p2 move thunderwave",">p1 move thunderwave",">p2 move thunderwave",">p1 move thunderwave",">p2 move thunderwave",">p1 move thunderwave",">p2 move thunderwave",">p1 move thunderwave",">p2 move thunderwave",">p1 move thunderwave",">p2 move thunderwave",">p1 move thunderwave",">p2 move thunderwave",">p1 move thunderwave",">p2 move thunderwave",">p1 move thunderwave",">p2 move thunderwave",">p1 move thunderwave",">p2 move thunderwave",">p1 move thunderwave",">p2 move thunderwave",">p1 move thunderwave",">p2 move thunderwave",">p1 move thunderwave",">p2 move seismictoss",">p1 move thunderwave",">p2 move thunderwave",">p1 move thunderwave",">p2 move thunderwave",">p1 move thunderwave",">p2 move thunderwave",">p1 move thunderwave",">p2 move thunderwave",">p1 move thunderwave",">p2 move thunderwave",">p1 move thunderwave",">p2 move seismictoss",">p1 move seismictoss",">p2 move seismictoss",">p1 move seismictoss",">p2 move seismictoss",">p1 move icebeam",">p2 move seismictoss",">p1 move icebeam",">p2 move seismictoss",">p1 switch 2",">p2 switch 5",">p1 switch 6",">p2 move psychic",">p1 move surf",">p2 switch 5",">p1 move surf",">p2 move thunderwave",">p1 move recover",">p2 move seismictoss",">p1 move surf",">p2 move thunderwave",">p1 move surf",">p2 move thunderwave",">p1 move surf",">p2 move thunderwave",">p1 move surf",">p2 switch 5",">p1 move surf",">p2 move psychic",">p1 move surf",">p2 move rest",">p1 move surf",">p2 move earthquake",">p1 move surf",">p2 move psychic",">p2 switch 5",">p1 switch 5",">p2 move seismictoss",">p1 move aerialace",">p2 move thunderwave"],"log":["|j|☆foultestchallenge1","|j|☆foultestacceptor1","|t:|1753064779","|gametype|singles","|player|p1|foultestchallenge1|169|","|player|p2|foultestacceptor1|102|","|teamsize|p1|6","|teamsize|p2|6","|gen|3","|tier|[Gen 3] OU","|rule|Sleep Clause Mod: Limit one foe put to sleep","|rule|Switch Priority Clause Mod: Faster Pokémon switch first","|rule|Species Clause: Limit one of each Pokémon","|rule|OHKO Clause: OHKO moves are banned","|rule|Evasion Items Clause: Evasion items are banned","|rule|Evasion Moves Clause: Evasion moves are banned","|rule|Endless Battle Clause: Forcing endless battles is banned","|rule|HP Percentage Mod: HP is shown in percentages","|rule|One Boost Passer Clause: Limit one Baton Passer that has a way to boost its stats","|rule|Freeze Clause Mod: Limit one foe frozen","|","|t:|1753064779","|start","|switch|p1a: Tyranitar|Tyranitar, M|387/387","|switch|p2a: Dugtrio|Dugtrio, M|235/235","|-weather|Sandstorm|[from] ability: Sand Stream|[of] p1a: Tyranitar","|turn|1","|inactive|Battle timer is ON: inactive players will automatically lose when time's up. (requested by foultestacceptor1)","|inactive|foultestchallenge1 also wants the timer to be on.","|","|t:|1753064788","|move|p2a: Dugtrio|Earthquake|p1a: Tyranitar","|-supereffective|p1a: Tyranitar","|-damage|p1a: Tyranitar|81/387","|move|p1a: Tyranitar|Earthquake|p2a: Dugtrio","|-crit|p2a: Dugtrio","|-damage|p2a: Dugtrio|0 fnt","|faint|p2a: Dugtrio","||adding 5 to each for mid turn request","|","|t:|1753064796","|switch|p2a: Forretress|Forretress, F|354/354","|","|-weather|Sandstorm|[upkeep]","|-heal|p1a: Tyranitar|105/387|[from] item: Leftovers","|upkeep","|turn|2","||adding 10 for new turn","|","|t:|1753064804","|move|p1a: Tyranitar|Rock Slide|p2a: Forretress","|-damage|p2a: Forretress|249/354","|move|p2a: Forretress|Spikes|p1a: Tyranitar","|-sidestart|p1: foultestchallenge1|Spikes","|","|-weather|Sandstorm|[upkeep]","|-heal|p1a: Tyranitar|129/387|[from] item: Leftovers","|-heal|p2a: Forretress|271/354|[from] item: Leftovers","|upkeep","|turn|3","||adding 10 for new turn","|","|t:|1753064812","|move|p1a: Tyranitar|Rock Slide|p2a: Forretress|[miss]","|-miss|p1a: Tyranitar|p2a: Forretress","|move|p2a: Forretress|Hidden Power|p1a: Tyranitar","|-supereffective|p1a: Tyranitar","|-damage|p1a: Tyranitar|5/387","|","|-weather|Sandstorm|[upkeep]","|-heal|p1a: Tyranitar|29/387|[from] item: Leftovers","|-heal|p2a: Forretress|293/354|[from] item: Leftovers","|upkeep","|turn|4","||adding 10 for new turn","|","|t:|1753064820","|switch|p2a: Suicune|Suicune|401/401","|-ability|p2a: Suicune|Pressure|[silent]","|move|p1a: Tyranitar|Rock Slide|p2a: Suicune","|-damage|p2a: Suicune|308/401","|","|-weather|Sandstorm|[upkeep]","|-damage|p2a: Suicune|283/401|[from] Sandstorm","|-heal|p2a: Suicune|308/401|[from] item: Leftovers","|-heal|p1a: Tyranitar|53/387|[from] item: Leftovers","|upkeep","|turn|5","||adding 10 for new turn","|","|t:|1753064828","|switch|p1a: Skarmory|Skarmory, M|333/333","|move|p2a: Suicune|Calm Mind|p2a: Suicune","|-boost|p2a: Suicune|spa|1","|-boost|p2a: Suicune|spd|1","|","|-weather|Sandstorm|[upkeep]","|-damage|p2a: Suicune|283/401|[from] Sandstorm","|-heal|p2a: Suicune|308/401|[from] item: Leftovers","|upkeep","|turn|6","||adding 10 for new turn","|","|t:|1753064835","|move|p2a: Suicune|Surf|p1a: Skarmory","|-damage|p1a: Skarmory|180/333","|move|p1a: Skarmory|Spikes|p2a: Suicune","|-sidestart|p2: foultestacceptor1|Spikes","|","|-weather|Sandstorm|[upkeep]","|-damage|p2a: Suicune|283/401|[from] Sandstorm","|-heal|p2a: Suicune|308/401|[from] item: Leftovers","|-heal|p1a: Skarmory|200/333|[from] item: Leftovers","|upkeep","|turn|7","||adding 10 for new turn","|","|t:|1753064843","|move|p2a: Suicune|Surf|p1a: Skarmory","|-damage|p1a: Skarmory|55/333","|move|p1a: Skarmory|Toxic|p2a: Suicune","|-status|p2a: Suicune|tox","|","|-weather|Sandstorm|[upkeep]","|-damage|p2a: Suicune|283/401 tox|[from] Sandstorm","|-heal|p2a: Suicune|308/401 tox|[from] item: Leftovers","|-damage|p2a: Suicune|283/401 tox|[from] psn","|-heal|p1a: Skarmory|75/333|[from] item: Leftovers","|upkeep","|turn|8","||adding 10 for new turn","|","|t:|1753064851","|switch|p1a: Blissey|Blissey, F|661/661","|-damage|p1a: Blissey|579/661|[from] Spikes","|move|p2a: Suicune|Surf|p1a: Blissey","|-damage|p1a: Blissey|456/661","|","|-weather|Sandstorm|[upkeep]","|-damage|p2a: Suicune|258/401 tox|[from] Sandstorm","|-damage|p1a: Blissey|415/661|[from] Sandstorm","|-heal|p2a: Suicune|283/401 tox|[from] item: Leftovers","|-damage|p2a: Suicune|233/401 tox|[from] psn","|-heal|p1a: Blissey|456/661|[from] item: Leftovers","|upkeep","|turn|9","||adding 10 for new turn","|","|t:|1753064859","|move|p2a: Suicune|Rest|p2a: Suicune","|-status|p2a: Suicune|slp|[from] move: Rest","|-heal|p2a: Suicune|401/401 slp|[silent]","|move|p1a: Blissey|Soft-Boiled|p1a: Blissey","|-heal|p1a: Blissey|661/661","|","|-weather|Sandstorm|[upkeep]","|-damage|p2a: Suicune|376/401 slp|[from] Sandstorm","|-damage|p1a: Blissey|620/661|[from] Sandstorm","|-heal|p2a: Suicune|401/401 slp|[from] item: Leftovers","|-heal|p1a: Blissey|661/661|[from] item: Leftovers","|upkeep","|turn|10","||adding 10 for new turn","|","|t:|1753064867","|switch|p2a: Blissey|Blissey, F|714/714","|-damage|p2a: Blissey|625/714|[from] Spikes","|move|p1a: Blissey|Seismic Toss|p2a: Blissey","|-damage|p2a: Blissey|525/714","|","|-weather|Sandstorm|[upkeep]","|-damage|p1a: Blissey|620/661|[from] Sandstorm","|-damage|p2a: Blissey|481/714|[from] Sandstorm","|-heal|p1a: Blissey|661/661|[from] item: Leftovers","|-heal|p2a: Blissey|525/714|[from] item: Leftovers","|upkeep","|turn|11","||adding 10 for new turn","|","|t:|1753064875","|move|p1a: Blissey|Thunder Wave|p2a: Blissey","|-status|p2a: Blissey|par","|move|p2a: Blissey|Aromatherapy|p2a: Blissey","|-cureteam|p2a: Blissey|[from] move: Aromatherapy","|","|-weather|Sandstorm|[upkeep]","|-damage|p1a: Blissey|620/661|[from] Sandstorm","|-damage|p2a: Blissey|481/714|[from] Sandstorm","|-heal|p1a: Blissey|661/661|[from] item: Leftovers","|-heal|p2a: Blissey|525/714|[from] item: Leftovers","|upkeep","|turn|12","||adding 10 for new turn","|","|t:|1753064883","|move|p1a: Blissey|Thunder Wave|p2a: Blissey","|-status|p2a: Blissey|par","|move|p2a: Blissey|Soft-Boiled|p2a: Blissey","|-heal|p2a: Blissey|714/714 par","|","|-weather|Sandstorm|[upkeep]","|-damage|p1a: Blissey|620/661|[from] Sandstorm","|-damage|p2a: Blissey|670/714 par|[from] Sandstorm","|-heal|p1a: Blissey|661/661|[from] item: Leftovers","|-heal|p2a: Blissey|714/714 par|[from] item: Leftovers","|upkeep","|turn|13","||adding 10 for new turn","|","|t:|1753064891","|move|p1a: Blissey|Seismic Toss|p2a: Blissey","|-damage|p2a: Blissey|614/714 par","|move|p2a: Blissey|Seismic Toss|p1a: Blissey","|-damage|p1a: Blissey|561/661","|","|-weather|Sandstorm|[upkeep]","|-damage|p1a: Blissey|520/661|[from] Sandstorm","|-damage|p2a: Blissey|570/714 par|[from] Sandstorm","|-heal|p1a: Blissey|561/661|[from] item: Leftovers","|-heal|p2a: Blissey|614/714 par|[from] item: Leftovers","|upkeep","|turn|14","||adding 10 for new turn","|","|t:|1753064896","|move|p1a: Blissey|Seismic Toss|p2a: Blissey","|-damage|p2a: Blissey|514/714 par","|move|p2a: Blissey|Soft-Boiled|p2a: Blissey","|-heal|p2a: Blissey|714/714 par","|","|-weather|Sandstorm|[upkeep]","|-damage|p1a: Blissey|520/661|[from] Sandstorm","|-damage|p2a: Blissey|670/714 par|[from] Sandstorm","|-heal|p1a: Blissey|561/661|[from] item: Leftovers","|-heal|p2a: Blissey|714/714 par|[from] item: Leftovers","|upkeep","|turn|15","||adding 10 for new turn","|","|t:|1753064901","|move|p1a: Blissey|Seismic Toss|p2a: Blissey","|-damage|p2a: Blissey|614/714 par","|move|p2a: Blissey|Thunder Wave|p1a: Blissey","|-status|p1a: Blissey|par","|","|-weather|Sandstorm|[upkeep]","|-damage|p2a: Blissey|570/714 par|[from] Sandstorm","|-damage|p1a: Blissey|520/661 par|[from] Sandstorm","|-heal|p1a: Blissey|561/661 par|[from] item: Leftovers","|-heal|p2a: Blissey|614/714 par|[from] item: Leftovers","|upkeep","|turn|16","||adding 10 for new turn","|","|t:|1753064906","|move|p2a: Blissey|Seismic Toss|p1a: Blissey","|-damage|p1a: Blissey|461/661 par","|move|p1a: Blissey|Thunder Wave|p2a: Blissey","|-fail|p2a: Blissey|par","|","|-weather|Sandstorm|[upkeep]","|-damage|p2a: Blissey|570/714 par|[from] Sandstorm","|-damage|p1a: Blissey|420/661 par|[from] Sandstorm","|-heal|p1a: Blissey|461/661 par|[from] item: Leftovers","|-heal|p2a: Blissey|614/714 par|[from] item: Leftovers","|upkeep","|turn|17","||adding 10 for new turn","|","|t:|1753064911","|-curestatus|p2a: Blissey|par|[from] ability: Natural Cure","|switch|p2a: Claydol|Claydol|324/324","|move|p1a: Blissey|Thunder Wave|p2a: Claydol","|-immune|p2a: Claydol","|","|-weather|Sandstorm|[upkeep]","|-damage|p1a: Blissey|420/661 par|[from] Sandstorm","|-heal|p1a: Blissey|461/661 par|[from] item: Leftovers","|upkeep","|turn|18","||adding 10 for new turn","|","|t:|1753064918","|-curestatus|p1a: Blissey|par|[from] ability: Natural Cure","|switch|p1a: Skarmory|Skarmory, M|75/333","|move|p2a: Claydol|Rapid Spin|p1a: Skarmory","|-resisted|p1a: Skarmory","|-damage|p1a: Skarmory|69/333","|-sideend|p2: foultestacceptor1|Spikes|[from] move: Rapid Spin|[of] p2a: Claydol","|","|-weather|Sandstorm|[upkeep]","|-heal|p1a: Skarmory|89/333|[from] item: Leftovers","|upkeep","|turn|19","||adding 10 for new turn","|","|t:|1753064927","|switch|p2a: Suicune|Suicune|401/401","|-ability|p2a: Suicune|Pressure|[silent]","|move|p1a: Skarmory|Spikes|p2a: Suicune","|-sidestart|p2: foultestacceptor1|Spikes","|","|-weather|Sandstorm|[upkeep]","|-damage|p2a: Suicune|376/401|[from] Sandstorm","|-heal|p2a: Suicune|401/401|[from] item: Leftovers","|-heal|p1a: Skarmory|109/333|[from] item: Leftovers","|upkeep","|turn|20","||adding 10 for new turn","|","|t:|1753064934","|move|p2a: Suicune|Surf|p1a: Skarmory","|-damage|p1a: Skarmory|22/333","|move|p1a: Skarmory|Toxic|p2a: Suicune","|-status|p2a: Suicune|tox","|","|-weather|Sandstorm|[upkeep]","|-damage|p2a: Suicune|376/401 tox|[from] Sandstorm","|-heal|p2a: Suicune|401/401 tox|[from] item: Leftovers","|-damage|p2a: Suicune|376/401 tox|[from] psn","|-heal|p1a: Skarmory|42/333|[from] item: Leftovers","|upkeep","|turn|21","||adding 10 for new turn","|","|t:|1753064942","|switch|p2a: Claydol|Claydol|324/324","|switch|p1a: Blissey|Blissey, F|461/661","|-damage|p1a: Blissey|379/661|[from] Spikes","|","|-weather|Sandstorm|[upkeep]","|-damage|p1a: Blissey|338/661|[from] Sandstorm","|-heal|p1a: Blissey|379/661|[from] item: Leftovers","|upkeep","|turn|22","||adding 10 for new turn","|","|t:|1753064950","|move|p2a: Claydol|Rapid Spin|p1a: Blissey","|-damage|p1a: Blissey|348/661","|-sideend|p2: foultestacceptor1|Spikes|[from] move: Rapid Spin|[of] p2a: Claydol","|move|p1a: Blissey|Soft-Boiled|p1a: Blissey","|-heal|p1a: Blissey|661/661","|","|-weather|Sandstorm|[upkeep]","|-damage|p1a: Blissey|620/661|[from] Sandstorm","|-heal|p1a: Blissey|661/661|[from] item: Leftovers","|upkeep","|turn|23","||adding 10 for new turn","|","|t:|1753064958","|switch|p2a: Blissey|Blissey, F|614/714","|move|p1a: Blissey|Ice Beam|p2a: Blissey","|-damage|p2a: Blissey|558/714","|-status|p2a: Blissey|frz","|","|-weather|Sandstorm|[upkeep]","|-damage|p1a: Blissey|620/661|[from] Sandstorm","|-damage|p2a: Blissey|514/714 frz|[from] Sandstorm","|-heal|p1a: Blissey|661/661|[from] item: Leftovers","|-heal|p2a: Blissey|558/714 frz|[from] item: Leftovers","|upkeep","|turn|24","||adding 10 for new turn","|","|t:|1753064963","|-curestatus|p2a: Blissey|frz|[from] ability: Natural Cure","|switch|p2a: Suicune|Suicune|376/401 tox","|-ability|p2a: Suicune|Pressure|[silent]","|move|p1a: Blissey|Seismic Toss|p2a: Suicune","|-damage|p2a: Suicune|276/401 tox","|","|-weather|Sandstorm|[upkeep]","|-damage|p2a: Suicune|251/401 tox|[from] Sandstorm","|-damage|p1a: Blissey|620/661|[from] Sandstorm","|-heal|p2a: Suicune|276/401 tox|[from] item: Leftovers","|-damage|p2a: Suicune|251/401 tox|[from] psn","|-heal|p1a: Blissey|661/661|[from] item: Leftovers","|upkeep","|turn|25","||adding 10 for new turn","|","|t:|1753064967","|move|p2a: Suicune|Calm Mind|p2a: Suicune","|-boost|p2a: Suicune|spa|1","|-boost|p2a: Suicune|spd|1","|move|p1a: Blissey|Seismic Toss|p2a: Suicune","|-damage|p2a: Suicune|151/401 tox","|","|-weather|Sandstorm|[upkeep]","|-damage|p2a: Suicune|126/401 tox|[from] Sandstorm","|-damage|p1a: Blissey|620/661|[from] Sandstorm","|-heal|p2a: Suicune|151/401 tox|[from] item: Leftovers","|-damage|p2a: Suicune|101/401 tox|[from] psn","|-heal|p1a: Blissey|661/661|[from] item: Leftovers","|upkeep","|turn|26","||adding 10 for new turn","|","|t:|1753064971","|move|p2a: Suicune|Rest|p2a: Suicune","|-status|p2a: Suicune|slp|[from] move: Rest","|-heal|p2a: Suicune|401/401 slp|[silent]","|move|p1a: Blissey|Seismic Toss|p2a: Suicune","|-damage|p2a: Suicune|301/401 slp","|","|-weather|Sandstorm|[upkeep]","|-damage|p2a: Suicune|276/401 slp|[from] Sandstorm","|-damage|p1a: Blissey|620/661|[from] Sandstorm","|-heal|p2a: Suicune|301/401 slp|[from] item: Leftovers","|-heal|p1a: Blissey|661/661|[from] item: Leftovers","|upkeep","|turn|27","||adding 10 for new turn","|","|t:|1753064976","|switch|p2a: Blissey|Blissey, F|558/714","|move|p1a: Blissey|Seismic Toss|p2a: Blissey","|-damage|p2a: Blissey|458/714","|","|-weather|Sandstorm|[upkeep]","|-damage|p1a: Blissey|620/661|[from] Sandstorm","|-damage|p2a: Blissey|414/714|[from] Sandstorm","|-heal|p1a: Blissey|661/661|[from] item: Leftovers","|-heal|p2a: Blissey|458/714|[from] item: Leftovers","|upkeep","|turn|28","||adding 10 for new turn","|","|t:|1753064981","|switch|p1a: Claydol|Claydol|317/317","|move|p2a: Blissey|Soft-Boiled|p2a: Blissey","|-heal|p2a: Blissey|714/714","|","|-weather|Sandstorm|[upkeep]","|-damage|p2a: Blissey|670/714|[from] Sandstorm","|-heal|p2a: Blissey|714/714|[from] item: Leftovers","|upkeep","|turn|29","||adding 10 for new turn","|","|t:|1753064988","|move|p1a: Claydol|Rapid Spin|p2a: Blissey","|-damage|p2a: Blissey|682/714","|-sideend|p1: foultestchallenge1|Spikes|[from] move: Rapid Spin|[of] p1a: Claydol","|move|p2a: Blissey|Aromatherapy|p2a: Blissey","|-cureteam|p2a: Blissey|[from] move: Aromatherapy","|","|-weather|Sandstorm|[upkeep]","|-damage|p2a: Blissey|638/714|[from] Sandstorm","|-heal|p2a: Blissey|682/714|[from] item: Leftovers","|upkeep","|turn|30","||adding 10 for new turn","|","|t:|1753064996","|move|p1a: Claydol|Earthquake|p2a: Blissey","|-damage|p2a: Blissey|432/714","|move|p2a: Blissey|Seismic Toss|p1a: Claydol","|-damage|p1a: Claydol|217/317","|","|-weather|Sandstorm|[upkeep]","|-damage|p2a: Blissey|388/714|[from] Sandstorm","|-heal|p1a: Claydol|236/317|[from] item: Leftovers","|-heal|p2a: Blissey|432/714|[from] item: Leftovers","|upkeep","|turn|31","||adding 10 for new turn","|","|t:|1753065004","|move|p1a: Claydol|Earthquake|p2a: Blissey","|-damage|p2a: Blissey|217/714","|move|p2a: Blissey|Soft-Boiled|p2a: Blissey","|-heal|p2a: Blissey|574/714","|","|-weather|Sandstorm|[upkeep]","|-damage|p2a: Blissey|530/714|[from] Sandstorm","|-heal|p1a: Claydol|255/317|[from] item: Leftovers","|-heal|p2a: Blissey|574/714|[from] item: Leftovers","|upkeep","|turn|32","||adding 10 for new turn","|","|t:|1753065012","|move|p1a: Claydol|Earthquake|p2a: Blissey","|-damage|p2a: Blissey|359/714","|move|p2a: Blissey|Soft-Boiled|p2a: Blissey","|-heal|p2a: Blissey|714/714","|","|-weather|Sandstorm|[upkeep]","|-damage|p2a: Blissey|670/714|[from] Sandstorm","|-heal|p1a: Claydol|274/317|[from] item: Leftovers","|-heal|p2a: Blissey|714/714|[from] item: Leftovers","|upkeep","|turn|33","||adding 10 for new turn","|","|t:|1753065020","|move|p1a: Claydol|Earthquake|p2a: Blissey","|-damage|p2a: Blissey|474/714","|move|p2a: Blissey|Seismic Toss|p1a: Claydol","|-damage|p1a: Claydol|174/317","|","|-weather|Sandstorm|[upkeep]","|-damage|p2a: Blissey|430/714|[from] Sandstorm","|-heal|p1a: Claydol|193/317|[from] item: Leftovers","|-heal|p2a: Blissey|474/714|[from] item: Leftovers","|upkeep","|turn|34","||adding 10 for new turn","|","|t:|1753065028","|move|p1a: Claydol|Earthquake|p2a: Blissey","|-damage|p2a: Blissey|244/714","|move|p2a: Blissey|Soft-Boiled|p2a: Blissey","|-heal|p2a: Blissey|601/714","|","|-weather|Sandstorm|[upkeep]","|-damage|p2a: Blissey|557/714|[from] Sandstorm","|-heal|p1a: Claydol|212/317|[from] item: Leftovers","|-heal|p2a: Blissey|601/714|[from] item: Leftovers","|upkeep","|turn|35","||adding 10 for new turn","|","|t:|1753065035","|move|p1a: Claydol|Earthquake|p2a: Blissey","|-damage|p2a: Blissey|376/714","|move|p2a: Blissey|Soft-Boiled|p2a: Blissey","|-heal|p2a: Blissey|714/714","|","|-weather|Sandstorm|[upkeep]","|-damage|p2a: Blissey|670/714|[from] Sandstorm","|-heal|p1a: Claydol|231/317|[from] item: Leftovers","|-heal|p2a: Blissey|714/714|[from] item: Leftovers","|upkeep","|turn|36","||adding 10 for new turn","|","|t:|1753065043","|switch|p2a: Forretress|Forretress, F|293/354","|move|p1a: Claydol|Earthquake|p2a: Forretress","|-damage|p2a: Forretress|193/354","|","|-weather|Sandstorm|[upkeep]","|-heal|p1a: Claydol|250/317|[from] item: Leftovers","|-heal|p2a: Forretress|215/354|[from] item: Leftovers","|upkeep","|turn|37","||adding 10 for new turn","|","|t:|1753065051","|move|p1a: Claydol|Earthquake|p2a: Forretress","|-damage|p2a: Forretress|121/354","|move|p2a: Forretress|Spikes|p1a: Claydol","|-sidestart|p1: foultestchallenge1|Spikes","|","|-weather|Sandstorm|[upkeep]","|-heal|p1a: Claydol|269/317|[from] item: Leftovers","|-heal|p2a: Forretress|143/354|[from] item: Leftovers","|upkeep","|turn|38","||adding 10 for new turn","|","|t:|1753065059","|move|p1a: Claydol|Earthquake|p2a: Forretress","|-crit|p2a: Forretress","|-damage|p2a: Forretress|0 fnt","|faint|p2a: Forretress","||adding 5 to each for mid turn request","|","|t:|1753065066","|switch|p2a: Suicune|Suicune|301/401","|-ability|p2a: Suicune|Pressure|[silent]","|","|-weather|Sandstorm|[upkeep]","|-damage|p2a: Suicune|276/401|[from] Sandstorm","|-heal|p2a: Suicune|301/401|[from] item: Leftovers","|-heal|p1a: Claydol|288/317|[from] item: Leftovers","|upkeep","|turn|39","||adding 10 for new turn","|","|t:|1753065074","|move|p2a: Suicune|Surf|p1a: Claydol","|-supereffective|p1a: Claydol","|-damage|p1a: Claydol|110/317","|move|p1a: Claydol|Rapid Spin|p2a: Suicune","|-damage|p2a: Suicune|290/401","|-sideend|p1: foultestchallenge1|Spikes|[from] move: Rapid Spin|[of] p1a: Claydol","|","|-weather|Sandstorm|[upkeep]","|-damage|p2a: Suicune|265/401|[from] Sandstorm","|-heal|p2a: Suicune|290/401|[from] item: Leftovers","|-heal|p1a: Claydol|129/317|[from] item: Leftovers","|upkeep","|turn|40","||adding 10 for new turn","|","|t:|1753065081","|switch|p1a: Milotic|Milotic, M|393/393","|move|p2a: Suicune|Surf|p1a: Milotic","|-resisted|p1a: Milotic","|-damage|p1a: Milotic|350/393","|","|-weather|Sandstorm|[upkeep]","|-damage|p2a: Suicune|265/401|[from] Sandstorm","|-damage|p1a: Milotic|326/393|[from] Sandstorm","|-heal|p2a: Suicune|290/401|[from] item: Leftovers","|-heal|p1a: Milotic|350/393|[from] item: Leftovers","|upkeep","|turn|41","||adding 10 for new turn","|","|t:|1753065089","|move|p1a: Milotic|Toxic|p2a: Suicune","|-status|p2a: Suicune|tox","|move|p2a: Suicune|Calm Mind|p2a: Suicune","|-boost|p2a: Suicune|spa|1","|-boost|p2a: Suicune|spd|1","|","|-weather|Sandstorm|[upkeep]","|-damage|p1a: Milotic|326/393|[from] Sandstorm","|-damage|p2a: Suicune|265/401 tox|[from] Sandstorm","|-heal|p1a: Milotic|350/393|[from] item: Leftovers","|-heal|p2a: Suicune|290/401 tox|[from] item: Leftovers","|-damage|p2a: Suicune|265/401 tox|[from] psn","|upkeep","|turn|42","||adding 10 for new turn","|","|t:|1753065097","|move|p2a: Suicune|Calm Mind|p2a: Suicune","|-boost|p2a: Suicune|spa|1","|-boost|p2a: Suicune|spd|1","|move|p1a: Milotic|Recover|p1a: Milotic","|-heal|p1a: Milotic|393/393","|","|-weather|Sandstorm|[upkeep]","|-damage|p1a: Milotic|369/393|[from] Sandstorm","|-damage|p2a: Suicune|240/401 tox|[from] Sandstorm","|-heal|p1a: Milotic|393/393|[from] item: Leftovers","|-heal|p2a: Suicune|265/401 tox|[from] item: Leftovers","|-damage|p2a: Suicune|215/401 tox|[from] psn","|upkeep","|turn|43","||adding 10 for new turn","|","|t:|1753065104","|move|p1a: Milotic|Recover||[still]","|-fail|p1a: Milotic|heal","|move|p2a: Suicune|Surf|p1a: Milotic","|-resisted|p1a: Milotic","|-damage|p1a: Milotic|314/393","|","|-weather|Sandstorm|[upkeep]","|-damage|p1a: Milotic|290/393|[from] Sandstorm","|-damage|p2a: Suicune|190/401 tox|[from] Sandstorm","|-heal|p1a: Milotic|314/393|[from] item: Leftovers","|-heal|p2a: Suicune|215/401 tox|[from] item: Leftovers","|-damage|p2a: Suicune|140/401 tox|[from] psn","|upkeep","|turn|44","||adding 10 for new turn","|","|t:|1753065112","|switch|p1a: Skarmory|Skarmory, M|42/333","|move|p2a: Suicune|Rest|p2a: Suicune","|-status|p2a: Suicune|slp|[from] move: Rest","|-heal|p2a: Suicune|401/401 slp|[silent]","|","|-weather|Sandstorm|[upkeep]","|-damage|p2a: Suicune|376/401 slp|[from] Sandstorm","|-heal|p2a: Suicune|401/401 slp|[from] item: Leftovers","|-heal|p1a: Skarmory|62/333|[from] item: Leftovers","|upkeep","|turn|45","||adding 10 for new turn","|","|t:|1753065120","|cant|p2a: Suicune|slp","|move|p1a: Skarmory|Spikes|p2a: Suicune","|-sidestart|p2: foultestacceptor1|Spikes","|","|-weather|Sandstorm|[upkeep]","|-damage|p2a: Suicune|376/401 slp|[from] Sandstorm","|-heal|p2a: Suicune|401/401 slp|[from] item: Leftovers","|-heal|p1a: Skarmory|82/333|[from] item: Leftovers","|upkeep","|turn|46","||adding 10 for new turn","|","|t:|1753065127","|cant|p2a: Suicune|slp","|move|p1a: Skarmory|Roar|p2a: Suicune","|drag|p2a: Snorlax|Snorlax, F|497/497","|-damage|p2a: Snorlax|435/497|[from] Spikes","|","|-weather|Sandstorm|[upkeep]","|-damage|p2a: Snorlax|404/497|[from] Sandstorm","|-heal|p1a: Skarmory|102/333|[from] item: Leftovers","|-heal|p2a: Snorlax|435/497|[from] item: Leftovers","|upkeep","|turn|47","||adding 10 for new turn","|","|t:|1753065135","|move|p1a: Skarmory|Drill Peck|p2a: Snorlax","|-damage|p2a: Snorlax|338/497","|move|p2a: Snorlax|Return|p1a: Skarmory","|-resisted|p1a: Skarmory","|-damage|p1a: Skarmory|48/333","|","|-weather|Sandstorm|[upkeep]","|-damage|p2a: Snorlax|307/497|[from] Sandstorm","|-heal|p1a: Skarmory|68/333|[from] item: Leftovers","|-heal|p2a: Snorlax|338/497|[from] item: Leftovers","|upkeep","|turn|48","||adding 10 for new turn","|","|t:|1753065144","|move|p1a: Skarmory|Drill Peck|p2a: Snorlax","|-damage|p2a: Snorlax|247/497","|move|p2a: Snorlax|Return|p1a: Skarmory","|-resisted|p1a: Skarmory","|-damage|p1a: Skarmory|18/333","|","|-weather|Sandstorm|[upkeep]","|-damage|p2a: Snorlax|216/497|[from] Sandstorm","|-heal|p1a: Skarmory|38/333|[from] item: Leftovers","|-heal|p2a: Snorlax|247/497|[from] item: Leftovers","|upkeep","|turn|49","||adding 10 for new turn","|","|t:|1753065152","|move|p1a: Skarmory|Drill Peck|p2a: Snorlax","|-damage|p2a: Snorlax|154/497","|move|p2a: Snorlax|Return|p1a: Skarmory","|-resisted|p1a: Skarmory","|-crit|p1a: Skarmory","|-damage|p1a: Skarmory|0 fnt","|faint|p1a: Skarmory","||adding 5 to each for mid turn request","|","|t:|1753065160","|switch|p1a: Tyranitar|Tyranitar, M|53/387","|","|-weather|Sandstorm|[upkeep]","|-damage|p2a: Snorlax|123/497|[from] Sandstorm","|-heal|p1a: Tyranitar|77/387|[from] item: Leftovers","|-heal|p2a: Snorlax|154/497|[from] item: Leftovers","|upkeep","|turn|50","||adding 10 for new turn","|","|t:|1753065167","|switch|p2a: Suicune|Suicune|401/401 slp","|-damage|p2a: Suicune|351/401 slp|[from] Spikes","|-ability|p2a: Suicune|Pressure|[silent]","|move|p1a: Tyranitar|Rock Slide|p2a: Suicune","|-damage|p2a: Suicune|257/401 slp","|","|-weather|Sandstorm|[upkeep]","|-damage|p2a: Suicune|232/401 slp|[from] Sandstorm","|-heal|p2a: Suicune|257/401 slp|[from] item: Leftovers","|-heal|p1a: Tyranitar|101/387|[from] item: Leftovers","|upkeep","|turn|51","||adding 10 for new turn","|","|t:|1753065175","|switch|p1a: Milotic|Milotic, M|314/393","|-curestatus|p2a: Suicune|slp|[msg]","|move|p2a: Suicune|Calm Mind|p2a: Suicune","|-boost|p2a: Suicune|spa|1","|-boost|p2a: Suicune|spd|1","|","|-weather|Sandstorm|[upkeep]","|-damage|p1a: Milotic|290/393|[from] Sandstorm","|-damage|p2a: Suicune|232/401|[from] Sandstorm","|-heal|p2a: Suicune|257/401|[from] item: Leftovers","|-heal|p1a: Milotic|314/393|[from] item: Leftovers","|upkeep","|turn|52","||adding 10 for new turn","|","|t:|1753065182","|move|p2a: Suicune|Calm Mind|p2a: Suicune","|-boost|p2a: Suicune|spa|1","|-boost|p2a: Suicune|spd|1","|move|p1a: Milotic|Toxic|p2a: Suicune","|-status|p2a: Suicune|tox","|","|-weather|Sandstorm|[upkeep]","|-damage|p1a: Milotic|290/393|[from] Sandstorm","|-damage|p2a: Suicune|232/401 tox|[from] Sandstorm","|-heal|p2a: Suicune|257/401 tox|[from] item: Leftovers","|-heal|p1a: Milotic|314/393|[from] item: Leftovers","|-damage|p2a: Suicune|232/401 tox|[from] psn","|upkeep","|turn|53","||adding 10 for new turn","|","|t:|1753065190","|move|p1a: Milotic|Recover|p1a: Milotic","|-heal|p1a: Milotic|393/393","|move|p2a: Suicune|Rest|p2a: Suicune","|-status|p2a: Suicune|slp|[from] move: Rest","|-heal|p2a: Suicune|401/401 slp|[silent]","|","|-weather|Sandstorm|[upkeep]","|-damage|p2a: Suicune|376/401 slp|[from] Sandstorm","|-damage|p1a: Milotic|369/393|[from] Sandstorm","|-heal|p1a: Milotic|393/393|[from] item: Leftovers","|-heal|p2a: Suicune|401/401 slp|[from] item: Leftovers","|upkeep","|turn|54","||adding 10 for new turn","|","|t:|1753065198","|switch|p1a: Tyranitar|Tyranitar, M|101/387","|cant|p2a: Suicune|slp","|","|-weather|Sandstorm|[upkeep]","|-damage|p2a: Suicune|376/401 slp|[from] Sandstorm","|-heal|p2a: Suicune|401/401 slp|[from] item: Leftovers","|-heal|p1a: Tyranitar|125/387|[from] item: Leftovers","|upkeep","|turn|55","||adding 10 for new turn","|","|t:|1753065205","|cant|p2a: Suicune|slp","|move|p1a: Tyranitar|Roar|p2a: Suicune","|drag|p2a: Snorlax|Snorlax, F|154/497","|-damage|p2a: Snorlax|92/497|[from] Spikes","|","|-weather|Sandstorm|[upkeep]","|-damage|p2a: Snorlax|61/497|[from] Sandstorm","|-heal|p1a: Tyranitar|149/387|[from] item: Leftovers","|-heal|p2a: Snorlax|92/497|[from] item: Leftovers","|upkeep","|turn|56","||adding 10 for new turn","|","|t:|1753065213","|move|p1a: Tyranitar|Hidden Power|p2a: Snorlax","|-damage|p2a: Snorlax|0 fnt","|faint|p2a: Snorlax","||adding 5 to each for mid turn request","|","|t:|1753065217","|switch|p2a: Suicune|Suicune|401/401 slp","|-damage|p2a: Suicune|351/401 slp|[from] Spikes","|-ability|p2a: Suicune|Pressure|[silent]","|","|-weather|Sandstorm|[upkeep]","|-damage|p2a: Suicune|326/401 slp|[from] Sandstorm","|-heal|p2a: Suicune|351/401 slp|[from] item: Leftovers","|-heal|p1a: Tyranitar|173/387|[from] item: Leftovers","|upkeep","|turn|57","||adding 10 for new turn","|","|t:|1753065221","|switch|p1a: Milotic|Milotic, M|393/393","|-curestatus|p2a: Suicune|slp|[msg]","|move|p2a: Suicune|Surf|p1a: Milotic","|-resisted|p1a: Milotic","|-damage|p1a: Milotic|353/393","|","|-weather|Sandstorm|[upkeep]","|-damage|p2a: Suicune|326/401|[from] Sandstorm","|-damage|p1a: Milotic|329/393|[from] Sandstorm","|-heal|p2a: Suicune|351/401|[from] item: Leftovers","|-heal|p1a: Milotic|353/393|[from] item: Leftovers","|upkeep","|turn|58","||adding 10 for new turn","|","|t:|1753065229","|move|p2a: Suicune|Calm Mind|p2a: Suicune","|-boost|p2a: Suicune|spa|1","|-boost|p2a: Suicune|spd|1","|move|p1a: Milotic|Toxic|p2a: Suicune","|-status|p2a: Suicune|tox","|","|-weather|Sandstorm|[upkeep]","|-damage|p1a: Milotic|329/393|[from] Sandstorm","|-damage|p2a: Suicune|326/401 tox|[from] Sandstorm","|-heal|p2a: Suicune|351/401 tox|[from] item: Leftovers","|-heal|p1a: Milotic|353/393|[from] item: Leftovers","|-damage|p2a: Suicune|326/401 tox|[from] psn","|upkeep","|turn|59","||adding 10 for new turn","|","|t:|1753065236","|switch|p1a: Blissey|Blissey, F|661/661","|move|p2a: Suicune|Calm Mind|p2a: Suicune","|-boost|p2a: Suicune|spa|1","|-boost|p2a: Suicune|spd|1","|","|-weather|Sandstorm|[upkeep]","|-damage|p2a: Suicune|301/401 tox|[from] Sandstorm","|-damage|p1a: Blissey|620/661|[from] Sandstorm","|-heal|p2a: Suicune|326/401 tox|[from] item: Leftovers","|-damage|p2a: Suicune|276/401 tox|[from] psn","|-heal|p1a: Blissey|661/661|[from] item: Leftovers","|upkeep","|turn|60","||adding 10 for new turn","|","|t:|1753065241","|move|p2a: Suicune|Rest|p2a: Suicune","|-status|p2a: Suicune|slp|[from] move: Rest","|-heal|p2a: Suicune|401/401 slp|[silent]","|move|p1a: Blissey|Soft-Boiled||[still]","|-fail|p1a: Blissey|heal","|","|-weather|Sandstorm|[upkeep]","|-damage|p2a: Suicune|376/401 slp|[from] Sandstorm","|-damage|p1a: Blissey|620/661|[from] Sandstorm","|-heal|p2a: Suicune|401/401 slp|[from] item: Leftovers","|-heal|p1a: Blissey|661/661|[from] item: Leftovers","|upkeep","|turn|61","||adding 10 for new turn","|","|t:|1753065245","|cant|p2a: Suicune|slp","|move|p1a: Blissey|Seismic Toss|p2a: Suicune","|-damage|p2a: Suicune|301/401 slp","|","|-weather|Sandstorm|[upkeep]","|-damage|p2a: Suicune|276/401 slp|[from] Sandstorm","|-damage|p1a: Blissey|620/661|[from] Sandstorm","|-heal|p2a: Suicune|301/401 slp|[from] item: Leftovers","|-heal|p1a: Blissey|661/661|[from] item: Leftovers","|upkeep","|turn|62","||adding 10 for new turn","|","|t:|1753065249","|cant|p2a: Suicune|slp","|move|p1a: Blissey|Seismic Toss|p2a: Suicune","|-damage|p2a: Suicune|201/401 slp","|","|-weather|Sandstorm|[upkeep]","|-damage|p2a: Suicune|176/401 slp|[from] Sandstorm","|-damage|p1a: Blissey|620/661|[from] Sandstorm","|-heal|p2a: Suicune|201/401 slp|[from] item: Leftovers","|-heal|p1a: Blissey|661/661|[from] item: Leftovers","|upkeep","|turn|63","||adding 10 for new turn","|","|t:|1753065254","|-curestatus|p2a: Suicune|slp|[msg]","|move|p2a: Suicune|Ice Beam|p1a: Blissey","|-damage|p1a: Blissey|549/661","|-status|p1a: Blissey|frz","|-curestatus|p1a: Blissey|frz|[msg]","|move|p1a: Blissey|Seismic Toss|p2a: Suicune","|-damage|p2a: Suicune|101/401","|","|-weather|Sandstorm|[upkeep]","|-damage|p2a: Suicune|76/401|[from] Sandstorm","|-damage|p1a: Blissey|508/661|[from] Sandstorm","|-heal|p2a: Suicune|101/401|[from] item: Leftovers","|-heal|p1a: Blissey|549/661|[from] item: Leftovers","|upkeep","|turn|64","||adding 10 for new turn","|","|t:|1753065259","|move|p2a: Suicune|Rest|p2a: Suicune","|-status|p2a: Suicune|slp|[from] move: Rest","|-heal|p2a: Suicune|401/401 slp|[silent]","|move|p1a: Blissey|Seismic Toss|p2a: Suicune","|-damage|p2a: Suicune|301/401 slp","|","|-weather|Sandstorm|[upkeep]","|-damage|p2a: Suicune|276/401 slp|[from] Sandstorm","|-damage|p1a: Blissey|508/661|[from] Sandstorm","|-heal|p2a: Suicune|301/401 slp|[from] item: Leftovers","|-heal|p1a: Blissey|549/661|[from] item: Leftovers","|upkeep","|turn|65","||adding 10 for new turn","|","|t:|1753065263","|switch|p1a: Tyranitar|Tyranitar, M|173/387","|cant|p2a: Suicune|slp","|","|-weather|Sandstorm|[upkeep]","|-damage|p2a: Suicune|276/401 slp|[from] Sandstorm","|-heal|p2a: Suicune|301/401 slp|[from] item: Leftovers","|-heal|p1a: Tyranitar|197/387|[from] item: Leftovers","|upkeep","|turn|66","||adding 10 for new turn","|","|t:|1753065268","|cant|p2a: Suicune|slp","|move|p1a: Tyranitar|Roar|p2a: Suicune","|drag|p2a: Blissey|Blissey, F|714/714","|-damage|p2a: Blissey|625/714|[from] Spikes","|","|-weather|Sandstorm|[upkeep]","|-damage|p2a: Blissey|581/714|[from] Sandstorm","|-heal|p1a: Tyranitar|221/387|[from] item: Leftovers","|-heal|p2a: Blissey|625/714|[from] item: Leftovers","|upkeep","|turn|67","||adding 10 for new turn","|","|t:|1753065272","|switch|p2a: Suicune|Suicune|301/401 slp","|-damage|p2a: Suicune|251/401 slp|[from] Spikes","|-ability|p2a: Suicune|Pressure|[silent]","|move|p1a: Tyranitar|Rock Slide|p2a: Suicune","|-damage|p2a: Suicune|161/401 slp","|","|-weather|Sandstorm|[upkeep]","|-damage|p2a: Suicune|136/401 slp|[from] Sandstorm","|-heal|p2a: Suicune|161/401 slp|[from] item: Leftovers","|-heal|p1a: Tyranitar|245/387|[from] item: Leftovers","|upkeep","|turn|68","||adding 10 for new turn","|","|t:|1753065276","|switch|p1a: Blissey|Blissey, F|549/661","|-curestatus|p2a: Suicune|slp|[msg]","|move|p2a: Suicune|Surf|p1a: Blissey","|-damage|p1a: Blissey|471/661","|","|-weather|Sandstorm|[upkeep]","|-damage|p2a: Suicune|136/401|[from] Sandstorm","|-damage|p1a: Blissey|430/661|[from] Sandstorm","|-heal|p2a: Suicune|161/401|[from] item: Leftovers","|-heal|p1a: Blissey|471/661|[from] item: Leftovers","|upkeep","|turn|69","||adding 10 for new turn","|","|t:|1753065281","|move|p2a: Suicune|Calm Mind|p2a: Suicune","|-boost|p2a: Suicune|spa|1","|-boost|p2a: Suicune|spd|1","|move|p1a: Blissey|Soft-Boiled|p1a: Blissey","|-heal|p1a: Blissey|661/661","|","|-weather|Sandstorm|[upkeep]","|-damage|p2a: Suicune|136/401|[from] Sandstorm","|-damage|p1a: Blissey|620/661|[from] Sandstorm","|-heal|p2a: Suicune|161/401|[from] item: Leftovers","|-heal|p1a: Blissey|661/661|[from] item: Leftovers","|upkeep","|turn|70","||adding 10 for new turn","|","|t:|1753065285","|move|p2a: Suicune|Surf|p1a: Blissey","|-damage|p1a: Blissey|532/661","|move|p1a: Blissey|Seismic Toss|p2a: Suicune","|-damage|p2a: Suicune|61/401","|","|-weather|Sandstorm|[upkeep]","|-damage|p2a: Suicune|36/401|[from] Sandstorm","|-damage|p1a: Blissey|491/661|[from] Sandstorm","|-heal|p2a: Suicune|61/401|[from] item: Leftovers","|-heal|p1a: Blissey|532/661|[from] item: Leftovers","|upkeep","|turn|71","||adding 10 for new turn","|","|t:|1753065290","|move|p2a: Suicune|Rest|p2a: Suicune","|-status|p2a: Suicune|slp|[from] move: Rest","|-heal|p2a: Suicune|401/401 slp|[silent]","|move|p1a: Blissey|Seismic Toss|p2a: Suicune","|-damage|p2a: Suicune|301/401 slp","|","|-weather|Sandstorm|[upkeep]","|-damage|p2a: Suicune|276/401 slp|[from] Sandstorm","|-damage|p1a: Blissey|491/661|[from] Sandstorm","|-heal|p2a: Suicune|301/401 slp|[from] item: Leftovers","|-heal|p1a: Blissey|532/661|[from] item: Leftovers","|upkeep","|turn|72","||adding 10 for new turn","|","|t:|1753065294","|switch|p1a: Tyranitar|Tyranitar, M|245/387","|cant|p2a: Suicune|slp","|","|-weather|Sandstorm|[upkeep]","|-damage|p2a: Suicune|276/401 slp|[from] Sandstorm","|-heal|p2a: Suicune|301/401 slp|[from] item: Leftovers","|-heal|p1a: Tyranitar|269/387|[from] item: Leftovers","|upkeep","|turn|73","||adding 10 for new turn","|","|t:|1753065299","|cant|p2a: Suicune|slp","|move|p1a: Tyranitar|Roar|p2a: Suicune","|drag|p2a: Blissey|Blissey, F|625/714","|-damage|p2a: Blissey|536/714|[from] Spikes","|","|-weather|Sandstorm|[upkeep]","|-damage|p2a: Blissey|492/714|[from] Sandstorm","|-heal|p1a: Tyranitar|293/387|[from] item: Leftovers","|-heal|p2a: Blissey|536/714|[from] item: Leftovers","|upkeep","|turn|74","||adding 10 for new turn","|","|t:|1753065303","|move|p1a: Tyranitar|Rock Slide|p2a: Blissey","|-damage|p2a: Blissey|265/714","|move|p2a: Blissey|Thunder Wave|p1a: Tyranitar","|-status|p1a: Tyranitar|par","|","|-weather|Sandstorm|[upkeep]","|-damage|p2a: Blissey|221/714|[from] Sandstorm","|-heal|p2a: Blissey|265/714|[from] item: Leftovers","|-heal|p1a: Tyranitar|317/387 par|[from] item: Leftovers","|upkeep","|turn|75","||adding 10 for new turn","|","|t:|1753065307","|move|p2a: Blissey|Soft-Boiled|p2a: Blissey","|-heal|p2a: Blissey|622/714","|cant|p1a: Tyranitar|par","|","|-weather|Sandstorm|[upkeep]","|-damage|p2a: Blissey|578/714|[from] Sandstorm","|-heal|p2a: Blissey|622/714|[from] item: Leftovers","|-heal|p1a: Tyranitar|341/387 par|[from] item: Leftovers","|upkeep","|turn|76","||adding 10 for new turn","|","|t:|1753065311","|switch|p2a: Suicune|Suicune|301/401 slp","|-damage|p2a: Suicune|251/401 slp|[from] Spikes","|-ability|p2a: Suicune|Pressure|[silent]","|move|p1a: Tyranitar|Roar|p2a: Suicune","|drag|p2a: Claydol|Claydol|324/324","|","|-weather|Sandstorm|[upkeep]","|-heal|p1a: Tyranitar|365/387 par|[from] item: Leftovers","|upkeep","|turn|77","||adding 10 for new turn","|","|t:|1753065319","|switch|p1a: Claydol|Claydol|129/317","|move|p2a: Claydol|Earthquake|p1a: Claydol","|-immune|p1a: Claydol","|","|-weather|Sandstorm|[upkeep]","|-heal|p1a: Claydol|148/317|[from] item: Leftovers","|upkeep","|turn|78","||adding 10 for new turn","|","|t:|1753065327","|switch|p1a: Blissey|Blissey, F|532/661","|switch|p2a: Suicune|Suicune|251/401 slp","|-damage|p2a: Suicune|201/401 slp|[from] Spikes","|-ability|p2a: Suicune|Pressure|[silent]","|","|-weather|Sandstorm|[upkeep]","|-damage|p2a: Suicune|176/401 slp|[from] Sandstorm","|-damage|p1a: Blissey|491/661|[from] Sandstorm","|-heal|p2a: Suicune|201/401 slp|[from] item: Leftovers","|-heal|p1a: Blissey|532/661|[from] item: Leftovers","|upkeep","|turn|79","||adding 10 for new turn","|","|t:|1753065331","|-curestatus|p2a: Suicune|slp|[msg]","|move|p2a: Suicune|Calm Mind|p2a: Suicune","|-boost|p2a: Suicune|spa|1","|-boost|p2a: Suicune|spd|1","|move|p1a: Blissey|Thunder Wave|p2a: Suicune","|-status|p2a: Suicune|par","|","|-weather|Sandstorm|[upkeep]","|-damage|p1a: Blissey|491/661|[from] Sandstorm","|-damage|p2a: Suicune|176/401 par|[from] Sandstorm","|-heal|p1a: Blissey|532/661|[from] item: Leftovers","|-heal|p2a: Suicune|201/401 par|[from] item: Leftovers","|upkeep","|turn|80","||adding 10 for new turn","|","|t:|1753065335","|move|p1a: Blissey|Soft-Boiled|p1a: Blissey","|-heal|p1a: Blissey|661/661","|move|p2a: Suicune|Rest|p2a: Suicune","|-status|p2a: Suicune|slp|[from] move: Rest","|-heal|p2a: Suicune|401/401 slp|[silent]","|","|-weather|Sandstorm|[upkeep]","|-damage|p2a: Suicune|376/401 slp|[from] Sandstorm","|-damage|p1a: Blissey|620/661|[from] Sandstorm","|-heal|p2a: Suicune|401/401 slp|[from] item: Leftovers","|-heal|p1a: Blissey|661/661|[from] item: Leftovers","|upkeep","|turn|81","||adding 10 for new turn","|","|t:|1753065340","|switch|p1a: Tyranitar|Tyranitar, M|365/387 par","|cant|p2a: Suicune|slp","|","|-weather|Sandstorm|[upkeep]","|-damage|p2a: Suicune|376/401 slp|[from] Sandstorm","|-heal|p2a: Suicune|401/401 slp|[from] item: Leftovers","|-heal|p1a: Tyranitar|387/387 par|[from] item: Leftovers","|upkeep","|turn|82","||adding 10 for new turn","|","|t:|1753065344","|cant|p2a: Suicune|slp","|cant|p1a: Tyranitar|par","|","|-weather|Sandstorm|[upkeep]","|-damage|p2a: Suicune|376/401 slp|[from] Sandstorm","|-heal|p2a: Suicune|401/401 slp|[from] item: Leftovers","|upkeep","|turn|83","||adding 10 for new turn","|","|t:|1753065348","|switch|p1a: Milotic|Milotic, M|353/393","|-curestatus|p2a: Suicune|slp|[msg]","|move|p2a: Suicune|Surf|p1a: Milotic","|-resisted|p1a: Milotic","|-damage|p1a: Milotic|293/393","|","|-weather|Sandstorm|[upkeep]","|-damage|p1a: Milotic|269/393|[from] Sandstorm","|-damage|p2a: Suicune|376/401|[from] Sandstorm","|-heal|p1a: Milotic|293/393|[from] item: Leftovers","|-heal|p2a: Suicune|401/401|[from] item: Leftovers","|upkeep","|turn|84","||adding 10 for new turn","|","|t:|1753065356","|move|p1a: Milotic|Toxic|p2a: Suicune","|-status|p2a: Suicune|tox","|move|p2a: Suicune|Calm Mind|p2a: Suicune","|-boost|p2a: Suicune|spa|1","|-boost|p2a: Suicune|spd|1","|","|-weather|Sandstorm|[upkeep]","|-damage|p1a: Milotic|269/393|[from] Sandstorm","|-damage|p2a: Suicune|376/401 tox|[from] Sandstorm","|-heal|p2a: Suicune|401/401 tox|[from] item: Leftovers","|-heal|p1a: Milotic|293/393|[from] item: Leftovers","|-damage|p2a: Suicune|376/401 tox|[from] psn","|upkeep","|turn|85","||adding 10 for new turn","|","|t:|1753065363","|move|p2a: Suicune|Calm Mind|p2a: Suicune","|-boost|p2a: Suicune|spa|1","|-boost|p2a: Suicune|spd|1","|move|p1a: Milotic|Recover|p1a: Milotic","|-heal|p1a: Milotic|393/393","|","|-weather|Sandstorm|[upkeep]","|-damage|p1a: Milotic|369/393|[from] Sandstorm","|-damage|p2a: Suicune|351/401 tox|[from] Sandstorm","|-heal|p1a: Milotic|393/393|[from] item: Leftovers","|-heal|p2a: Suicune|376/401 tox|[from] item: Leftovers","|-damage|p2a: Suicune|326/401 tox|[from] psn","|upkeep","|turn|86","||adding 10 for new turn","|","|t:|1753065371","|switch|p1a: Blissey|Blissey, F|661/661","|move|p2a: Suicune|Surf|p1a: Blissey","|-damage|p1a: Blissey|448/661","|","|-weather|Sandstorm|[upkeep]","|-damage|p2a: Suicune|301/401 tox|[from] Sandstorm","|-damage|p1a: Blissey|407/661|[from] Sandstorm","|-heal|p2a: Suicune|326/401 tox|[from] item: Leftovers","|-damage|p2a: Suicune|251/401 tox|[from] psn","|-heal|p1a: Blissey|448/661|[from] item: Leftovers","|upkeep","|turn|87","||adding 10 for new turn","|","|t:|1753065376","|move|p2a: Suicune|Rest|p2a: Suicune","|-status|p2a: Suicune|slp|[from] move: Rest","|-heal|p2a: Suicune|401/401 slp|[silent]","|move|p1a: Blissey|Soft-Boiled|p1a: Blissey","|-heal|p1a: Blissey|661/661","|","|-weather|Sandstorm|[upkeep]","|-damage|p2a: Suicune|376/401 slp|[from] Sandstorm","|-damage|p1a: Blissey|620/661|[from] Sandstorm","|-heal|p2a: Suicune|401/401 slp|[from] item: Leftovers","|-heal|p1a: Blissey|661/661|[from] item: Leftovers","|upkeep","|turn|88","||adding 10 for new turn","|","|t:|1753065380","|switch|p1a: Tyranitar|Tyranitar, M|387/387 par","|cant|p2a: Suicune|slp","|","|-weather|Sandstorm|[upkeep]","|-damage|p2a: Suicune|376/401 slp|[from] Sandstorm","|-heal|p2a: Suicune|401/401 slp|[from] item: Leftovers","|upkeep","|turn|89","||adding 10 for new turn","|","|t:|1753065384","|cant|p2a: Suicune|slp","|move|p1a: Tyranitar|Roar|p2a: Suicune","|drag|p2a: Claydol|Claydol|324/324","|","|-weather|Sandstorm|[upkeep]","|upkeep","|turn|90","||adding 10 for new turn","|","|t:|1753065392","|switch|p2a: Suicune|Suicune|401/401 slp","|-damage|p2a: Suicune|351/401 slp|[from] Spikes","|-ability|p2a: Suicune|Pressure|[silent]","|move|p1a: Tyranitar|Hidden Power|p2a: Suicune","|-damage|p2a: Suicune|294/401 slp","|","|-weather|Sandstorm|[upkeep]","|-damage|p2a: Suicune|269/401 slp|[from] Sandstorm","|-heal|p2a: Suicune|294/401 slp|[from] item: Leftovers","|upkeep","|turn|91","||adding 10 for new turn","|","|t:|1753065396","|switch|p1a: Blissey|Blissey, F|661/661","|-curestatus|p2a: Suicune|slp|[msg]","|move|p2a: Suicune|Surf|p1a: Blissey","|-damage|p1a: Blissey|586/661","|","|-weather|Sandstorm|[upkeep]","|-damage|p2a: Suicune|269/401|[from] Sandstorm","|-damage|p1a: Blissey|545/661|[from] Sandstorm","|-heal|p2a: Suicune|294/401|[from] item: Leftovers","|-heal|p1a: Blissey|586/661|[from] item: Leftovers","|upkeep","|turn|92","||adding 10 for new turn","|","|t:|1753065400","|move|p2a: Suicune|Calm Mind|p2a: Suicune","|-boost|p2a: Suicune|spa|1","|-boost|p2a: Suicune|spd|1","|move|p1a: Blissey|Thunder Wave|p2a: Suicune","|-status|p2a: Suicune|par","|","|-weather|Sandstorm|[upkeep]","|-damage|p1a: Blissey|545/661|[from] Sandstorm","|-damage|p2a: Suicune|269/401 par|[from] Sandstorm","|-heal|p1a: Blissey|586/661|[from] item: Leftovers","|-heal|p2a: Suicune|294/401 par|[from] item: Leftovers","|upkeep","|turn|93","||adding 10 for new turn","|","|t:|1753065404","|move|p1a: Blissey|Seismic Toss|p2a: Suicune","|-damage|p2a: Suicune|194/401 par","|move|p2a: Suicune|Surf|p1a: Blissey","|-damage|p1a: Blissey|461/661","|","|-weather|Sandstorm|[upkeep]","|-damage|p1a: Blissey|420/661|[from] Sandstorm","|-damage|p2a: Suicune|169/401 par|[from] Sandstorm","|-heal|p1a: Blissey|461/661|[from] item: Leftovers","|-heal|p2a: Suicune|194/401 par|[from] item: Leftovers","|upkeep","|turn|94","||adding 10 for new turn","|","|t:|1753065409","|move|p1a: Blissey|Soft-Boiled|p1a: Blissey","|-heal|p1a: Blissey|661/661","|cant|p2a: Suicune|par","|","|-weather|Sandstorm|[upkeep]","|-damage|p1a: Blissey|620/661|[from] Sandstorm","|-damage|p2a: Suicune|169/401 par|[from] Sandstorm","|-heal|p1a: Blissey|661/661|[from] item: Leftovers","|-heal|p2a: Suicune|194/401 par|[from] item: Leftovers","|upkeep","|turn|95","||adding 10 for new turn","|","|t:|1753065413","|move|p1a: Blissey|Seismic Toss|p2a: Suicune","|-damage|p2a: Suicune|94/401 par","|move|p2a: Suicune|Rest|p2a: Suicune","|-status|p2a: Suicune|slp|[from] move: Rest","|-heal|p2a: Suicune|401/401 slp|[silent]","|","|-weather|Sandstorm|[upkeep]","|-damage|p2a: Suicune|376/401 slp|[from] Sandstorm","|-damage|p1a: Blissey|620/661|[from] Sandstorm","|-heal|p2a: Suicune|401/401 slp|[from] item: Leftovers","|-heal|p1a: Blissey|661/661|[from] item: Leftovers","|upkeep","|turn|96","||adding 10 for new turn","|","|t:|1753065418","|switch|p1a: Tyranitar|Tyranitar, M|387/387 par","|cant|p2a: Suicune|slp","|","|-weather|Sandstorm|[upkeep]","|-damage|p2a: Suicune|376/401 slp|[from] Sandstorm","|-heal|p2a: Suicune|401/401 slp|[from] item: Leftovers","|upkeep","|turn|97","||adding 10 for new turn","|","|t:|1753065422","|cant|p2a: Suicune|slp","|cant|p1a: Tyranitar|par","|","|-weather|Sandstorm|[upkeep]","|-damage|p2a: Suicune|376/401 slp|[from] Sandstorm","|-heal|p2a: Suicune|401/401 slp|[from] item: Leftovers","|upkeep","|turn|98","||adding 10 for new turn","|","|t:|1753065426","|switch|p1a: Milotic|Milotic, M|393/393","|-curestatus|p2a: Suicune|slp|[msg]","|move|p2a: Suicune|Surf|p1a: Milotic","|-resisted|p1a: Milotic","|-damage|p1a: Milotic|327/393","|","|-weather|Sandstorm|[upkeep]","|-damage|p2a: Suicune|376/401|[from] Sandstorm","|-damage|p1a: Milotic|303/393|[from] Sandstorm","|-heal|p2a: Suicune|401/401|[from] item: Leftovers","|-heal|p1a: Milotic|327/393|[from] item: Leftovers","|upkeep","|turn|99","||adding 10 for new turn","|","|t:|1753065434","|move|p1a: Milotic|Toxic|p2a: Suicune","|-status|p2a: Suicune|tox","|move|p2a: Suicune|Calm Mind|p2a: Suicune","|-boost|p2a: Suicune|spa|1","|-boost|p2a: Suicune|spd|1","|","|-weather|Sandstorm|[upkeep]","|-damage|p2a: Suicune|376/401 tox|[from] Sandstorm","|-damage|p1a: Milotic|303/393|[from] Sandstorm","|-heal|p1a: Milotic|327/393|[from] item: Leftovers","|-heal|p2a: Suicune|401/401 tox|[from] item: Leftovers","|-damage|p2a: Suicune|376/401 tox|[from] psn","|upkeep","|turn|100","||adding 10 for new turn","|","|t:|1753065442","|move|p2a: Suicune|Calm Mind|p2a: Suicune","|-boost|p2a: Suicune|spa|1","|-boost|p2a: Suicune|spd|1","|move|p1a: Milotic|Recover|p1a: Milotic","|-heal|p1a: Milotic|393/393","|","|-weather|Sandstorm|[upkeep]","|-damage|p2a: Suicune|351/401 tox|[from] Sandstorm","|-damage|p1a: Milotic|369/393|[from] Sandstorm","|-heal|p2a: Suicune|376/401 tox|[from] item: Leftovers","|-heal|p1a: Milotic|393/393|[from] item: Leftovers","|-damage|p2a: Suicune|326/401 tox|[from] psn","|upkeep","|turn|101","||adding 10 for new turn","|","|t:|1753065449","|switch|p1a: Blissey|Blissey, F|661/661","|move|p2a: Suicune|Surf|p1a: Blissey","|-damage|p1a: Blissey|468/661","|","|-weather|Sandstorm|[upkeep]","|-damage|p2a: Suicune|301/401 tox|[from] Sandstorm","|-damage|p1a: Blissey|427/661|[from] Sandstorm","|-heal|p2a: Suicune|326/401 tox|[from] item: Leftovers","|-damage|p2a: Suicune|251/401 tox|[from] psn","|-heal|p1a: Blissey|468/661|[from] item: Leftovers","|upkeep","|turn|102","||adding 10 for new turn","|","|t:|1753065454","|move|p2a: Suicune|Rest|p2a: Suicune","|-status|p2a: Suicune|slp|[from] move: Rest","|-heal|p2a: Suicune|401/401 slp|[silent]","|move|p1a: Blissey|Soft-Boiled|p1a: Blissey","|-heal|p1a: Blissey|661/661","|","|-weather|Sandstorm|[upkeep]","|-damage|p2a: Suicune|376/401 slp|[from] Sandstorm","|-damage|p1a: Blissey|620/661|[from] Sandstorm","|-heal|p2a: Suicune|401/401 slp|[from] item: Leftovers","|-heal|p1a: Blissey|661/661|[from] item: Leftovers","|upkeep","|turn|103","||adding 10 for new turn","|","|t:|1753065458","|switch|p1a: Tyranitar|Tyranitar, M|387/387 par","|cant|p2a: Suicune|slp","|","|-weather|Sandstorm|[upkeep]","|-damage|p2a: Suicune|376/401 slp|[from] Sandstorm","|-heal|p2a: Suicune|401/401 slp|[from] item: Leftovers","|upkeep","|turn|104","||adding 10 for new turn","|","|t:|1753065462","|cant|p2a: Suicune|slp","|move|p1a: Tyranitar|Roar|p2a: Suicune","|drag|p2a: Claydol|Claydol|324/324","|","|-weather|Sandstorm|[upkeep]","|upkeep","|turn|105","||adding 10 for new turn","|","|t:|1753065470","|move|p2a: Claydol|Earthquake|p1a: Tyranitar","|-supereffective|p1a: Tyranitar","|-damage|p1a: Tyranitar|176/387 par","|move|p1a: Tyranitar|Hidden Power|p2a: Claydol","|-supereffective|p2a: Claydol","|-damage|p2a: Claydol|148/324","|","|-weather|Sandstorm|[upkeep]","|-heal|p2a: Claydol|168/324|[from] item: Leftovers","|-heal|p1a: Tyranitar|200/387 par|[from] item: Leftovers","|upkeep","|turn|106","||adding 10 for new turn","|","|t:|1753065478","|switch|p1a: Claydol|Claydol|148/317","|move|p2a: Claydol|Earthquake|p1a: Claydol","|-immune|p1a: Claydol","|","|-weather|Sandstorm|[upkeep]","|-heal|p1a: Claydol|167/317|[from] item: Leftovers","|-heal|p2a: Claydol|188/324|[from] item: Leftovers","|upkeep","|turn|107","||adding 10 for new turn","|","|t:|1753065485","|move|p1a: Claydol|Psychic|p2a: Claydol","|-resisted|p2a: Claydol","|-damage|p2a: Claydol|158/324","|move|p2a: Claydol|Rapid Spin|p1a: Claydol","|-damage|p1a: Claydol|149/317","|-sideend|p2: foultestacceptor1|Spikes|[from] move: Rapid Spin|[of] p2a: Claydol","|","|-weather|Sandstorm|[upkeep]","|-heal|p1a: Claydol|168/317|[from] item: Leftovers","|-heal|p2a: Claydol|178/324|[from] item: Leftovers","|upkeep","|turn|108","||adding 10 for new turn","|","|t:|1753065493","|switch|p2a: Suicune|Suicune|401/401 slp","|-ability|p2a: Suicune|Pressure|[silent]","|move|p1a: Claydol|Psychic|p2a: Suicune","|-damage|p2a: Suicune|331/401 slp","|","|-weather|Sandstorm|[upkeep]","|-damage|p2a: Suicune|306/401 slp|[from] Sandstorm","|-heal|p2a: Suicune|331/401 slp|[from] item: Leftovers","|-heal|p1a: Claydol|187/317|[from] item: Leftovers","|upkeep","|turn|109","||adding 10 for new turn","|","|t:|1753065498","|switch|p1a: Milotic|Milotic, M|393/393","|-curestatus|p2a: Suicune|slp|[msg]","|move|p2a: Suicune|Calm Mind|p2a: Suicune","|-boost|p2a: Suicune|spa|1","|-boost|p2a: Suicune|spd|1","|","|-weather|Sandstorm|[upkeep]","|-damage|p2a: Suicune|306/401|[from] Sandstorm","|-damage|p1a: Milotic|369/393|[from] Sandstorm","|-heal|p2a: Suicune|331/401|[from] item: Leftovers","|-heal|p1a: Milotic|393/393|[from] item: Leftovers","|upkeep","|turn|110","||adding 10 for new turn","|","|t:|1753065505","|move|p2a: Suicune|Calm Mind|p2a: Suicune","|-boost|p2a: Suicune|spa|1","|-boost|p2a: Suicune|spd|1","|move|p1a: Milotic|Toxic|p2a: Suicune","|-status|p2a: Suicune|tox","|","|-weather|Sandstorm|[upkeep]","|-damage|p1a: Milotic|369/393|[from] Sandstorm","|-damage|p2a: Suicune|306/401 tox|[from] Sandstorm","|-heal|p1a: Milotic|393/393|[from] item: Leftovers","|-heal|p2a: Suicune|331/401 tox|[from] item: Leftovers","|-damage|p2a: Suicune|306/401 tox|[from] psn","|upkeep","|turn|111","||adding 10 for new turn","|","|t:|1753065513","|switch|p1a: Blissey|Blissey, F|661/661","|move|p2a: Suicune|Calm Mind|p2a: Suicune","|-boost|p2a: Suicune|spa|1","|-boost|p2a: Suicune|spd|1","|","|-weather|Sandstorm|[upkeep]","|-damage|p2a: Suicune|281/401 tox|[from] Sandstorm","|-damage|p1a: Blissey|620/661|[from] Sandstorm","|-heal|p2a: Suicune|306/401 tox|[from] item: Leftovers","|-damage|p2a: Suicune|256/401 tox|[from] psn","|-heal|p1a: Blissey|661/661|[from] item: Leftovers","|upkeep","|turn|112","||adding 10 for new turn","|","|t:|1753065517","|move|p2a: Suicune|Rest|p2a: Suicune","|-status|p2a: Suicune|slp|[from] move: Rest","|-heal|p2a: Suicune|401/401 slp|[silent]","|move|p1a: Blissey|Soft-Boiled||[still]","|-fail|p1a: Blissey|heal","|","|-weather|Sandstorm|[upkeep]","|-damage|p2a: Suicune|376/401 slp|[from] Sandstorm","|-damage|p1a: Blissey|620/661|[from] Sandstorm","|-heal|p2a: Suicune|401/401 slp|[from] item: Leftovers","|-heal|p1a: Blissey|661/661|[from] item: Leftovers","|upkeep","|turn|113","||adding 10 for new turn","|","|t:|1753065521","|switch|p1a: Tyranitar|Tyranitar, M|200/387 par","|cant|p2a: Suicune|slp","|","|-weather|Sandstorm|[upkeep]","|-damage|p2a: Suicune|376/401 slp|[from] Sandstorm","|-heal|p2a: Suicune|401/401 slp|[from] item: Leftovers","|-heal|p1a: Tyranitar|224/387 par|[from] item: Leftovers","|upkeep","|turn|114","||adding 10 for new turn","|","|t:|1753065526","|cant|p2a: Suicune|slp","|move|p1a: Tyranitar|Roar|p2a: Suicune","|drag|p2a: Blissey|Blissey, F|622/714","|","|-weather|Sandstorm|[upkeep]","|-damage|p2a: Blissey|578/714|[from] Sandstorm","|-heal|p2a: Blissey|622/714|[from] item: Leftovers","|-heal|p1a: Tyranitar|248/387 par|[from] item: Leftovers","|upkeep","|turn|115","||adding 10 for new turn","|","|t:|1753065530","|switch|p2a: Suicune|Suicune|401/401 slp","|-ability|p2a: Suicune|Pressure|[silent]","|cant|p1a: Tyranitar|par","|","|-weather|Sandstorm|[upkeep]","|-damage|p2a: Suicune|376/401 slp|[from] Sandstorm","|-heal|p2a: Suicune|401/401 slp|[from] item: Leftovers","|-heal|p1a: Tyranitar|272/387 par|[from] item: Leftovers","|upkeep","|turn|116","||adding 10 for new turn","|","|t:|1753065534","|switch|p1a: Milotic|Milotic, M|393/393","|-curestatus|p2a: Suicune|slp|[msg]","|move|p2a: Suicune|Surf|p1a: Milotic","|-resisted|p1a: Milotic","|-damage|p1a: Milotic|352/393","|","|-weather|Sandstorm|[upkeep]","|-damage|p2a: Suicune|376/401|[from] Sandstorm","|-damage|p1a: Milotic|328/393|[from] Sandstorm","|-heal|p1a: Milotic|352/393|[from] item: Leftovers","|-heal|p2a: Suicune|401/401|[from] item: Leftovers","|upkeep","|turn|117","||adding 10 for new turn","|","|t:|1753065542","|move|p1a: Milotic|Toxic|p2a: Suicune","|-status|p2a: Suicune|tox","|move|p2a: Suicune|Calm Mind|p2a: Suicune","|-boost|p2a: Suicune|spa|1","|-boost|p2a: Suicune|spd|1","|","|-weather|Sandstorm|[upkeep]","|-damage|p2a: Suicune|376/401 tox|[from] Sandstorm","|-damage|p1a: Milotic|328/393|[from] Sandstorm","|-heal|p1a: Milotic|352/393|[from] item: Leftovers","|-heal|p2a: Suicune|401/401 tox|[from] item: Leftovers","|-damage|p2a: Suicune|376/401 tox|[from] psn","|upkeep","|turn|118","||adding 10 for new turn","|","|t:|1753065549","|move|p2a: Suicune|Calm Mind|p2a: Suicune","|-boost|p2a: Suicune|spa|1","|-boost|p2a: Suicune|spd|1","|move|p1a: Milotic|Recover|p1a: Milotic","|-heal|p1a: Milotic|393/393","|","|-weather|Sandstorm|[upkeep]","|-damage|p2a: Suicune|351/401 tox|[from] Sandstorm","|-damage|p1a: Milotic|369/393|[from] Sandstorm","|-heal|p2a: Suicune|376/401 tox|[from] item: Leftovers","|-heal|p1a: Milotic|393/393|[from] item: Leftovers","|-damage|p2a: Suicune|326/401 tox|[from] psn","|upkeep","|turn|119","||adding 10 for new turn","|","|t:|1753065557","|move|p1a: Milotic|Surf|p2a: Suicune","|-resisted|p2a: Suicune","|-damage|p2a: Suicune|303/401 tox","|move|p2a: Suicune|Calm Mind|p2a: Suicune","|-boost|p2a: Suicune|spa|1","|-boost|p2a: Suicune|spd|1","|","|-weather|Sandstorm|[upkeep]","|-damage|p1a: Milotic|369/393|[from] Sandstorm","|-damage|p2a: Suicune|278/401 tox|[from] Sandstorm","|-heal|p2a: Suicune|303/401 tox|[from] item: Leftovers","|-heal|p1a: Milotic|393/393|[from] item: Leftovers","|-damage|p2a: Suicune|228/401 tox|[from] psn","|upkeep","|turn|120","||adding 10 for new turn","|","|t:|1753065561","|move|p1a: Milotic|Recover||[still]","|-fail|p1a: Milotic|heal","|move|p2a: Suicune|Surf|p1a: Milotic","|-resisted|p1a: Milotic","|-damage|p1a: Milotic|293/393","|","|-weather|Sandstorm|[upkeep]","|-damage|p2a: Suicune|203/401 tox|[from] Sandstorm","|-damage|p1a: Milotic|269/393|[from] Sandstorm","|-heal|p1a: Milotic|293/393|[from] item: Leftovers","|-heal|p2a: Suicune|228/401 tox|[from] item: Leftovers","|-damage|p2a: Suicune|128/401 tox|[from] psn","|upkeep","|turn|121","||adding 10 for new turn","|","|t:|1753065566","|switch|p1a: Tyranitar|Tyranitar, M|272/387 par","|move|p2a: Suicune|Rest|p2a: Suicune","|-status|p2a: Suicune|slp|[from] move: Rest","|-heal|p2a: Suicune|401/401 slp|[silent]","|","|-weather|Sandstorm|[upkeep]","|-damage|p2a: Suicune|376/401 slp|[from] Sandstorm","|-heal|p2a: Suicune|401/401 slp|[from] item: Leftovers","|-heal|p1a: Tyranitar|296/387 par|[from] item: Leftovers","|upkeep","|turn|122","||adding 10 for new turn","|","|t:|1753065570","|cant|p2a: Suicune|slp","|move|p1a: Tyranitar|Roar|p2a: Suicune","|drag|p2a: Claydol|Claydol|178/324","|","|-weather|Sandstorm|[upkeep]","|-heal|p2a: Claydol|198/324|[from] item: Leftovers","|-heal|p1a: Tyranitar|320/387 par|[from] item: Leftovers","|upkeep","|turn|123","||adding 10 for new turn","|","|t:|1753065577","|switch|p1a: Claydol|Claydol|187/317","|move|p2a: Claydol|Earthquake|p1a: Claydol","|-immune|p1a: Claydol","|","|-weather|Sandstorm|[upkeep]","|-heal|p1a: Claydol|206/317|[from] item: Leftovers","|-heal|p2a: Claydol|218/324|[from] item: Leftovers","|upkeep","|turn|124","||adding 10 for new turn","|","|t:|1753065585","|switch|p2a: Suicune|Suicune|401/401 slp","|-ability|p2a: Suicune|Pressure|[silent]","|move|p1a: Claydol|Psychic|p2a: Suicune","|-damage|p2a: Suicune|331/401 slp","|","|-weather|Sandstorm|[upkeep]","|-damage|p2a: Suicune|306/401 slp|[from] Sandstorm","|-heal|p2a: Suicune|331/401 slp|[from] item: Leftovers","|-heal|p1a: Claydol|225/317|[from] item: Leftovers","|upkeep","|turn|125","||adding 10 for new turn","|","|t:|1753065589","|cant|p2a: Suicune|slp","|move|p1a: Claydol|Psychic|p2a: Suicune","|-damage|p2a: Suicune|269/401 slp","|","|-weather|Sandstorm|[upkeep]","|-damage|p2a: Suicune|244/401 slp|[from] Sandstorm","|-heal|p2a: Suicune|269/401 slp|[from] item: Leftovers","|-heal|p1a: Claydol|244/317|[from] item: Leftovers","|upkeep","|turn|126","||adding 10 for new turn","|","|t:|1753065594","|switch|p1a: Milotic|Milotic, M|293/393","|-curestatus|p2a: Suicune|slp|[msg]","|move|p2a: Suicune|Ice Beam|p1a: Milotic","|-resisted|p1a: Milotic","|-damage|p1a: Milotic|266/393","|","|-weather|Sandstorm|[upkeep]","|-damage|p1a: Milotic|242/393|[from] Sandstorm","|-damage|p2a: Suicune|244/401|[from] Sandstorm","|-heal|p1a: Milotic|266/393|[from] item: Leftovers","|-heal|p2a: Suicune|269/401|[from] item: Leftovers","|upkeep","|turn|127","||adding 10 for new turn","|","|t:|1753065598","|move|p2a: Suicune|Calm Mind|p2a: Suicune","|-boost|p2a: Suicune|spa|1","|-boost|p2a: Suicune|spd|1","|move|p1a: Milotic|Toxic|p2a: Suicune","|-status|p2a: Suicune|tox","|","|-weather|Sandstorm|[upkeep]","|-damage|p2a: Suicune|244/401 tox|[from] Sandstorm","|-damage|p1a: Milotic|242/393|[from] Sandstorm","|-heal|p1a: Milotic|266/393|[from] item: Leftovers","|-heal|p2a: Suicune|269/401 tox|[from] item: Leftovers","|-damage|p2a: Suicune|244/401 tox|[from] psn","|upkeep","|turn|128","||adding 10 for new turn","|","|t:|1753065602","|move|p2a: Suicune|Calm Mind|p2a: Suicune","|-boost|p2a: Suicune|spa|1","|-boost|p2a: Suicune|spd|1","|move|p1a: Milotic|Recover|p1a: Milotic","|-heal|p1a: Milotic|393/393","|","|-weather|Sandstorm|[upkeep]","|-damage|p1a: Milotic|369/393|[from] Sandstorm","|-damage|p2a: Suicune|219/401 tox|[from] Sandstorm","|-heal|p1a: Milotic|393/393|[from] item: Leftovers","|-heal|p2a: Suicune|244/401 tox|[from] item: Leftovers","|-damage|p2a: Suicune|194/401 tox|[from] psn","|upkeep","|turn|129","||adding 10 for new turn","|","|t:|1753065606","|switch|p1a: Tyranitar|Tyranitar, M|320/387 par","|move|p2a: Suicune|Surf|p1a: Tyranitar","|-supereffective|p1a: Tyranitar","|-damage|p1a: Tyranitar|0 fnt","|faint|p1a: Tyranitar","||adding 5 to each for mid turn request","|","|t:|1753065610","|switch|p1a: Blissey|Blissey, F|661/661","|","|-weather|Sandstorm|[upkeep]","|-damage|p2a: Suicune|169/401 tox|[from] Sandstorm","|-damage|p1a: Blissey|620/661|[from] Sandstorm","|-heal|p2a: Suicune|194/401 tox|[from] item: Leftovers","|-damage|p2a: Suicune|119/401 tox|[from] psn","|-heal|p1a: Blissey|661/661|[from] item: Leftovers","|upkeep","|turn|130","||adding 10 for new turn","|","|t:|1753065614","|switch|p1a: Dugtrio|Dugtrio, F|211/211","|move|p2a: Suicune|Rest|p2a: Suicune","|-status|p2a: Suicune|slp|[from] move: Rest","|-heal|p2a: Suicune|401/401 slp|[silent]","|","|-weather|Sandstorm|[upkeep]","|-damage|p2a: Suicune|376/401 slp|[from] Sandstorm","|-heal|p2a: Suicune|401/401 slp|[from] item: Leftovers","|upkeep","|turn|131","||adding 10 for new turn","|","|t:|1753065622","|move|p1a: Dugtrio|Earthquake|p2a: Suicune","|-damage|p2a: Suicune|268/401 slp","|cant|p2a: Suicune|slp","|","|-weather|Sandstorm|[upkeep]","|-damage|p2a: Suicune|243/401 slp|[from] Sandstorm","|-heal|p2a: Suicune|268/401 slp|[from] item: Leftovers","|upkeep","|turn|132","||adding 10 for new turn","|","|t:|1753065630","|move|p1a: Dugtrio|Earthquake|p2a: Suicune","|-damage|p2a: Suicune|142/401 slp","|cant|p2a: Suicune|slp","|","|-weather|Sandstorm|[upkeep]","|-damage|p2a: Suicune|117/401 slp|[from] Sandstorm","|-heal|p2a: Suicune|142/401 slp|[from] item: Leftovers","|upkeep","|turn|133","||adding 10 for new turn","|","|t:|1753065637","|move|p1a: Dugtrio|Earthquake|p2a: Suicune","|-damage|p2a: Suicune|24/401 slp","|-curestatus|p2a: Suicune|slp|[msg]","|move|p2a: Suicune|Rest|p2a: Suicune","|-status|p2a: Suicune|slp|[from] move: Rest","|-heal|p2a: Suicune|401/401 slp|[silent]","|","|-weather|Sandstorm|[upkeep]","|-damage|p2a: Suicune|376/401 slp|[from] Sandstorm","|-heal|p2a: Suicune|401/401 slp|[from] item: Leftovers","|upkeep","|turn|134","||adding 10 for new turn","|","|t:|1753065645","|move|p1a: Dugtrio|Earthquake|p2a: Suicune","|-damage|p2a: Suicune|263/401 slp","|cant|p2a: Suicune|slp","|","|-weather|Sandstorm|[upkeep]","|-damage|p2a: Suicune|238/401 slp|[from] Sandstorm","|-heal|p2a: Suicune|263/401 slp|[from] item: Leftovers","|upkeep","|turn|135","||adding 10 for new turn","|","|t:|1753065653","|move|p1a: Dugtrio|Earthquake|p2a: Suicune","|-damage|p2a: Suicune|125/401 slp","|cant|p2a: Suicune|slp","|","|-weather|Sandstorm|[upkeep]","|-damage|p2a: Suicune|100/401 slp|[from] Sandstorm","|-heal|p2a: Suicune|125/401 slp|[from] item: Leftovers","|upkeep","|turn|136","||adding 10 for new turn","|","|t:|1753065660","|move|p1a: Dugtrio|Earthquake|p2a: Suicune","|-damage|p2a: Suicune|4/401 slp","|-curestatus|p2a: Suicune|slp|[msg]","|move|p2a: Suicune|Rest|p2a: Suicune","|-status|p2a: Suicune|slp|[from] move: Rest","|-heal|p2a: Suicune|401/401 slp|[silent]","|","|-weather|Sandstorm|[upkeep]","|-damage|p2a: Suicune|376/401 slp|[from] Sandstorm","|-heal|p2a: Suicune|401/401 slp|[from] item: Leftovers","|upkeep","|turn|137","||adding 10 for new turn","|","|t:|1753065668","|move|p1a: Dugtrio|Earthquake|p2a: Suicune","|-damage|p2a: Suicune|265/401 slp","|cant|p2a: Suicune|slp","|","|-weather|Sandstorm|[upkeep]","|-damage|p2a: Suicune|240/401 slp|[from] Sandstorm","|-heal|p2a: Suicune|265/401 slp|[from] item: Leftovers","|upkeep","|turn|138","||adding 10 for new turn","|","|t:|1753065676","|move|p1a: Dugtrio|Earthquake|p2a: Suicune","|-damage|p2a: Suicune|136/401 slp","|cant|p2a: Suicune|slp","|","|-weather|Sandstorm|[upkeep]","|-damage|p2a: Suicune|111/401 slp|[from] Sandstorm","|-heal|p2a: Suicune|136/401 slp|[from] item: Leftovers","|upkeep","|turn|139","||adding 10 for new turn","|","|t:|1753065683","|switch|p1a: Milotic|Milotic, M|393/393","|-curestatus|p2a: Suicune|slp|[msg]","|move|p2a: Suicune|Ice Beam|p1a: Milotic","|-resisted|p1a: Milotic","|-damage|p1a: Milotic|335/393","|","|-weather|Sandstorm|[upkeep]","|-damage|p2a: Suicune|111/401|[from] Sandstorm","|-damage|p1a: Milotic|311/393|[from] Sandstorm","|-heal|p1a: Milotic|335/393|[from] item: Leftovers","|-heal|p2a: Suicune|136/401|[from] item: Leftovers","|upkeep","|turn|140","||adding 10 for new turn","|","|t:|1753065687","|switch|p1a: Blissey|Blissey, F|661/661","|move|p2a: Suicune|Ice Beam|p1a: Blissey","|-damage|p1a: Blissey|552/661","|","|-weather|Sandstorm|[upkeep]","|-damage|p2a: Suicune|111/401|[from] Sandstorm","|-damage|p1a: Blissey|511/661|[from] Sandstorm","|-heal|p2a: Suicune|136/401|[from] item: Leftovers","|-heal|p1a: Blissey|552/661|[from] item: Leftovers","|upkeep","|turn|141","||adding 10 for new turn","|","|t:|1753065692","|move|p2a: Suicune|Ice Beam|p1a: Blissey","|-damage|p1a: Blissey|448/661","|move|p1a: Blissey|Seismic Toss|p2a: Suicune","|-damage|p2a: Suicune|36/401","|","|-weather|Sandstorm|[upkeep]","|-damage|p2a: Suicune|11/401|[from] Sandstorm","|-damage|p1a: Blissey|407/661|[from] Sandstorm","|-heal|p2a: Suicune|36/401|[from] item: Leftovers","|-heal|p1a: Blissey|448/661|[from] item: Leftovers","|upkeep","|turn|142","||adding 10 for new turn","|","|t:|1753065697","|move|p2a: Suicune|Ice Beam|p1a: Blissey","|-crit|p1a: Blissey","|-damage|p1a: Blissey|230/661","|move|p1a: Blissey|Soft-Boiled|p1a: Blissey","|-heal|p1a: Blissey|560/661","|","|-weather|Sandstorm|[upkeep]","|-damage|p2a: Suicune|11/401|[from] Sandstorm","|-damage|p1a: Blissey|519/661|[from] Sandstorm","|-heal|p2a: Suicune|36/401|[from] item: Leftovers","|-heal|p1a: Blissey|560/661|[from] item: Leftovers","|upkeep","|turn|143","||adding 10 for new turn","|","|t:|1753065701","|move|p2a: Suicune|Ice Beam|p1a: Blissey","|-damage|p1a: Blissey|464/661","|move|p1a: Blissey|Ice Beam|p2a: Suicune","|-resisted|p2a: Suicune","|-damage|p2a: Suicune|20/401","|-status|p2a: Suicune|frz","|","|-weather|Sandstorm|[upkeep]","|-damage|p2a: Suicune|0 fnt|[from] Sandstorm","|-damage|p1a: Blissey|423/661|[from] Sandstorm","|faint|p2a: Suicune","|-heal|p1a: Blissey|464/661|[from] item: Leftovers","|upkeep","||adding 5 to each for mid turn request","|","|t:|1753065706","|switch|p2a: Blissey|Blissey, F|622/714","|turn|144","||adding 10 for new turn","|","|t:|1753065710","|move|p1a: Blissey|Soft-Boiled|p1a: Blissey","|-heal|p1a: Blissey|661/661","|move|p2a: Blissey|Seismic Toss|p1a: Blissey","|-damage|p1a: Blissey|561/661","|","|-weather|Sandstorm|[upkeep]","|-damage|p1a: Blissey|520/661|[from] Sandstorm","|-damage|p2a: Blissey|578/714|[from] Sandstorm","|-heal|p1a: Blissey|561/661|[from] item: Leftovers","|-heal|p2a: Blissey|622/714|[from] item: Leftovers","|upkeep","|turn|145","||adding 10 for new turn","|","|t:|1753065715","|move|p1a: Blissey|Thunder Wave|p2a: Blissey","|-status|p2a: Blissey|par","|move|p2a: Blissey|Seismic Toss|p1a: Blissey","|-damage|p1a: Blissey|461/661","|","|-weather|Sandstorm|[upkeep]","|-damage|p1a: Blissey|420/661|[from] Sandstorm","|-damage|p2a: Blissey|578/714 par|[from] Sandstorm","|-heal|p1a: Blissey|461/661|[from] item: Leftovers","|-heal|p2a: Blissey|622/714 par|[from] item: Leftovers","|upkeep","|turn|146","||adding 10 for new turn","|","|t:|1753065719","|move|p1a: Blissey|Soft-Boiled|p1a: Blissey","|-heal|p1a: Blissey|661/661","|move|p2a: Blissey|Seismic Toss|p1a: Blissey","|-damage|p1a: Blissey|561/661","|","|-weather|Sandstorm|[upkeep]","|-damage|p1a: Blissey|520/661|[from] Sandstorm","|-damage|p2a: Blissey|578/714 par|[from] Sandstorm","|-heal|p1a: Blissey|561/661|[from] item: Leftovers","|-heal|p2a: Blissey|622/714 par|[from] item: Leftovers","|upkeep","|turn|147","||adding 10 for new turn","|","|t:|1753065724","|move|p1a: Blissey|Ice Beam|p2a: Blissey","|-damage|p2a: Blissey|564/714 par","|move|p2a: Blissey|Seismic Toss|p1a: Blissey","|-damage|p1a: Blissey|461/661","|","|-weather|Sandstorm|[upkeep]","|-damage|p1a: Blissey|420/661|[from] Sandstorm","|-damage|p2a: Blissey|520/714 par|[from] Sandstorm","|-heal|p1a: Blissey|461/661|[from] item: Leftovers","|-heal|p2a: Blissey|564/714 par|[from] item: Leftovers","|upkeep","|turn|148","||adding 10 for new turn","|","|t:|1753065729","|move|p1a: Blissey|Soft-Boiled|p1a: Blissey","|-heal|p1a: Blissey|661/661","|cant|p2a: Blissey|par","|","|-weather|Sandstorm|[upkeep]","|-damage|p1a: Blissey|620/661|[from] Sandstorm","|-damage|p2a: Blissey|520/714 par|[from] Sandstorm","|-heal|p1a: Blissey|661/661|[from] item: Leftovers","|-heal|p2a: Blissey|564/714 par|[from] item: Leftovers","|upkeep","|turn|149","||adding 10 for new turn","|","|t:|1753065733","|move|p1a: Blissey|Ice Beam|p2a: Blissey","|-damage|p2a: Blissey|508/714 par","|move|p2a: Blissey|Seismic Toss|p1a: Blissey","|-damage|p1a: Blissey|561/661","|","|-weather|Sandstorm|[upkeep]","|-damage|p1a: Blissey|520/661|[from] Sandstorm","|-damage|p2a: Blissey|464/714 par|[from] Sandstorm","|-heal|p1a: Blissey|561/661|[from] item: Leftovers","|-heal|p2a: Blissey|508/714 par|[from] item: Leftovers","|upkeep","|turn|150","||adding 10 for new turn","|","|t:|1753065738","|move|p1a: Blissey|Soft-Boiled|p1a: Blissey","|-heal|p1a: Blissey|661/661","|move|p2a: Blissey|Soft-Boiled|p2a: Blissey","|-heal|p2a: Blissey|714/714 par","|","|-weather|Sandstorm|[upkeep]","|-damage|p1a: Blissey|620/661|[from] Sandstorm","|-damage|p2a: Blissey|670/714 par|[from] Sandstorm","|-heal|p1a: Blissey|661/661|[from] item: Leftovers","|-heal|p2a: Blissey|714/714 par|[from] item: Leftovers","|upkeep","|turn|151","||adding 10 for new turn","|","|t:|1753065742","|move|p1a: Blissey|Ice Beam|p2a: Blissey","|-damage|p2a: Blissey|650/714 par","|move|p2a: Blissey|Seismic Toss|p1a: Blissey","|-damage|p1a: Blissey|561/661","|","|-weather|Sandstorm|[upkeep]","|-damage|p1a: Blissey|520/661|[from] Sandstorm","|-damage|p2a: Blissey|606/714 par|[from] Sandstorm","|-heal|p1a: Blissey|561/661|[from] item: Leftovers","|-heal|p2a: Blissey|650/714 par|[from] item: Leftovers","|upkeep","|turn|152","||adding 10 for new turn","|","|t:|1753065747","|move|p1a: Blissey|Ice Beam|p2a: Blissey","|-damage|p2a: Blissey|590/714 par","|move|p2a: Blissey|Seismic Toss|p1a: Blissey","|-damage|p1a: Blissey|461/661","|","|-weather|Sandstorm|[upkeep]","|-damage|p1a: Blissey|420/661|[from] Sandstorm","|-damage|p2a: Blissey|546/714 par|[from] Sandstorm","|-heal|p1a: Blissey|461/661|[from] item: Leftovers","|-heal|p2a: Blissey|590/714 par|[from] item: Leftovers","|upkeep","|turn|153","||adding 10 for new turn","|","|t:|1753065752","|move|p1a: Blissey|Soft-Boiled|p1a: Blissey","|-heal|p1a: Blissey|661/661","|move|p2a: Blissey|Soft-Boiled|p2a: Blissey","|-heal|p2a: Blissey|714/714 par","|","|-weather|Sandstorm|[upkeep]","|-damage|p1a: Blissey|620/661|[from] Sandstorm","|-damage|p2a: Blissey|670/714 par|[from] Sandstorm","|-heal|p1a: Blissey|661/661|[from] item: Leftovers","|-heal|p2a: Blissey|714/714 par|[from] item: Leftovers","|upkeep","|turn|154","||adding 10 for new turn","|","|t:|1753065756","|move|p1a: Blissey|Seismic Toss|p2a: Blissey","|-damage|p2a: Blissey|614/714 par","|move|p2a: Blissey|Seismic Toss|p1a: Blissey","|-damage|p1a: Blissey|561/661","|","|-weather|Sandstorm|[upkeep]","|-damage|p1a: Blissey|520/661|[from] Sandstorm","|-damage|p2a: Blissey|570/714 par|[from] Sandstorm","|-heal|p1a: Blissey|561/661|[from] item: Leftovers","|-heal|p2a: Blissey|614/714 par|[from] item: Leftovers","|upkeep","|turn|155","||adding 10 for new turn","|","|t:|1753065761","|move|p1a: Blissey|Soft-Boiled|p1a: Blissey","|-heal|p1a: Blissey|661/661","|move|p2a: Blissey|Soft-Boiled|p2a: Blissey","|-heal|p2a: Blissey|714/714 par","|","|-weather|Sandstorm|[upkeep]","|-damage|p1a: Blissey|620/661|[from] Sandstorm","|-damage|p2a: Blissey|670/714 par|[from] Sandstorm","|-heal|p1a: Blissey|661/661|[from] item: Leftovers","|-heal|p2a: Blissey|714/714 par|[from] item: Leftovers","|upkeep","|turn|156","||adding 10 for new turn","|","|t:|1753065765","|switch|p1a: Milotic|Milotic, M|335/393","|cant|p2a: Blissey|par","|","|-weather|Sandstorm|[upkeep]","|-damage|p1a: Milotic|311/393|[from] Sandstorm","|-damage|p2a: Blissey|670/714 par|[from] Sandstorm","|-heal|p1a: Milotic|335/393|[from] item: Leftovers","|-heal|p2a: Blissey|714/714 par|[from] item: Leftovers","|upkeep","|turn|157","||adding 10 for new turn","|","|t:|1753065770","|move|p1a: Milotic|Surf|p2a: Blissey","|-damage|p2a: Blissey|629/714 par","|move|p2a: Blissey|Thunder Wave|p1a: Milotic","|-status|p1a: Milotic|par","|","|-weather|Sandstorm|[upkeep]","|-damage|p1a: Milotic|311/393 par|[from] Sandstorm","|-damage|p2a: Blissey|585/714 par|[from] Sandstorm","|-heal|p1a: Milotic|335/393 par|[from] item: Leftovers","|-heal|p2a: Blissey|629/714 par|[from] item: Leftovers","|upkeep","|turn|158","||adding 10 for new turn","|","|t:|1753065774","|cant|p1a: Milotic|par","|move|p2a: Blissey|Aromatherapy|p2a: Blissey","|-cureteam|p2a: Blissey|[from] move: Aromatherapy","|","|-weather|Sandstorm|[upkeep]","|-damage|p2a: Blissey|585/714|[from] Sandstorm","|-damage|p1a: Milotic|311/393 par|[from] Sandstorm","|-heal|p2a: Blissey|629/714|[from] item: Leftovers","|-heal|p1a: Milotic|335/393 par|[from] item: Leftovers","|upkeep","|turn|159","||adding 10 for new turn","|","|t:|1753065778","|move|p2a: Blissey|Seismic Toss|p1a: Milotic","|-damage|p1a: Milotic|235/393 par","|move|p1a: Milotic|Refresh|p1a: Milotic","|-curestatus|p1a: Milotic|par|[msg]","|","|-weather|Sandstorm|[upkeep]","|-damage|p1a: Milotic|211/393|[from] Sandstorm","|-damage|p2a: Blissey|585/714|[from] Sandstorm","|-heal|p1a: Milotic|235/393|[from] item: Leftovers","|-heal|p2a: Blissey|629/714|[from] item: Leftovers","|upkeep","|turn|160","||adding 10 for new turn","|","|t:|1753065783","|move|p1a: Milotic|Recover|p1a: Milotic","|-heal|p1a: Milotic|393/393","|move|p2a: Blissey|Seismic Toss|p1a: Milotic","|-damage|p1a: Milotic|293/393","|","|-weather|Sandstorm|[upkeep]","|-damage|p1a: Milotic|269/393|[from] Sandstorm","|-damage|p2a: Blissey|585/714|[from] Sandstorm","|-heal|p1a: Milotic|293/393|[from] item: Leftovers","|-heal|p2a: Blissey|629/714|[from] item: Leftovers","|upkeep","|turn|161","||adding 10 for new turn","|","|t:|1753065787","|move|p1a: Milotic|Recover|p1a: Milotic","|-heal|p1a: Milotic|393/393","|move|p2a: Blissey|Seismic Toss|p1a: Milotic","|-damage|p1a: Milotic|293/393","|","|-weather|Sandstorm|[upkeep]","|-damage|p1a: Milotic|269/393|[from] Sandstorm","|-damage|p2a: Blissey|585/714|[from] Sandstorm","|-heal|p1a: Milotic|293/393|[from] item: Leftovers","|-heal|p2a: Blissey|629/714|[from] item: Leftovers","|upkeep","|turn|162","||adding 10 for new turn","|","|t:|1753065791","|move|p1a: Milotic|Recover|p1a: Milotic","|-heal|p1a: Milotic|393/393","|move|p2a: Blissey|Thunder Wave|p1a: Milotic","|-status|p1a: Milotic|par","|","|-weather|Sandstorm|[upkeep]","|-damage|p2a: Blissey|585/714|[from] Sandstorm","|-damage|p1a: Milotic|369/393 par|[from] Sandstorm","|-heal|p2a: Blissey|629/714|[from] item: Leftovers","|-heal|p1a: Milotic|393/393 par|[from] item: Leftovers","|upkeep","|turn|163","||adding 10 for new turn","|","|t:|1753065795","|move|p2a: Blissey|Seismic Toss|p1a: Milotic","|-damage|p1a: Milotic|293/393 par","|cant|p1a: Milotic|par","|","|-weather|Sandstorm|[upkeep]","|-damage|p2a: Blissey|585/714|[from] Sandstorm","|-damage|p1a: Milotic|269/393 par|[from] Sandstorm","|-heal|p2a: Blissey|629/714|[from] item: Leftovers","|-heal|p1a: Milotic|293/393 par|[from] item: Leftovers","|upkeep","|turn|164","||adding 10 for new turn","|","|t:|1753065800","|move|p2a: Blissey|Seismic Toss|p1a: Milotic","|-damage|p1a: Milotic|193/393 par","|cant|p1a: Milotic|par","|","|-weather|Sandstorm|[upkeep]","|-damage|p2a: Blissey|585/714|[from] Sandstorm","|-damage|p1a: Milotic|169/393 par|[from] Sandstorm","|-heal|p2a: Blissey|629/714|[from] item: Leftovers","|-heal|p1a: Milotic|193/393 par|[from] item: Leftovers","|upkeep","|turn|165","||adding 10 for new turn","|","|t:|1753065804","|move|p2a: Blissey|Seismic Toss|p1a: Milotic","|-damage|p1a: Milotic|93/393 par","|move|p1a: Milotic|Recover|p1a: Milotic","|-heal|p1a: Milotic|289/393 par","|","|-weather|Sandstorm|[upkeep]","|-damage|p2a: Blissey|585/714|[from] Sandstorm","|-damage|p1a: Milotic|265/393 par|[from] Sandstorm","|-heal|p2a: Blissey|629/714|[from] item: Leftovers","|-heal|p1a: Milotic|289/393 par|[from] item: Leftovers","|upkeep","|turn|166","||adding 10 for new turn","|","|t:|1753065808","|move|p2a: Blissey|Seismic Toss|p1a: Milotic","|-damage|p1a: Milotic|189/393 par","|move|p1a: Milotic|Refresh|p1a: Milotic","|-curestatus|p1a: Milotic|par|[msg]","|","|-weather|Sandstorm|[upkeep]","|-damage|p1a: Milotic|165/393|[from] Sandstorm","|-damage|p2a: Blissey|585/714|[from] Sandstorm","|-heal|p1a: Milotic|189/393|[from] item: Leftovers","|-heal|p2a: Blissey|629/714|[from] item: Leftovers","|upkeep","|turn|167","||adding 10 for new turn","|","|t:|1753065813","|move|p1a: Milotic|Recover|p1a: Milotic","|-heal|p1a: Milotic|385/393","|move|p2a: Blissey|Seismic Toss|p1a: Milotic","|-damage|p1a: Milotic|285/393","|","|-weather|Sandstorm|[upkeep]","|-damage|p1a: Milotic|261/393|[from] Sandstorm","|-damage|p2a: Blissey|585/714|[from] Sandstorm","|-heal|p1a: Milotic|285/393|[from] item: Leftovers","|-heal|p2a: Blissey|629/714|[from] item: Leftovers","|upkeep","|turn|168","||adding 10 for new turn","|","|t:|1753065817","|move|p1a: Milotic|Recover|p1a: Milotic","|-heal|p1a: Milotic|393/393","|move|p2a: Blissey|Seismic Toss|p1a: Milotic","|-damage|p1a: Milotic|293/393","|","|-weather|Sandstorm|[upkeep]","|-damage|p1a: Milotic|269/393|[from] Sandstorm","|-damage|p2a: Blissey|585/714|[from] Sandstorm","|-heal|p1a: Milotic|293/393|[from] item: Leftovers","|-heal|p2a: Blissey|629/714|[from] item: Leftovers","|upkeep","|turn|169","||adding 10 for new turn","|","|t:|1753065822","|move|p1a: Milotic|Recover|p1a: Milotic","|-heal|p1a: Milotic|393/393","|move|p2a: Blissey|Seismic Toss|p1a: Milotic","|-damage|p1a: Milotic|293/393","|","|-weather|Sandstorm|[upkeep]","|-damage|p1a: Milotic|269/393|[from] Sandstorm","|-damage|p2a: Blissey|585/714|[from] Sandstorm","|-heal|p1a: Milotic|293/393|[from] item: Leftovers","|-heal|p2a: Blissey|629/714|[from] item: Leftovers","|upkeep","|turn|170","||adding 10 for new turn","|","|t:|1753065826","|move|p1a: Milotic|Recover|p1a: Milotic","|-heal|p1a: Milotic|393/393","|move|p2a: Blissey|Seismic Toss|p1a: Milotic","|-damage|p1a: Milotic|293/393","|","|-weather|Sandstorm|[upkeep]","|-damage|p1a: Milotic|269/393|[from] Sandstorm","|-damage|p2a: Blissey|585/714|[from] Sandstorm","|-heal|p1a: Milotic|293/393|[from] item: Leftovers","|-heal|p2a: Blissey|629/714|[from] item: Leftovers","|upkeep","|turn|171","||adding 10 for new turn","|","|t:|1753065830","|move|p1a: Milotic|Recover|p1a: Milotic","|-heal|p1a: Milotic|393/393","|move|p2a: Blissey|Thunder Wave|p1a: Milotic","|-status|p1a: Milotic|par","|","|-weather|Sandstorm|[upkeep]","|-damage|p2a: Blissey|585/714|[from] Sandstorm","|-damage|p1a: Milotic|369/393 par|[from] Sandstorm","|-heal|p2a: Blissey|629/714|[from] item: Leftovers","|-heal|p1a: Milotic|393/393 par|[from] item: Leftovers","|upkeep","|turn|172","||adding 10 for new turn","|","|t:|1753065834","|move|p2a: Blissey|Seismic Toss|p1a: Milotic","|-damage|p1a: Milotic|293/393 par","|move|p1a: Milotic|Refresh|p1a: Milotic","|-curestatus|p1a: Milotic|par|[msg]","|","|-weather|Sandstorm|[upkeep]","|-damage|p1a: Milotic|269/393|[from] Sandstorm","|-damage|p2a: Blissey|585/714|[from] Sandstorm","|-heal|p1a: Milotic|293/393|[from] item: Leftovers","|-heal|p2a: Blissey|629/714|[from] item: Leftovers","|upkeep","|turn|173","||adding 10 for new turn","|","|t:|1753065839","|switch|p2a: Claydol|Claydol|218/324","|move|p1a: Milotic|Recover|p1a: Milotic","|-heal|p1a: Milotic|393/393","|","|-weather|Sandstorm|[upkeep]","|-damage|p1a: Milotic|369/393|[from] Sandstorm","|-heal|p1a: Milotic|393/393|[from] item: Leftovers","|-heal|p2a: Claydol|238/324|[from] item: Leftovers","|upkeep","|turn|174","||adding 10 for new turn","|","|t:|1753065846","|switch|p2a: Blissey|Blissey, F|629/714","|move|p1a: Milotic|Surf|p2a: Blissey","|-damage|p2a: Blissey|550/714","|","|-weather|Sandstorm|[upkeep]","|-damage|p1a: Milotic|369/393|[from] Sandstorm","|-damage|p2a: Blissey|506/714|[from] Sandstorm","|-heal|p1a: Milotic|393/393|[from] item: Leftovers","|-heal|p2a: Blissey|550/714|[from] item: Leftovers","|upkeep","|turn|175","||adding 10 for new turn","|","|t:|1753065851","|switch|p1a: Blissey|Blissey, F|661/661","|move|p2a: Blissey|Soft-Boiled|p2a: Blissey","|-heal|p2a: Blissey|714/714","|","|-weather|Sandstorm|[upkeep]","|-damage|p1a: Blissey|620/661|[from] Sandstorm","|-damage|p2a: Blissey|670/714|[from] Sandstorm","|-heal|p1a: Blissey|661/661|[from] item: Leftovers","|-heal|p2a: Blissey|714/714|[from] item: Leftovers","|upkeep","|turn|176","||adding 10 for new turn","|","|t:|1753065855","|move|p1a: Blissey|Thunder Wave|p2a: Blissey","|-status|p2a: Blissey|par","|move|p2a: Blissey|Seismic Toss|p1a: Blissey","|-damage|p1a: Blissey|561/661","|","|-weather|Sandstorm|[upkeep]","|-damage|p1a: Blissey|520/661|[from] Sandstorm","|-damage|p2a: Blissey|670/714 par|[from] Sandstorm","|-heal|p1a: Blissey|561/661|[from] item: Leftovers","|-heal|p2a: Blissey|714/714 par|[from] item: Leftovers","|upkeep","|turn|177","||adding 10 for new turn","|","|t:|1753065860","|move|p1a: Blissey|Seismic Toss|p2a: Blissey","|-damage|p2a: Blissey|614/714 par","|move|p2a: Blissey|Aromatherapy|p2a: Blissey","|-cureteam|p2a: Blissey|[from] move: Aromatherapy","|","|-weather|Sandstorm|[upkeep]","|-damage|p1a: Blissey|520/661|[from] Sandstorm","|-damage|p2a: Blissey|570/714|[from] Sandstorm","|-heal|p1a: Blissey|561/661|[from] item: Leftovers","|-heal|p2a: Blissey|614/714|[from] item: Leftovers","|upkeep","|turn|178","||adding 10 for new turn","|","|t:|1753065864","|move|p1a: Blissey|Thunder Wave|p2a: Blissey","|-status|p2a: Blissey|par","|move|p2a: Blissey|Soft-Boiled|p2a: Blissey","|-heal|p2a: Blissey|714/714 par","|","|-weather|Sandstorm|[upkeep]","|-damage|p1a: Blissey|520/661|[from] Sandstorm","|-damage|p2a: Blissey|670/714 par|[from] Sandstorm","|-heal|p1a: Blissey|561/661|[from] item: Leftovers","|-heal|p2a: Blissey|714/714 par|[from] item: Leftovers","|upkeep","|turn|179","||adding 10 for new turn","|","|t:|1753065868","|move|p1a: Blissey|Ice Beam|p2a: Blissey","|-damage|p2a: Blissey|654/714 par","|move|p2a: Blissey|Aromatherapy|p2a: Blissey","|-cureteam|p2a: Blissey|[from] move: Aromatherapy","|","|-weather|Sandstorm|[upkeep]","|-damage|p1a: Blissey|520/661|[from] Sandstorm","|-damage|p2a: Blissey|610/714|[from] Sandstorm","|-heal|p1a: Blissey|561/661|[from] item: Leftovers","|-heal|p2a: Blissey|654/714|[from] item: Leftovers","|upkeep","|turn|180","||adding 10 for new turn","|","|t:|1753065873","|move|p1a: Blissey|Thunder Wave|p2a: Blissey","|-status|p2a: Blissey|par","|cant|p2a: Blissey|par","|","|-weather|Sandstorm|[upkeep]","|-damage|p1a: Blissey|520/661|[from] Sandstorm","|-damage|p2a: Blissey|610/714 par|[from] Sandstorm","|-heal|p1a: Blissey|561/661|[from] item: Leftovers","|-heal|p2a: Blissey|654/714 par|[from] item: Leftovers","|upkeep","|turn|181","||adding 10 for new turn","|","|t:|1753065877","|move|p1a: Blissey|Ice Beam|p2a: Blissey","|-damage|p2a: Blissey|592/714 par","|move|p2a: Blissey|Soft-Boiled|p2a: Blissey","|-heal|p2a: Blissey|714/714 par","|","|-weather|Sandstorm|[upkeep]","|-damage|p1a: Blissey|520/661|[from] Sandstorm","|-damage|p2a: Blissey|670/714 par|[from] Sandstorm","|-heal|p1a: Blissey|561/661|[from] item: Leftovers","|-heal|p2a: Blissey|714/714 par|[from] item: Leftovers","|upkeep","|turn|182","||adding 10 for new turn","|","|t:|1753065882","|move|p1a: Blissey|Ice Beam|p2a: Blissey","|-damage|p2a: Blissey|653/714 par","|move|p2a: Blissey|Aromatherapy|p2a: Blissey","|-cureteam|p2a: Blissey|[from] move: Aromatherapy","|","|-weather|Sandstorm|[upkeep]","|-damage|p1a: Blissey|520/661|[from] Sandstorm","|-damage|p2a: Blissey|609/714|[from] Sandstorm","|-heal|p1a: Blissey|561/661|[from] item: Leftovers","|-heal|p2a: Blissey|653/714|[from] item: Leftovers","|upkeep","|turn|183","||adding 10 for new turn","|","|t:|1753065886","|move|p1a: Blissey|Thunder Wave|p2a: Blissey","|-status|p2a: Blissey|par","|move|p2a: Blissey|Thunder Wave|p1a: Blissey","|-status|p1a: Blissey|par","|","|-weather|Sandstorm|[upkeep]","|-damage|p1a: Blissey|520/661 par|[from] Sandstorm","|-damage|p2a: Blissey|609/714 par|[from] Sandstorm","|-heal|p2a: Blissey|653/714 par|[from] item: Leftovers","|-heal|p1a: Blissey|561/661 par|[from] item: Leftovers","|upkeep","|turn|184","||adding 10 for new turn","|","|t:|1753065891","|move|p2a: Blissey|Aromatherapy|p2a: Blissey","|-cureteam|p2a: Blissey|[from] move: Aromatherapy","|move|p1a: Blissey|Ice Beam|p2a: Blissey","|-damage|p2a: Blissey|595/714","|","|-weather|Sandstorm|[upkeep]","|-damage|p2a: Blissey|551/714|[from] Sandstorm","|-damage|p1a: Blissey|520/661 par|[from] Sandstorm","|-heal|p2a: Blissey|595/714|[from] item: Leftovers","|-heal|p1a: Blissey|561/661 par|[from] item: Leftovers","|upkeep","|turn|185","||adding 10 for new turn","|","|t:|1753065895","|move|p2a: Blissey|Soft-Boiled|p2a: Blissey","|-heal|p2a: Blissey|714/714","|move|p1a: Blissey|Thunder Wave|p2a: Blissey","|-status|p2a: Blissey|par","|","|-weather|Sandstorm|[upkeep]","|-damage|p1a: Blissey|520/661 par|[from] Sandstorm","|-damage|p2a: Blissey|670/714 par|[from] Sandstorm","|-heal|p1a: Blissey|561/661 par|[from] item: Leftovers","|-heal|p2a: Blissey|714/714 par|[from] item: Leftovers","|upkeep","|turn|186","||adding 10 for new turn","|","|t:|1753065899","|move|p1a: Blissey|Ice Beam|p2a: Blissey","|-damage|p2a: Blissey|652/714 par","|move|p2a: Blissey|Aromatherapy|p2a: Blissey","|-cureteam|p2a: Blissey|[from] move: Aromatherapy","|","|-weather|Sandstorm|[upkeep]","|-damage|p2a: Blissey|608/714|[from] Sandstorm","|-damage|p1a: Blissey|520/661 par|[from] Sandstorm","|-heal|p2a: Blissey|652/714|[from] item: Leftovers","|-heal|p1a: Blissey|561/661 par|[from] item: Leftovers","|upkeep","|turn|187","||adding 10 for new turn","|","|t:|1753065904","|move|p2a: Blissey|Thunder Wave|p1a: Blissey","|-fail|p1a: Blissey|par","|move|p1a: Blissey|Thunder Wave|p2a: Blissey","|-status|p2a: Blissey|par","|","|-weather|Sandstorm|[upkeep]","|-damage|p1a: Blissey|520/661 par|[from] Sandstorm","|-damage|p2a: Blissey|608/714 par|[from] Sandstorm","|-heal|p1a: Blissey|561/661 par|[from] item: Leftovers","|-heal|p2a: Blissey|652/714 par|[from] item: Leftovers","|upkeep","|turn|188","||adding 10 for new turn","|","|t:|1753065908","|move|p2a: Blissey|Soft-Boiled|p2a: Blissey","|-heal|p2a: Blissey|714/714 par","|move|p1a: Blissey|Ice Beam|p2a: Blissey","|-damage|p2a: Blissey|658/714 par","|","|-weather|Sandstorm|[upkeep]","|-damage|p1a: Blissey|520/661 par|[from] Sandstorm","|-damage|p2a: Blissey|614/714 par|[from] Sandstorm","|-heal|p2a: Blissey|658/714 par|[from] item: Leftovers","|-heal|p1a: Blissey|561/661 par|[from] item: Leftovers","|upkeep","|turn|189","||adding 10 for new turn","|","|t:|1753065913","|move|p1a: Blissey|Ice Beam|p2a: Blissey","|-damage|p2a: Blissey|603/714 par","|move|p2a: Blissey|Thunder Wave|p1a: Blissey","|-fail|p1a: Blissey|par","|","|-weather|Sandstorm|[upkeep]","|-damage|p1a: Blissey|520/661 par|[from] Sandstorm","|-damage|p2a: Blissey|559/714 par|[from] Sandstorm","|-heal|p2a: Blissey|603/714 par|[from] item: Leftovers","|-heal|p1a: Blissey|561/661 par|[from] item: Leftovers","|upkeep","|turn|190","||adding 10 for new turn","|","|t:|1753065918","|move|p2a: Blissey|Thunder Wave|p1a: Blissey","|-fail|p1a: Blissey|par","|move|p1a: Blissey|Ice Beam|p2a: Blissey","|-damage|p2a: Blissey|548/714 par","|","|-weather|Sandstorm|[upkeep]","|-damage|p1a: Blissey|520/661 par|[from] Sandstorm","|-damage|p2a: Blissey|504/714 par|[from] Sandstorm","|-heal|p2a: Blissey|548/714 par|[from] item: Leftovers","|-heal|p1a: Blissey|561/661 par|[from] item: Leftovers","|upkeep","|turn|191","||adding 10 for new turn","|","|t:|1753065922","|cant|p1a: Blissey|par","|move|p2a: Blissey|Thunder Wave|p1a: Blissey","|-fail|p1a: Blissey|par","|","|-weather|Sandstorm|[upkeep]","|-damage|p2a: Blissey|504/714 par|[from] Sandstorm","|-damage|p1a: Blissey|520/661 par|[from] Sandstorm","|-heal|p2a: Blissey|548/714 par|[from] item: Leftovers","|-heal|p1a: Blissey|561/661 par|[from] item: Leftovers","|upkeep","|turn|192","||adding 10 for new turn","|","|t:|1753065926","|cant|p1a: Blissey|par","|cant|p2a: Blissey|par","|","|-weather|Sandstorm|[upkeep]","|-damage|p2a: Blissey|504/714 par|[from] Sandstorm","|-damage|p1a: Blissey|520/661 par|[from] Sandstorm","|-heal|p2a: Blissey|548/714 par|[from] item: Leftovers","|-heal|p1a: Blissey|561/661 par|[from] item: Leftovers","|upkeep","|turn|193","||adding 10 for new turn","|","|t:|1753065930","|cant|p2a: Blissey|par","|move|p1a: Blissey|Thunder Wave|p2a: Blissey","|-fail|p2a: Blissey|par","|","|-weather|Sandstorm|[upkeep]","|-damage|p2a: Blissey|504/714 par|[from] Sandstorm","|-damage|p1a: Blissey|520/661 par|[from] Sandstorm","|-heal|p1a: Blissey|561/661 par|[from] item: Leftovers","|-heal|p2a: Blissey|548/714 par|[from] item: Leftovers","|upkeep","|turn|194","||adding 10 for new turn","|","|t:|1753065935","|cant|p2a: Blissey|par","|cant|p1a: Blissey|par","|","|-weather|Sandstorm|[upkeep]","|-damage|p2a: Blissey|504/714 par|[from] Sandstorm","|-damage|p1a: Blissey|520/661 par|[from] Sandstorm","|-heal|p2a: Blissey|548/714 par|[from] item: Leftovers","|-heal|p1a: Blissey|561/661 par|[from] item: Leftovers","|upkeep","|turn|195","||adding 10 for new turn","|","|t:|1753065939","|move|p1a: Blissey|Thunder Wave|p2a: Blissey","|-fail|p2a: Blissey|par","|move|p2a: Blissey|Thunder Wave|p1a: Blissey","|-fail|p1a: Blissey|par","|","|-weather|Sandstorm|[upkeep]","|-damage|p2a: Blissey|504/714 par|[from] Sandstorm","|-damage|p1a: Blissey|520/661 par|[from] Sandstorm","|-heal|p1a: Blissey|561/661 par|[from] item: Leftovers","|-heal|p2a: Blissey|548/714 par|[from] item: Leftovers","|upkeep","|turn|196","||adding 10 for new turn","|","|t:|1753065943","|move|p1a: Blissey|Thunder Wave|p2a: Blissey","|-fail|p2a: Blissey|par","|cant|p2a: Blissey|par","|","|-weather|Sandstorm|[upkeep]","|-damage|p1a: Blissey|520/661 par|[from] Sandstorm","|-damage|p2a: Blissey|504/714 par|[from] Sandstorm","|-heal|p1a: Blissey|561/661 par|[from] item: Leftovers","|-heal|p2a: Blissey|548/714 par|[from] item: Leftovers","|upkeep","|turn|197","||adding 10 for new turn","|","|t:|1753065948","|move|p2a: Blissey|Thunder Wave|p1a: Blissey","|-fail|p1a: Blissey|par","|move|p1a: Blissey|Thunder Wave|p2a: Blissey","|-fail|p2a: Blissey|par","|","|-weather|Sandstorm|[upkeep]","|-damage|p1a: Blissey|520/661 par|[from] Sandstorm","|-damage|p2a: Blissey|504/714 par|[from] Sandstorm","|-heal|p2a: Blissey|548/714 par|[from] item: Leftovers","|-heal|p1a: Blissey|561/661 par|[from] item: Leftovers","|upkeep","|turn|198","||adding 10 for new turn","|","|t:|1753065952","|move|p2a: Blissey|Thunder Wave|p1a: Blissey","|-fail|p1a: Blissey|par","|move|p1a: Blissey|Thunder Wave|p2a: Blissey","|-fail|p2a: Blissey|par","|","|-weather|Sandstorm|[upkeep]","|-damage|p1a: Blissey|520/661 par|[from] Sandstorm","|-damage|p2a: Blissey|504/714 par|[from] Sandstorm","|-heal|p2a: Blissey|548/714 par|[from] item: Leftovers","|-heal|p1a: Blissey|561/661 par|[from] item: Leftovers","|upkeep","|turn|199","||adding 10 for new turn","|","|t:|1753065956","|move|p1a: Blissey|Thunder Wave|p2a: Blissey","|-fail|p2a: Blissey|par","|move|p2a: Blissey|Thunder Wave|p1a: Blissey","|-fail|p1a: Blissey|par","|","|-weather|Sandstorm|[upkeep]","|-damage|p2a: Blissey|504/714 par|[from] Sandstorm","|-damage|p1a: Blissey|520/661 par|[from] Sandstorm","|-heal|p1a: Blissey|561/661 par|[from] item: Leftovers","|-heal|p2a: Blissey|548/714 par|[from] item: Leftovers","|upkeep","|turn|200","||adding 10 for new turn","|","|t:|1753065961","|move|p1a: Blissey|Thunder Wave|p2a: Blissey","|-fail|p2a: Blissey|par","|move|p2a: Blissey|Thunder Wave|p1a: Blissey","|-fail|p1a: Blissey|par","|","|-weather|Sandstorm|[upkeep]","|-damage|p2a: Blissey|504/714 par|[from] Sandstorm","|-damage|p1a: Blissey|520/661 par|[from] Sandstorm","|-heal|p1a: Blissey|561/661 par|[from] item: Leftovers","|-heal|p2a: Blissey|548/714 par|[from] item: Leftovers","|upkeep","|turn|201","||adding 10 for new turn","|","|t:|1753065965","|move|p2a: Blissey|Thunder Wave|p1a: Blissey","|-fail|p1a: Blissey|par","|move|p1a: Blissey|Thunder Wave|p2a: Blissey","|-fail|p2a: Blissey|par","|","|-weather|Sandstorm|[upkeep]","|-damage|p2a: Blissey|504/714 par|[from] Sandstorm","|-damage|p1a: Blissey|520/661 par|[from] Sandstorm","|-heal|p1a: Blissey|561/661 par|[from] item: Leftovers","|-heal|p2a: Blissey|548/714 par|[from] item: Leftovers","|upkeep","|turn|202","||adding 10 for new turn","|","|t:|1753065969","|move|p2a: Blissey|Thunder Wave|p1a: Blissey","|-fail|p1a: Blissey|par","|cant|p1a: Blissey|par","|","|-weather|Sandstorm|[upkeep]","|-damage|p1a: Blissey|520/661 par|[from] Sandstorm","|-damage|p2a: Blissey|504/714 par|[from] Sandstorm","|-heal|p1a: Blissey|561/661 par|[from] item: Leftovers","|-heal|p2a: Blissey|548/714 par|[from] item: Leftovers","|upkeep","|turn|203","||adding 10 for new turn","|","|t:|1753065973","|move|p2a: Blissey|Thunder Wave|p1a: Blissey","|-fail|p1a: Blissey|par","|move|p1a: Blissey|Thunder Wave|p2a: Blissey","|-fail|p2a: Blissey|par","|","|-weather|Sandstorm|[upkeep]","|-damage|p2a: Blissey|504/714 par|[from] Sandstorm","|-damage|p1a: Blissey|520/661 par|[from] Sandstorm","|-heal|p1a: Blissey|561/661 par|[from] item: Leftovers","|-heal|p2a: Blissey|548/714 par|[from] item: Leftovers","|upkeep","|turn|204","||adding 10 for new turn","|","|t:|1753065978","|move|p1a: Blissey|Thunder Wave|p2a: Blissey","|-fail|p2a: Blissey|par","|cant|p2a: Blissey|par","|","|-weather|Sandstorm|[upkeep]","|-damage|p1a: Blissey|520/661 par|[from] Sandstorm","|-damage|p2a: Blissey|504/714 par|[from] Sandstorm","|-heal|p1a: Blissey|561/661 par|[from] item: Leftovers","|-heal|p2a: Blissey|548/714 par|[from] item: Leftovers","|upkeep","|turn|205","||adding 10 for new turn","|","|t:|1753065982","|cant|p1a: Blissey|par","|cant|p2a: Blissey|par","|","|-weather|Sandstorm|[upkeep]","|-damage|p1a: Blissey|520/661 par|[from] Sandstorm","|-damage|p2a: Blissey|504/714 par|[from] Sandstorm","|-heal|p1a: Blissey|561/661 par|[from] item: Leftovers","|-heal|p2a: Blissey|548/714 par|[from] item: Leftovers","|upkeep","|turn|206","||adding 10 for new turn","|","|t:|1753065986","|move|p1a: Blissey|Thunder Wave|p2a: Blissey","|-fail|p2a: Blissey|par","|move|p2a: Blissey|Seismic Toss|p1a: Blissey","|-damage|p1a: Blissey|461/661 par","|","|-weather|Sandstorm|[upkeep]","|-damage|p1a: Blissey|420/661 par|[from] Sandstorm","|-damage|p2a: Blissey|504/714 par|[from] Sandstorm","|-heal|p2a: Blissey|548/714 par|[from] item: Leftovers","|-heal|p1a: Blissey|461/661 par|[from] item: Leftovers","|upkeep","|turn|207","||adding 10 for new turn","|","|t:|1753065991","|move|p2a: Blissey|Thunder Wave|p1a: Blissey","|-fail|p1a: Blissey|par","|move|p1a: Blissey|Thunder Wave|p2a: Blissey","|-fail|p2a: Blissey|par","|","|-weather|Sandstorm|[upkeep]","|-damage|p1a: Blissey|420/661 par|[from] Sandstorm","|-damage|p2a: Blissey|504/714 par|[from] Sandstorm","|-heal|p1a: Blissey|461/661 par|[from] item: Leftovers","|-heal|p2a: Blissey|548/714 par|[from] item: Leftovers","|upkeep","|turn|208","||adding 10 for new turn","|","|t:|1753065995","|move|p1a: Blissey|Thunder Wave|p2a: Blissey","|-fail|p2a: Blissey|par","|move|p2a: Blissey|Thunder Wave|p1a: Blissey","|-fail|p1a: Blissey|par","|","|-weather|Sandstorm|[upkeep]","|-damage|p2a: Blissey|504/714 par|[from] Sandstorm","|-damage|p1a: Blissey|420/661 par|[from] Sandstorm","|-heal|p1a: Blissey|461/661 par|[from] item: Leftovers","|-heal|p2a: Blissey|548/714 par|[from] item: Leftovers","|upkeep","|turn|209","||adding 10 for new turn","|","|t:|1753065999","|move|p2a: Blissey|Thunder Wave|p1a: Blissey","|-fail|p1a: Blissey|par","|move|p1a: Blissey|Thunder Wave|p2a: Blissey","|-fail|p2a: Blissey|par","|","|-weather|Sandstorm|[upkeep]","|-damage|p1a: Blissey|420/661 par|[from] Sandstorm","|-damage|p2a: Blissey|504/714 par|[from] Sandstorm","|-heal|p1a: Blissey|461/661 par|[from] item: Leftovers","|-heal|p2a: Blissey|548/714 par|[from] item: Leftovers","|upkeep","|turn|210","||adding 10 for new turn","|","|t:|1753066003","|move|p2a: Blissey|Thunder Wave|p1a: Blissey","|-fail|p1a: Blissey|par","|move|p1a: Blissey|Thunder Wave|p2a: Blissey","|-fail|p2a: Blissey|par","|","|-weather|Sandstorm|[upkeep]","|-damage|p1a: Blissey|420/661 par|[from] Sandstorm","|-damage|p2a: Blissey|504/714 par|[from] Sandstorm","|-heal|p2a: Blissey|548/714 par|[from] item: Leftovers","|-heal|p1a: Blissey|461/661 par|[from] item: Leftovers","|upkeep","|turn|211","||adding 10 for new turn","|","|t:|1753066008","|cant|p1a: Blissey|par","|move|p2a: Blissey|Thunder Wave|p1a: Blissey","|-fail|p1a: Blissey|par","|","|-weather|Sandstorm|[upkeep]","|-damage|p1a: Blissey|420/661 par|[from] Sandstorm","|-damage|p2a: Blissey|504/714 par|[from] Sandstorm","|-heal|p2a: Blissey|548/714 par|[from] item: Leftovers","|-heal|p1a: Blissey|461/661 par|[from] item: Leftovers","|upkeep","|turn|212","||adding 10 for new turn","|","|t:|1753066012","|move|p2a: Blissey|Seismic Toss|p1a: Blissey","|-damage|p1a: Blissey|361/661 par","|move|p1a: Blissey|Thunder Wave|p2a: Blissey","|-fail|p2a: Blissey|par","|","|-weather|Sandstorm|[upkeep]","|-damage|p2a: Blissey|504/714 par|[from] Sandstorm","|-damage|p1a: Blissey|320/661 par|[from] Sandstorm","|-heal|p2a: Blissey|548/714 par|[from] item: Leftovers","|-heal|p1a: Blissey|361/661 par|[from] item: Leftovers","|upkeep","|turn|213","||adding 10 for new turn","|","|t:|1753066016","|move|p2a: Blissey|Seismic Toss|p1a: Blissey","|-damage|p1a: Blissey|261/661 par","|cant|p1a: Blissey|par","|","|-weather|Sandstorm|[upkeep]","|-damage|p1a: Blissey|220/661 par|[from] Sandstorm","|-damage|p2a: Blissey|504/714 par|[from] Sandstorm","|-heal|p2a: Blissey|548/714 par|[from] item: Leftovers","|-heal|p1a: Blissey|261/661 par|[from] item: Leftovers","|upkeep","|turn|214","||adding 10 for new turn","|","|t:|1753066021","|move|p1a: Blissey|Seismic Toss|p2a: Blissey","|-damage|p2a: Blissey|448/714 par","|cant|p2a: Blissey|par","|","|-weather|Sandstorm|[upkeep]","|-damage|p1a: Blissey|220/661 par|[from] Sandstorm","|-damage|p2a: Blissey|404/714 par|[from] Sandstorm","|-heal|p1a: Blissey|261/661 par|[from] item: Leftovers","|-heal|p2a: Blissey|448/714 par|[from] item: Leftovers","|upkeep","|turn|215","||adding 10 for new turn","|","|t:|1753066025","|move|p2a: Blissey|Seismic Toss|p1a: Blissey","|-damage|p1a: Blissey|161/661 par","|cant|p1a: Blissey|par","|","|-weather|Sandstorm|[upkeep]","|-damage|p2a: Blissey|404/714 par|[from] Sandstorm","|-damage|p1a: Blissey|120/661 par|[from] Sandstorm","|-heal|p2a: Blissey|448/714 par|[from] item: Leftovers","|-heal|p1a: Blissey|161/661 par|[from] item: Leftovers","|upkeep","|turn|216","||adding 10 for new turn","|","|t:|1753066030","|move|p1a: Blissey|Ice Beam|p2a: Blissey","|-damage|p2a: Blissey|390/714 par","|move|p2a: Blissey|Seismic Toss|p1a: Blissey","|-damage|p1a: Blissey|61/661 par","|","|-weather|Sandstorm|[upkeep]","|-damage|p2a: Blissey|346/714 par|[from] Sandstorm","|-damage|p1a: Blissey|20/661 par|[from] Sandstorm","|-heal|p1a: Blissey|61/661 par|[from] item: Leftovers","|-heal|p2a: Blissey|390/714 par|[from] item: Leftovers","|upkeep","|turn|217","||adding 10 for new turn","|","|t:|1753066034","|-curestatus|p1a: Blissey|par|[from] ability: Natural Cure","|switch|p1a: Claydol|Claydol|244/317","|-curestatus|p2a: Blissey|par|[from] ability: Natural Cure","|switch|p2a: Claydol|Claydol|238/324","|","|-weather|Sandstorm|[upkeep]","|-heal|p1a: Claydol|263/317|[from] item: Leftovers","|-heal|p2a: Claydol|258/324|[from] item: Leftovers","|upkeep","|turn|218","||adding 10 for new turn","|","|t:|1753066041","|switch|p1a: Milotic|Milotic, M|393/393","|move|p2a: Claydol|Psychic|p1a: Milotic","|-damage|p1a: Milotic|318/393","|","|-weather|Sandstorm|[upkeep]","|-damage|p1a: Milotic|294/393|[from] Sandstorm","|-heal|p1a: Milotic|318/393|[from] item: Leftovers","|-heal|p2a: Claydol|278/324|[from] item: Leftovers","|upkeep","|turn|219","||adding 10 for new turn","|","|t:|1753066046","|switch|p2a: Blissey|Blissey, F|390/714","|move|p1a: Milotic|Surf|p2a: Blissey","|-damage|p2a: Blissey|311/714","|","|-weather|Sandstorm|[upkeep]","|-damage|p1a: Milotic|294/393|[from] Sandstorm","|-damage|p2a: Blissey|267/714|[from] Sandstorm","|-heal|p1a: Milotic|318/393|[from] item: Leftovers","|-heal|p2a: Blissey|311/714|[from] item: Leftovers","|upkeep","|turn|220","||adding 10 for new turn","|","|t:|1753066050","|move|p1a: Milotic|Surf|p2a: Blissey","|-damage|p2a: Blissey|232/714","|move|p2a: Blissey|Thunder Wave|p1a: Milotic","|-status|p1a: Milotic|par","|","|-weather|Sandstorm|[upkeep]","|-damage|p2a: Blissey|188/714|[from] Sandstorm","|-damage|p1a: Milotic|294/393 par|[from] Sandstorm","|-heal|p2a: Blissey|232/714|[from] item: Leftovers","|-heal|p1a: Milotic|318/393 par|[from] item: Leftovers","|upkeep","|turn|221","||adding 10 for new turn","|","|t:|1753066055","|move|p2a: Blissey|Seismic Toss|p1a: Milotic","|-damage|p1a: Milotic|218/393 par","|move|p1a: Milotic|Recover|p1a: Milotic","|-heal|p1a: Milotic|393/393 par","|","|-weather|Sandstorm|[upkeep]","|-damage|p2a: Blissey|188/714|[from] Sandstorm","|-damage|p1a: Milotic|369/393 par|[from] Sandstorm","|-heal|p2a: Blissey|232/714|[from] item: Leftovers","|-heal|p1a: Milotic|393/393 par|[from] item: Leftovers","|upkeep","|turn|222","||adding 10 for new turn","|","|t:|1753066059","|move|p2a: Blissey|Thunder Wave|p1a: Milotic","|-fail|p1a: Milotic|par","|cant|p1a: Milotic|par","|","|-weather|Sandstorm|[upkeep]","|-damage|p2a: Blissey|188/714|[from] Sandstorm","|-damage|p1a: Milotic|369/393 par|[from] Sandstorm","|-heal|p2a: Blissey|232/714|[from] item: Leftovers","|-heal|p1a: Milotic|393/393 par|[from] item: Leftovers","|upkeep","|turn|223","||adding 10 for new turn","|","|t:|1753066063","|move|p2a: Blissey|Thunder Wave|p1a: Milotic","|-fail|p1a: Milotic|par","|move|p1a: Milotic|Surf|p2a: Blissey","|-damage|p2a: Blissey|143/714","|","|-weather|Sandstorm|[upkeep]","|-damage|p2a: Blissey|99/714|[from] Sandstorm","|-damage|p1a: Milotic|369/393 par|[from] Sandstorm","|-heal|p2a: Blissey|143/714|[from] item: Leftovers","|-heal|p1a: Milotic|393/393 par|[from] item: Leftovers","|upkeep","|turn|224","||adding 10 for new turn","|","|t:|1753066068","|move|p2a: Blissey|Thunder Wave|p1a: Milotic","|-fail|p1a: Milotic|par","|move|p1a: Milotic|Surf|p2a: Blissey","|-damage|p2a: Blissey|60/714","|","|-weather|Sandstorm|[upkeep]","|-damage|p2a: Blissey|16/714|[from] Sandstorm","|-damage|p1a: Milotic|369/393 par|[from] Sandstorm","|-heal|p2a: Blissey|60/714|[from] item: Leftovers","|-heal|p1a: Milotic|393/393 par|[from] item: Leftovers","|upkeep","|turn|225","||adding 10 for new turn","|","|t:|1753066072","|switch|p2a: Claydol|Claydol|278/324","|cant|p1a: Milotic|par","|","|-weather|Sandstorm|[upkeep]","|-damage|p1a: Milotic|369/393 par|[from] Sandstorm","|-heal|p2a: Claydol|298/324|[from] item: Leftovers","|-heal|p1a: Milotic|393/393 par|[from] item: Leftovers","|upkeep","|turn|226","||adding 10 for new turn","|","|t:|1753066076","|move|p2a: Claydol|Psychic|p1a: Milotic","|-damage|p1a: Milotic|318/393 par","|move|p1a: Milotic|Surf|p2a: Claydol","|-supereffective|p2a: Claydol","|-damage|p2a: Claydol|116/324","|","|-weather|Sandstorm|[upkeep]","|-damage|p1a: Milotic|294/393 par|[from] Sandstorm","|-heal|p2a: Claydol|136/324|[from] item: Leftovers","|-heal|p1a: Milotic|318/393 par|[from] item: Leftovers","|upkeep","|turn|227","||adding 10 for new turn","|","|t:|1753066080","|move|p2a: Claydol|Rest|p2a: Claydol","|-status|p2a: Claydol|slp|[from] move: Rest","|-heal|p2a: Claydol|324/324 slp|[silent]","|move|p1a: Milotic|Surf|p2a: Claydol","|-supereffective|p2a: Claydol","|-damage|p2a: Claydol|144/324 slp","|","|-weather|Sandstorm|[upkeep]","|-damage|p1a: Milotic|294/393 par|[from] Sandstorm","|-heal|p2a: Claydol|164/324 slp|[from] item: Leftovers","|-heal|p1a: Milotic|318/393 par|[from] item: Leftovers","|upkeep","|turn|228","||adding 10 for new turn","|","|t:|1753066084","|cant|p2a: Claydol|slp","|cant|p1a: Milotic|par","|","|-weather|Sandstorm|[upkeep]","|-damage|p1a: Milotic|294/393 par|[from] Sandstorm","|-heal|p2a: Claydol|184/324 slp|[from] item: Leftovers","|-heal|p1a: Milotic|318/393 par|[from] item: Leftovers","|upkeep","|turn|229","||adding 10 for new turn","|","|t:|1753066088","|cant|p2a: Claydol|slp","|move|p1a: Milotic|Surf|p2a: Claydol","|-supereffective|p2a: Claydol","|-damage|p2a: Claydol|0 fnt","|faint|p2a: Claydol","||adding 5 to each for mid turn request","|","|t:|1753066091","|switch|p2a: Blissey|Blissey, F|60/714","|","|-weather|Sandstorm|[upkeep]","|-damage|p2a: Blissey|16/714|[from] Sandstorm","|-damage|p1a: Milotic|294/393 par|[from] Sandstorm","|-heal|p2a: Blissey|60/714|[from] item: Leftovers","|-heal|p1a: Milotic|318/393 par|[from] item: Leftovers","|upkeep","|turn|230","||adding 10 for new turn","|","|t:|1753066095","|switch|p1a: Dugtrio|Dugtrio, F|211/211","|move|p2a: Blissey|Seismic Toss|p1a: Dugtrio","|-damage|p1a: Dugtrio|111/211","|","|-weather|Sandstorm|[upkeep]","|-damage|p2a: Blissey|16/714|[from] Sandstorm","|-heal|p2a: Blissey|60/714|[from] item: Leftovers","|upkeep","|turn|231","||adding 10 for new turn","|","|t:|1753066102","|move|p1a: Dugtrio|Aerial Ace|p2a: Blissey","|-damage|p2a: Blissey|0 fnt","|faint|p2a: Blissey","|","|win|foultestchallenge1",""],"p1rating":null,"p2rating":null,"endType":"normal","ladderError":true,"timestamp":"Sun Jul 20 2025 19:48:22 GMT-0700 (アメリカ太平洋夏時間)","roomid":"battle-gen3ou-1098","format":"gen3ou"}