{"winner":"thecrusher677","seed":"sodium,dd072302575160c627d9cb1e14ac890f","turns":14,"p1":"foulplaytest1.1","p2":"thecrusher677","p1team":[{"name":"Skarmory","species":"Skarmory","item":"Leftovers","ability":"Keen Eye","moves":["Roar","Toxic","Spikes","Drill Peck"],"nature":"Impish","evs":{"hp":252,"atk":0,"def":232,"spa":0,"spd":0,"spe":24},"gender":"M","level":100,"ivs":{"hp":31,"atk":31,"def":31,"spa":31,"spd":31,"spe":31}}],"p2team":[{"name":"The Wall Jr.","species":"Registeel","item":"Leftovers","ability":"Clear Body","moves":["Rest","Sleep Talk","Rollout","Curse"],"nature":"Careful","evs":{"hp":252,"atk":4,"def":1,"spa":0,"spd":252,"spe":0},"gender":"N","level":50,"ivs":{"hp":31,"atk":31,"def":31,"spa":31,"spd":31,"spe":31}}],"score":[0,1],"inputLog":[">version 372d05e49c92a79eecdf6c8dddb208bd1765c00f",">start {\"formatid\":\"gen3ou\",\"seed\":\"sodium,dd072302575160c627d9cb1e14ac890f\"}",">player p1 {\"name\":\"foulplaytest1.1\",\"avatar\":\"dawn\",\"team\":\"Skarmory||Leftovers|KeenEye|Roar,Toxic,Spikes,DrillPeck|Impish|252,,232,,,24|M||||\",\"rating\":0}",">player p2 {\"name\":\"thecrusher677\",\"avatar\":\"170\",\"team\":\"The Wall Jr.|Registeel|Leftovers|ClearBody|Rest,SleepTalk,Rollout,Curse|Careful|252,4,1,,252,|N|||50|\",\"rating\":0}",">chat ☆foulplaytest1.1|hf",">p1 move drillpeck",">p2 move curse",">p1 move drillpeck",">p2 move curse",">p1 move drillpeck",">p2 move curse",">p1 move drillpeck",">p2 move curse",">p1 move drillpeck",">p2 move curse",">p1 move drillpeck",">p2 move curse",">p1 move drillpeck",">p2 move rest",">p1 move spikes",">p2 move sleeptalk",">p1 move spikes",">p2 move sleeptalk",">p1 move drillpeck",">p2 move rollout",">p1 move spikes",">p2 move rollout",">p1 move drillpeck",">p2 move rollout",">p1 move drillpeck",">p2 move rollout",">p1 move drillpeck",">p2 move rollout"],"log":["|j|☆foulplaytest1.1","|j|☆thecrusher677","|t:|1752738148","|gametype|singles","|player|p1|foulplaytest1.1|dawn|","|player|p2|thecrusher677|170|","|teamsize|p1|1","|teamsize|p2|1","|gen|3","|tier|[Gen 3] OU","|rule|Sleep Clause Mod: Limit one foe put to sleep","|rule|Switch Priority Clause Mod: Faster Pokémon switch first","|rule|Species Clause: Limit one of each Pokémon","|rule|OHKO Clause: OHKO moves are banned","|rule|Evasion Items Clause: Evasion items are banned","|rule|Evasion Moves Clause: Evasion moves are banned","|rule|Endless Battle Clause: Forcing endless battles is banned","|rule|HP Percentage Mod: HP is shown in percentages","|rule|One Boost Passer Clause: Limit one Baton Passer that has a way to boost its stats","|rule|Freeze Clause Mod: Limit one foe frozen","|","|t:|1752738148","|start","|switch|p1a: Skarmory|Skarmory, M|334/334","|switch|p2a: The Wall Jr.|Registeel, L50|187/187","|turn|1","|c|☆foulplaytest1.1|hf","|inactive|Battle timer is ON: inactive players will automatically lose when time's up. (requested by foulplaytest1.1)","|","|t:|1752738168","|move|p1a: Skarmory|Drill Peck|p2a: The Wall Jr.","|-resisted|p2a: The Wall Jr.","|-damage|p2a: The Wall Jr.|132/187","|move|p2a: The Wall Jr.|Curse|p2a: The Wall Jr.","|-unboost|p2a: The Wall Jr.|spe|1","|-boost|p2a: The Wall Jr.|atk|1","|-boost|p2a: The Wall Jr.|def|1","|","|-heal|p2a: The Wall Jr.|143/187|[from] item: Leftovers","|upkeep","|turn|2","||adding 10 for new turn","|","|t:|1752738191","|move|p1a: Skarmory|Drill Peck|p2a: The Wall Jr.","|-resisted|p2a: The Wall Jr.","|-damage|p2a: The Wall Jr.|108/187","|move|p2a: The Wall Jr.|Curse|p2a: The Wall Jr.","|-unboost|p2a: The Wall Jr.|spe|1","|-boost|p2a: The Wall Jr.|atk|1","|-boost|p2a: The Wall Jr.|def|1","|","|-heal|p2a: The Wall Jr.|119/187|[from] item: Leftovers","|upkeep","|turn|3","||adding 10 for new turn","|","|t:|1752738196","|move|p1a: Skarmory|Drill Peck|p2a: The Wall Jr.","|-resisted|p2a: The Wall Jr.","|-damage|p2a: The Wall Jr.|90/187","|move|p2a: The Wall Jr.|Curse|p2a: The Wall Jr.","|-unboost|p2a: The Wall Jr.|spe|1","|-boost|p2a: The Wall Jr.|atk|1","|-boost|p2a: The Wall Jr.|def|1","|","|-heal|p2a: The Wall Jr.|101/187|[from] item: Leftovers","|upkeep","|turn|4","||adding 10 for new turn","|","|t:|1752738215","|move|p1a: Skarmory|Drill Peck|p2a: The Wall Jr.","|-resisted|p2a: The Wall Jr.","|-damage|p2a: The Wall Jr.|81/187","|move|p2a: The Wall Jr.|Curse|p2a: The Wall Jr.","|-unboost|p2a: The Wall Jr.|spe|1","|-boost|p2a: The Wall Jr.|atk|1","|-boost|p2a: The Wall Jr.|def|1","|","|-heal|p2a: The Wall Jr.|92/187|[from] item: Leftovers","|upkeep","|turn|5","||adding 10 for new turn","|","|t:|1752738218","|move|p1a: Skarmory|Drill Peck|p2a: The Wall Jr.","|-resisted|p2a: The Wall Jr.","|-damage|p2a: The Wall Jr.|74/187","|move|p2a: The Wall Jr.|Curse|p2a: The Wall Jr.","|-unboost|p2a: The Wall Jr.|spe|1","|-boost|p2a: The Wall Jr.|atk|1","|-boost|p2a: The Wall Jr.|def|1","|","|-heal|p2a: The Wall Jr.|85/187|[from] item: Leftovers","|upkeep","|turn|6","||adding 10 for new turn","|","|t:|1752738222","|move|p1a: Skarmory|Drill Peck|p2a: The Wall Jr.","|-resisted|p2a: The Wall Jr.","|-damage|p2a: The Wall Jr.|70/187","|move|p2a: The Wall Jr.|Curse|p2a: The Wall Jr.","|-unboost|p2a: The Wall Jr.|spe|1","|-boost|p2a: The Wall Jr.|atk|1","|-boost|p2a: The Wall Jr.|def|1","|","|-heal|p2a: The Wall Jr.|81/187|[from] item: Leftovers","|upkeep","|turn|7","||adding 10 for new turn","|","|t:|1752738240","|move|p1a: Skarmory|Drill Peck|p2a: The Wall Jr.","|-resisted|p2a: The Wall Jr.","|-damage|p2a: The Wall Jr.|68/187","|move|p2a: The Wall Jr.|Rest|p2a: The Wall Jr.","|-status|p2a: The Wall Jr.|slp|[from] move: Rest","|-heal|p2a: The Wall Jr.|187/187 slp|[silent]","|","|upkeep","|turn|8","||adding 10 for new turn","|","|t:|1752738246","|move|p1a: Skarmory|Spikes|p2a: The Wall Jr.","|-sidestart|p2: thecrusher677|Spikes","|cant|p2a: The Wall Jr.|slp","|move|p2a: The Wall Jr.|Sleep Talk|p2a: The Wall Jr.","|move|p2a: The Wall Jr.|Curse|p2a: The Wall Jr.|[from]Sleep Talk","|","|upkeep","|turn|9","||adding 10 for new turn","|","|t:|1752738270","|move|p1a: Skarmory|Spikes|p2a: The Wall Jr.","|-sidestart|p2: thecrusher677|Spikes","|cant|p2a: The Wall Jr.|slp","|move|p2a: The Wall Jr.|Sleep Talk|p2a: The Wall Jr.","|move|p2a: The Wall Jr.|Rest|p2a: The Wall Jr.|[from]Sleep Talk","|","|upkeep","|turn|10","||adding 10 for new turn","|","|t:|1752738274","|move|p1a: Skarmory|Drill Peck|p2a: The Wall Jr.","|-resisted|p2a: The Wall Jr.","|-damage|p2a: The Wall Jr.|173/187 slp","|-curestatus|p2a: The Wall Jr.|slp|[msg]","|move|p2a: The Wall Jr.|Rollout|p1a: Skarmory","|-damage|p1a: Skarmory|321/334","|","|-heal|p1a: Skarmory|334/334|[from] item: Leftovers","|-heal|p2a: The Wall Jr.|184/187|[from] item: Leftovers","|upkeep","|turn|11","||adding 10 for new turn","|","|t:|1752738295","|move|p1a: Skarmory|Spikes|p2a: The Wall Jr.","|-sidestart|p2: thecrusher677|Spikes","|move|p2a: The Wall Jr.|Rollout|p1a: Skarmory|[from]lockedmove","|-damage|p1a: Skarmory|311/334","|","|-heal|p1a: Skarmory|331/334|[from] item: Leftovers","|-heal|p2a: The Wall Jr.|187/187|[from] item: Leftovers","|upkeep","|turn|12","||adding 10 for new turn","|","|t:|1752738299","|move|p1a: Skarmory|Drill Peck|p2a: The Wall Jr.","|-resisted|p2a: The Wall Jr.","|-damage|p2a: The Wall Jr.|173/187","|move|p2a: The Wall Jr.|Rollout|p1a: Skarmory|[from]lockedmove","|-crit|p1a: Skarmory","|-damage|p1a: Skarmory|232/334","|","|-heal|p1a: Skarmory|252/334|[from] item: Leftovers","|-heal|p2a: The Wall Jr.|184/187|[from] item: Leftovers","|upkeep","|turn|13","||adding 10 for new turn","|","|t:|1752738315","|move|p1a: Skarmory|Drill Peck|p2a: The Wall Jr.","|-resisted|p2a: The Wall Jr.","|-damage|p2a: The Wall Jr.|171/187","|move|p2a: The Wall Jr.|Rollout|p1a: Skarmory|[from]lockedmove","|-damage|p1a: Skarmory|162/334","|","|-heal|p1a: Skarmory|182/334|[from] item: Leftovers","|-heal|p2a: The Wall Jr.|182/187|[from] item: Leftovers","|upkeep","|turn|14","||adding 10 for new turn","|","|t:|1752738318","|move|p1a: Skarmory|Drill Peck|p2a: The Wall Jr.","|-resisted|p2a: The Wall Jr.","|-damage|p2a: The Wall Jr.|170/187","|move|p2a: The Wall Jr.|Rollout|p1a: Skarmory|[from]lockedmove","|-damage|p1a: Skarmory|0 fnt","|faint|p1a: Skarmory","|","|win|thecrusher677",""],"p1rating":null,"p2rating":null,"endType":"normal","ladderError":true,"timestamp":"Thu Jul 17 2025 00:45:18 GMT-0700 (アメリカ太平洋夏時間)","roomid":"battle-gen3ou-808","format":"gen3ou"}