{"winner":"foulplaytest1.0","seed":"sodium,e79efdf40fdc99c53bdce4d5f532183e","turns":17,"p1":"foulplaytest1.0","p2":"thecrusher677","p1team":[{"name":"Skarmory","species":"Skarmory","item":"Leftovers","ability":"Keen Eye","moves":["Spikes","Roar","Toxic","Protect"],"nature":"Careful","evs":{"hp":252,"atk":0,"def":0,"spa":0,"spd":252,"spe":4},"gender":"F","level":100,"ivs":{"hp":31,"atk":31,"def":31,"spa":31,"spd":31,"spe":31}},{"name":"Jolteon","species":"Jolteon","item":"Leftovers","ability":"Volt Absorb","moves":["Thunderbolt","Thunder Wave","Hidden Power Grass","Baton Pass"],"nature":"Timid","evs":{"hp":4,"atk":0,"def":0,"spa":252,"spd":0,"spe":252},"gender":"M","ivs":{"hp":31,"atk":30,"def":31,"spa":30,"spd":31,"spe":31},"happiness":255,"hpType":"Grass","pokeball":"","gigantamax":false,"dynamaxLevel":10,"teraType":"","level":100},{"name":"Tyranitar","species":"Tyranitar","item":"Leftovers","ability":"Sand Stream","moves":["Focus Punch","Earthquake","Hidden Power Bug","Rock Slide"],"nature":"Adamant","evs":{"hp":252,"atk":252,"def":4,"spa":0,"spd":0,"spe":0},"gender":"F","ivs":{"hp":31,"atk":30,"def":30,"spa":31,"spd":30,"spe":31},"happiness":255,"hpType":"Bug","pokeball":"","gigantamax":false,"dynamaxLevel":10,"teraType":"","level":100},{"name":"Gengar","species":"Gengar","item":"Leftovers","ability":"Levitate","moves":["Ice Punch","Fire Punch","Hidden Power Grass","Explosion"],"nature":"Hasty","evs":{"hp":40,"atk":0,"def":0,"spa":252,"spd":0,"spe":216},"gender":"F","ivs":{"hp":31,"atk":30,"def":31,"spa":30,"spd":31,"spe":31},"happiness":255,"hpType":"Grass","pokeball":"","gigantamax":false,"dynamaxLevel":10,"teraType":"","level":100},{"name":"Metagross","species":"Metagross","item":"Choice Band","ability":"Clear Body","moves":["Meteor Mash","Earthquake","Rock Slide","Explosion"],"nature":"Adamant","evs":{"hp":68,"atk":252,"def":0,"spa":0,"spd":0,"spe":188},"gender":"N","level":100,"ivs":{"hp":31,"atk":31,"def":31,"spa":31,"spd":31,"spe":31}},{"name":"Starmie","species":"Starmie","item":"Leftovers","ability":"Natural Cure","moves":["Hydro Pump","Thunderbolt","Ice Beam","Psychic"],"nature":"Timid","evs":{"hp":4,"atk":0,"def":0,"spa":252,"spd":0,"spe":252},"gender":"N","level":100,"ivs":{"hp":31,"atk":31,"def":31,"spa":31,"spd":31,"spe":31}}],"p2team":[{"name":"The Wall","species":"Registeel","item":"Leftovers","ability":"Clear Body","moves":["Rest","Sleep Talk","Rollout","Curse"],"nature":"Careful","evs":{"hp":252,"atk":4,"def":0,"spa":0,"spd":252,"spe":0},"gender":"N","level":100,"ivs":{"hp":31,"atk":31,"def":31,"spa":31,"spd":31,"spe":31}}],"score":[3,0],"inputLog":[">version 372d05e49c92a79eecdf6c8dddb208bd1765c00f",">start {\"formatid\":\"gen3ou\",\"seed\":\"sodium,e79efdf40fdc99c53bdce4d5f532183e\"}",">player p1 {\"name\":\"foulplaytest1.0\",\"avatar\":\"dawn\",\"team\":\"Skarmory||Leftovers|KeenEye|Spikes,Roar,Toxic,Protect|Careful|252,,,,252,4|F||||]Jolteon||Leftovers|VoltAbsorb|Thunderbolt,ThunderWave,HiddenPowerGrass,BatonPass|Timid|4,,,252,,252|M|,30,,30,,|||,Grass,,,,]Tyranitar||Leftovers|SandStream|FocusPunch,Earthquake,HiddenPowerBug,RockSlide|Adamant|252,252,4,,,|F|,30,30,,30,|||,Bug,,,,]Gengar||Leftovers|Levitate|IcePunch,FirePunch,HiddenPowerGrass,Explosion|Hasty|40,,,252,,216|F|,30,,30,,|||,Grass,,,,]Metagross||ChoiceBand|ClearBody|MeteorMash,Earthquake,RockSlide,Explosion|Adamant|68,252,,,,188|N||||]Starmie||Leftovers|NaturalCure|HydroPump,Thunderbolt,IceBeam,Psychic|Timid|4,,,252,,252|N||||\",\"rating\":0}",">player p2 {\"name\":\"thecrusher677\",\"avatar\":\"266\",\"team\":\"The Wall|Registeel|Leftovers|ClearBody|Rest,SleepTalk,Rollout,Curse|Careful|252,4,,,252,|N||||\",\"rating\":0}",">chat ☆foulplaytest1.0|hf",">p1 switch 3",">p2 move curse",">p1 move focuspunch",">p2 move curse",">p1 move focuspunch",">p2 move curse",">p1 move focuspunch",">p2 move curse",">p1 move focuspunch",">p2 move rest",">p1 move focuspunch",">p2 move sleeptalk",">p1 move focuspunch",">p2 move sleeptalk",">p1 move focuspunch",">p2 move curse",">p1 move focuspunch",">p2 move rest",">p1 move focuspunch",">p2 move sleeptalk",">p1 move focuspunch",">p2 move sleeptalk",">p1 move focuspunch",">p2 move rollout",">p1 move earthquake",">p2 move rollout",">p1 move earthquake",">p2 move rollout",">p1 switch 6",">p1 move hydropump",">p2 move rollout",">p1 switch 4",">p1 move firepunch",">p2 move rollout",">p1 switch 2",">p1 move thunderbolt",">p2 move rest"],"log":["|j|☆foulplaytest1.0","|j|☆thecrusher677","|t:|1752736750","|gametype|singles","|player|p1|foulplaytest1.0|dawn|","|player|p2|thecrusher677|266|","|teamsize|p1|6","|teamsize|p2|1","|gen|3","|tier|[Gen 3] OU","|rule|Sleep Clause Mod: Limit one foe put to sleep","|rule|Switch Priority Clause Mod: Faster Pokémon switch first","|rule|Species Clause: Limit one of each Pokémon","|rule|OHKO Clause: OHKO moves are banned","|rule|Evasion Items Clause: Evasion items are banned","|rule|Evasion Moves Clause: Evasion moves are banned","|rule|Endless Battle Clause: Forcing endless battles is banned","|rule|HP Percentage Mod: HP is shown in percentages","|rule|One Boost Passer Clause: Limit one Baton Passer that has a way to boost its stats","|rule|Freeze Clause Mod: Limit one foe frozen","|","|t:|1752736750","|start","|switch|p1a: Skarmory|Skarmory, F|334/334","|switch|p2a: The Wall|Registeel|364/364","|turn|1","|c|☆foulplaytest1.0|hf","|inactive|Battle timer is ON: inactive players will automatically lose when time's up. (requested by foulplaytest1.0)","|","|t:|1752736753","|switch|p1a: Tyranitar|Tyranitar, F|404/404","|-weather|Sandstorm|[from] ability: Sand Stream|[of] p1a: Tyranitar","|move|p2a: The Wall|Curse|p2a: The Wall","|-unboost|p2a: The Wall|spe|1","|-boost|p2a: The Wall|atk|1","|-boost|p2a: The Wall|def|1","|","|-weather|Sandstorm|[upkeep]","|upkeep","|turn|2","||adding 10 for new turn","|","|t:|1752736754","|-singleturn|p1a: Tyranitar|move: Focus Punch","|move|p2a: The Wall|Curse|p2a: The Wall","|-unboost|p2a: The Wall|spe|1","|-boost|p2a: The Wall|atk|1","|-boost|p2a: The Wall|def|1","|move|p1a: Tyranitar|Focus Punch|p2a: The Wall","|-supereffective|p2a: The Wall","|-damage|p2a: The Wall|217/364","|","|-weather|Sandstorm|[upkeep]","|-heal|p2a: The Wall|239/364|[from] item: Leftovers","|upkeep","|turn|3","||adding 10 for new turn","|","|t:|1752736758","|-singleturn|p1a: Tyranitar|move: Focus Punch","|move|p2a: The Wall|Curse|p2a: The Wall","|-unboost|p2a: The Wall|spe|1","|-boost|p2a: The Wall|atk|1","|-boost|p2a: The Wall|def|1","|move|p1a: Tyranitar|Focus Punch|p2a: The Wall","|-supereffective|p2a: The Wall","|-damage|p2a: The Wall|134/364","|","|-weather|Sandstorm|[upkeep]","|-heal|p2a: The Wall|156/364|[from] item: Leftovers","|upkeep","|turn|4","||adding 10 for new turn","|","|t:|1752736783","|-singleturn|p1a: Tyranitar|move: Focus Punch","|move|p2a: The Wall|Curse|p2a: The Wall","|-unboost|p2a: The Wall|spe|1","|-boost|p2a: The Wall|atk|1","|-boost|p2a: The Wall|def|1","|move|p1a: Tyranitar|Focus Punch|p2a: The Wall","|-supereffective|p2a: The Wall","|-damage|p2a: The Wall|65/364","|","|-weather|Sandstorm|[upkeep]","|-heal|p2a: The Wall|87/364|[from] item: Leftovers","|upkeep","|turn|5","||adding 10 for new turn","|","|t:|1752736791","|-singleturn|p1a: Tyranitar|move: Focus Punch","|move|p2a: The Wall|Rest|p2a: The Wall","|-status|p2a: The Wall|slp|[from] move: Rest","|-heal|p2a: The Wall|364/364 slp|[silent]","|move|p1a: Tyranitar|Focus Punch|p2a: The Wall","|-supereffective|p2a: The Wall","|-damage|p2a: The Wall|274/364 slp","|","|-weather|Sandstorm|[upkeep]","|-heal|p2a: The Wall|296/364 slp|[from] item: Leftovers","|upkeep","|turn|6","||adding 10 for new turn","|","|t:|1752736798","|-singleturn|p1a: Tyranitar|move: Focus Punch","|cant|p2a: The Wall|slp","|move|p2a: The Wall|Sleep Talk|p2a: The Wall","|move|p2a: The Wall|Rest|p2a: The Wall|[from]Sleep Talk","|move|p1a: Tyranitar|Focus Punch|p2a: The Wall","|-supereffective|p2a: The Wall","|-damage|p2a: The Wall|208/364 slp","|","|-weather|Sandstorm|[upkeep]","|-heal|p2a: The Wall|230/364 slp|[from] item: Leftovers","|upkeep","|turn|7","||adding 10 for new turn","|","|t:|1752736803","|-singleturn|p1a: Tyranitar|move: Focus Punch","|cant|p2a: The Wall|slp","|move|p2a: The Wall|Sleep Talk|p2a: The Wall","|move|p2a: The Wall|Curse|p2a: The Wall|[from]Sleep Talk","|-unboost|p2a: The Wall|spe|1","|-boost|p2a: The Wall|atk|1","|-boost|p2a: The Wall|def|1","|move|p1a: Tyranitar|Focus Punch|p2a: The Wall","|-supereffective|p2a: The Wall","|-damage|p2a: The Wall|143/364 slp","|","|-weather|Sandstorm|[upkeep]","|-heal|p2a: The Wall|165/364 slp|[from] item: Leftovers","|upkeep","|turn|8","||adding 10 for new turn","|","|t:|1752736808","|-singleturn|p1a: Tyranitar|move: Focus Punch","|-curestatus|p2a: The Wall|slp|[msg]","|move|p2a: The Wall|Curse|p2a: The Wall","|-unboost|p2a: The Wall|spe|1","|-boost|p2a: The Wall|atk|1","|-boost|p2a: The Wall|def|1","|move|p1a: Tyranitar|Focus Punch|p2a: The Wall","|-supereffective|p2a: The Wall","|-damage|p2a: The Wall|98/364","|","|-weather|Sandstorm|[upkeep]","|-heal|p2a: The Wall|120/364|[from] item: Leftovers","|upkeep","|turn|9","||adding 10 for new turn","|","|t:|1752736826","|-singleturn|p1a: Tyranitar|move: Focus Punch","|move|p2a: The Wall|Rest|p2a: The Wall","|-status|p2a: The Wall|slp|[from] move: Rest","|-heal|p2a: The Wall|364/364 slp|[silent]","|move|p1a: Tyranitar|Focus Punch|p2a: The Wall","|-supereffective|p2a: The Wall","|-damage|p2a: The Wall|297/364 slp","|","|-weather|Sandstorm|[upkeep]","|-heal|p2a: The Wall|319/364 slp|[from] item: Leftovers","|upkeep","|turn|10","||adding 10 for new turn","|","|t:|1752736828","|-singleturn|p1a: Tyranitar|move: Focus Punch","|cant|p2a: The Wall|slp","|move|p2a: The Wall|Sleep Talk|p2a: The Wall","|move|p2a: The Wall|Curse|p2a: The Wall|[from]Sleep Talk","|move|p1a: Tyranitar|Focus Punch|p2a: The Wall","|-supereffective|p2a: The Wall","|-damage|p2a: The Wall|248/364 slp","|","|-weather|Sandstorm|[upkeep]","|-heal|p2a: The Wall|270/364 slp|[from] item: Leftovers","|upkeep","|turn|11","||adding 10 for new turn","|","|t:|1752736830","|-singleturn|p1a: Tyranitar|move: Focus Punch","|cant|p2a: The Wall|slp","|move|p2a: The Wall|Sleep Talk|p2a: The Wall","|move|p2a: The Wall|Curse|p2a: The Wall|[from]Sleep Talk","|move|p1a: Tyranitar|Focus Punch|p2a: The Wall","|-supereffective|p2a: The Wall","|-damage|p2a: The Wall|198/364 slp","|","|-weather|Sandstorm|[upkeep]","|-heal|p2a: The Wall|220/364 slp|[from] item: Leftovers","|upkeep","|turn|12","||adding 10 for new turn","|","|t:|1752736840","|-singleturn|p1a: Tyranitar|move: Focus Punch","|-curestatus|p2a: The Wall|slp|[msg]","|move|p2a: The Wall|Rollout|p1a: Tyranitar","|-damage|p1a: Tyranitar|334/404","|move|p1a: Tyranitar|Focus Punch||[still]","|cant|p1a: Tyranitar|Focus Punch|Focus Punch","|","|-weather|Sandstorm|[upkeep]","|-heal|p1a: Tyranitar|359/404|[from] item: Leftovers","|-heal|p2a: The Wall|242/364|[from] item: Leftovers","|upkeep","|turn|13","||adding 10 for new turn","|","|t:|1752736845","|move|p1a: Tyranitar|Earthquake|p2a: The Wall","|-supereffective|p2a: The Wall","|-damage|p2a: The Wall|194/364","|move|p2a: The Wall|Rollout|p1a: Tyranitar|[from]lockedmove","|-damage|p1a: Tyranitar|222/404","|","|-weather|Sandstorm|[upkeep]","|-heal|p1a: Tyranitar|247/404|[from] item: Leftovers","|-heal|p2a: The Wall|216/364|[from] item: Leftovers","|upkeep","|turn|14","||adding 10 for new turn","|","|t:|1752736848","|move|p1a: Tyranitar|Earthquake|p2a: The Wall","|-supereffective|p2a: The Wall","|-damage|p2a: The Wall|167/364","|move|p2a: The Wall|Rollout|p1a: Tyranitar|[from]lockedmove","|-damage|p1a: Tyranitar|0 fnt","|faint|p1a: Tyranitar","||adding 5 to each for mid turn request","|","|t:|1752736848","|switch|p1a: Starmie|Starmie|262/262","|","|-weather|Sandstorm|[upkeep]","|-damage|p1a: Starmie|246/262|[from] Sandstorm","|-heal|p1a: Starmie|262/262|[from] item: Leftovers","|-heal|p2a: The Wall|189/364|[from] item: Leftovers","|upkeep","|turn|15","||adding 10 for new turn","|","|t:|1752736851","|move|p1a: Starmie|Hydro Pump|p2a: The Wall","|-damage|p2a: The Wall|97/364","|move|p2a: The Wall|Rollout|p1a: Starmie|[from]lockedmove","|-damage|p1a: Starmie|0 fnt","|faint|p1a: Starmie","||adding 5 to each for mid turn request","|","|t:|1752736851","|switch|p1a: Gengar|Gengar, F|271/271","|","|-weather|Sandstorm|[upkeep]","|-damage|p1a: Gengar|255/271|[from] Sandstorm","|-heal|p1a: Gengar|271/271|[from] item: Leftovers","|-heal|p2a: The Wall|119/364|[from] item: Leftovers","|upkeep","|turn|16","||adding 10 for new turn","|","|t:|1752736854","|move|p1a: Gengar|Fire Punch|p2a: The Wall","|-supereffective|p2a: The Wall","|-damage|p2a: The Wall|13/364","|move|p2a: The Wall|Rollout|p1a: Gengar|[from]lockedmove","|-damage|p1a: Gengar|0 fnt","|faint|p1a: Gengar","||adding 5 to each for mid turn request","|","|t:|1752736854","|switch|p1a: Jolteon|Jolteon, M|272/272","|","|-weather|Sandstorm|[upkeep]","|-damage|p1a: Jolteon|255/272|[from] Sandstorm","|-heal|p1a: Jolteon|272/272|[from] item: Leftovers","|-heal|p2a: The Wall|35/364|[from] item: Leftovers","|upkeep","|turn|17","||adding 10 for new turn","|","|t:|1752736861","|move|p1a: Jolteon|Thunderbolt|p2a: The Wall","|-damage|p2a: The Wall|0 fnt","|faint|p2a: The Wall","|","|win|foulplaytest1.0",""],"p1rating":null,"p2rating":null,"endType":"normal","ladderError":true,"timestamp":"Thu Jul 17 2025 00:21:01 GMT-0700 (アメリカ太平洋夏時間)","roomid":"battle-gen3ou-805","format":"gen3ou"}