{"winner":"thecrusher677","seed":"sodium,3fdd7828a201c741f76ece9f3a9aad74","turns":14,"p1":"foulplaytest1.1","p2":"thecrusher677","p1team":[{"name":"Skarmory","species":"Skarmory","item":"Leftovers","ability":"Keen Eye","moves":["Roar","Toxic","Spikes","Drill Peck"],"nature":"Impish","evs":{"hp":252,"atk":0,"def":232,"spa":0,"spd":0,"spe":24},"gender":"F","level":100,"ivs":{"hp":31,"atk":31,"def":31,"spa":31,"spd":31,"spe":31}}],"p2team":[{"name":"Registeel","species":"Registeel","item":"Leftovers","ability":"Clear Body","moves":["Rest","Sleep Talk","Rollout","Curse"],"nature":"Careful","evs":{"hp":252,"atk":4,"def":0,"spa":0,"spd":252,"spe":0},"gender":"N","level":100,"ivs":{"hp":31,"atk":31,"def":31,"spa":31,"spd":31,"spe":31}},{"name":"Cloyster","species":"Cloyster","item":"Leftovers","ability":"Shell Armor","moves":["Explosion","Spike Cannon","Spikes","Surf"],"nature":"Naughty","evs":{"hp":248,"atk":252,"def":0,"spa":8,"spd":0,"spe":0},"gender":"M","level":100,"ivs":{"hp":31,"atk":31,"def":31,"spa":31,"spd":31,"spe":31}}],"score":[0,2],"inputLog":[">version 372d05e49c92a79eecdf6c8dddb208bd1765c00f",">start {\"formatid\":\"gen3ou\",\"seed\":\"sodium,3fdd7828a201c741f76ece9f3a9aad74\"}",">player p1 {\"name\":\"foulplaytest1.1\",\"avatar\":\"dawn\",\"team\":\"Skarmory||Leftovers|KeenEye|Roar,Toxic,Spikes,DrillPeck|Impish|252,,232,,,24|F||||\",\"rating\":0}",">player p2 {\"name\":\"thecrusher677\",\"avatar\":\"170\",\"team\":\"Registeel||Leftovers|ClearBody|Rest,SleepTalk,Rollout,Curse|Careful|252,4,,,252,|N||||]Cloyster||Leftovers|ShellArmor|Explosion,SpikeCannon,Spikes,Surf|Naughty|248,252,,8,,|M||||\",\"rating\":0}",">chat ☆foulplaytest1.1|hf",">p1 move drillpeck",">p2 move curse",">p1 move drillpeck",">p2 move curse",">p1 move drillpeck",">p2 move curse",">p1 move drillpeck",">p2 move curse",">p1 move drillpeck",">p2 move rollout",">p1 move drillpeck",">p2 move rollout",">p1 move drillpeck",">p2 move rollout",">p1 move drillpeck",">p2 move rollout",">p1 move drillpeck",">p2 move rollout",">p1 move drillpeck",">p2 move rollout",">p1 move drillpeck",">p2 move rollout",">p1 move drillpeck",">p2 move rollout",">p1 move drillpeck",">p2 move rollout",">p1 move drillpeck",">p2 move rollout"],"log":["|j|☆foulplaytest1.1","|j|☆thecrusher677","|t:|1752737977","|gametype|singles","|player|p1|foulplaytest1.1|dawn|","|player|p2|thecrusher677|170|","|teamsize|p1|1","|teamsize|p2|2","|gen|3","|tier|[Gen 3] OU","|rule|Sleep Clause Mod: Limit one foe put to sleep","|rule|Switch Priority Clause Mod: Faster Pokémon switch first","|rule|Species Clause: Limit one of each Pokémon","|rule|OHKO Clause: OHKO moves are banned","|rule|Evasion Items Clause: Evasion items are banned","|rule|Evasion Moves Clause: Evasion moves are banned","|rule|Endless Battle Clause: Forcing endless battles is banned","|rule|HP Percentage Mod: HP is shown in percentages","|rule|One Boost Passer Clause: Limit one Baton Passer that has a way to boost its stats","|rule|Freeze Clause Mod: Limit one foe frozen","|","|t:|1752737977","|start","|switch|p1a: Skarmory|Skarmory, F|334/334","|switch|p2a: Registeel|Registeel|364/364","|turn|1","|c|☆foulplaytest1.1|hf","|inactive|Battle timer is ON: inactive players will automatically lose when time's up. (requested by foulplaytest1.1)","|","|t:|1752737987","|move|p1a: Skarmory|Drill Peck|p2a: Registeel","|-resisted|p2a: Registeel","|-damage|p2a: Registeel|334/364","|move|p2a: Registeel|Curse|p2a: Registeel","|-unboost|p2a: Registeel|spe|1","|-boost|p2a: Registeel|atk|1","|-boost|p2a: Registeel|def|1","|","|-heal|p2a: Registeel|356/364|[from] item: Leftovers","|upkeep","|turn|2","||adding 10 for new turn","|","|t:|1752737990","|move|p1a: Skarmory|Drill Peck|p2a: Registeel","|-resisted|p2a: Registeel","|-damage|p2a: Registeel|338/364","|move|p2a: Registeel|Curse|p2a: Registeel","|-unboost|p2a: Registeel|spe|1","|-boost|p2a: Registeel|atk|1","|-boost|p2a: Registeel|def|1","|","|-heal|p2a: Registeel|360/364|[from] item: Leftovers","|upkeep","|turn|3","||adding 10 for new turn","|","|t:|1752737994","|move|p1a: Skarmory|Drill Peck|p2a: Registeel","|-resisted|p2a: Registeel","|-damage|p2a: Registeel|346/364","|move|p2a: Registeel|Curse|p2a: Registeel","|-unboost|p2a: Registeel|spe|1","|-boost|p2a: Registeel|atk|1","|-boost|p2a: Registeel|def|1","|","|-heal|p2a: Registeel|364/364|[from] item: Leftovers","|upkeep","|turn|4","||adding 10 for new turn","|","|t:|1752737997","|move|p1a: Skarmory|Drill Peck|p2a: Registeel","|-resisted|p2a: Registeel","|-damage|p2a: Registeel|353/364","|move|p2a: Registeel|Curse|p2a: Registeel","|-unboost|p2a: Registeel|spe|1","|-boost|p2a: Registeel|atk|1","|-boost|p2a: Registeel|def|1","|","|-heal|p2a: Registeel|364/364|[from] item: Leftovers","|upkeep","|turn|5","||adding 10 for new turn","|","|t:|1752738000","|move|p1a: Skarmory|Drill Peck|p2a: Registeel","|-resisted|p2a: Registeel","|-damage|p2a: Registeel|354/364","|move|p2a: Registeel|Rollout|p1a: Skarmory","|-damage|p1a: Skarmory|302/334","|","|-heal|p1a: Skarmory|322/334|[from] item: Leftovers","|-heal|p2a: Registeel|364/364|[from] item: Leftovers","|upkeep","|turn|6","||adding 10 for new turn","|","|t:|1752738004","|move|p1a: Skarmory|Drill Peck|p2a: Registeel","|-resisted|p2a: Registeel","|-crit|p2a: Registeel","|-damage|p2a: Registeel|303/364","|move|p2a: Registeel|Rollout|p1a: Skarmory|[from]lockedmove|[miss]","|-miss|p2a: Registeel|p1a: Skarmory","|","|-heal|p1a: Skarmory|334/334|[from] item: Leftovers","|-heal|p2a: Registeel|325/364|[from] item: Leftovers","|upkeep","|turn|7","||adding 10 for new turn","|","|t:|1752738007","|move|p1a: Skarmory|Drill Peck|p2a: Registeel","|-resisted|p2a: Registeel","|-damage|p2a: Registeel|315/364","|move|p2a: Registeel|Rollout|p1a: Skarmory|[miss]","|-miss|p2a: Registeel|p1a: Skarmory","|","|-heal|p2a: Registeel|337/364|[from] item: Leftovers","|upkeep","|turn|8","||adding 10 for new turn","|","|t:|1752738011","|move|p1a: Skarmory|Drill Peck|p2a: Registeel","|-resisted|p2a: Registeel","|-damage|p2a: Registeel|328/364","|move|p2a: Registeel|Rollout|p1a: Skarmory","|-damage|p1a: Skarmory|303/334","|","|-heal|p1a: Skarmory|323/334|[from] item: Leftovers","|-heal|p2a: Registeel|350/364|[from] item: Leftovers","|upkeep","|turn|9","||adding 10 for new turn","|","|t:|1752738014","|move|p1a: Skarmory|Drill Peck|p2a: Registeel","|-resisted|p2a: Registeel","|-damage|p2a: Registeel|341/364","|move|p2a: Registeel|Rollout|p1a: Skarmory|[from]lockedmove","|-damage|p1a: Skarmory|263/334","|","|-heal|p1a: Skarmory|283/334|[from] item: Leftovers","|-heal|p2a: Registeel|363/364|[from] item: Leftovers","|upkeep","|turn|10","||adding 10 for new turn","|","|t:|1752738017","|move|p1a: Skarmory|Drill Peck|p2a: Registeel","|-resisted|p2a: Registeel","|-damage|p2a: Registeel|353/364","|move|p2a: Registeel|Rollout|p1a: Skarmory|[from]lockedmove|[miss]","|-miss|p2a: Registeel|p1a: Skarmory","|","|-heal|p1a: Skarmory|303/334|[from] item: Leftovers","|-heal|p2a: Registeel|364/364|[from] item: Leftovers","|upkeep","|turn|11","||adding 10 for new turn","|","|t:|1752738020","|move|p1a: Skarmory|Drill Peck|p2a: Registeel","|-resisted|p2a: Registeel","|-crit|p2a: Registeel","|-damage|p2a: Registeel|306/364","|move|p2a: Registeel|Rollout|p1a: Skarmory","|-damage|p1a: Skarmory|271/334","|","|-heal|p1a: Skarmory|291/334|[from] item: Leftovers","|-heal|p2a: Registeel|328/364|[from] item: Leftovers","|upkeep","|turn|12","||adding 10 for new turn","|","|t:|1752738024","|move|p1a: Skarmory|Drill Peck|p2a: Registeel","|-resisted|p2a: Registeel","|-damage|p2a: Registeel|319/364","|move|p2a: Registeel|Rollout|p1a: Skarmory|[from]lockedmove","|-damage|p1a: Skarmory|226/334","|","|-heal|p1a: Skarmory|246/334|[from] item: Leftovers","|-heal|p2a: Registeel|341/364|[from] item: Leftovers","|upkeep","|turn|13","||adding 10 for new turn","|","|t:|1752738027","|move|p1a: Skarmory|Drill Peck|p2a: Registeel","|-resisted|p2a: Registeel","|-damage|p2a: Registeel|330/364","|move|p2a: Registeel|Rollout|p1a: Skarmory|[from]lockedmove","|-damage|p1a: Skarmory|120/334","|","|-heal|p1a: Skarmory|140/334|[from] item: Leftovers","|-heal|p2a: Registeel|352/364|[from] item: Leftovers","|upkeep","|turn|14","||adding 10 for new turn","|","|t:|1752738045","|move|p1a: Skarmory|Drill Peck|p2a: Registeel","|-resisted|p2a: Registeel","|-damage|p2a: Registeel|342/364","|move|p2a: Registeel|Rollout|p1a: Skarmory|[from]lockedmove","|-damage|p1a: Skarmory|0 fnt","|faint|p1a: Skarmory","|","|win|thecrusher677",""],"p1rating":null,"p2rating":null,"endType":"normal","ladderError":true,"timestamp":"Thu Jul 17 2025 00:40:45 GMT-0700 (アメリカ太平洋夏時間)","roomid":"battle-gen3ou-807","format":"gen3ou"}