{"winner":"simb","seed":"sodium,193fd2892462b648ce70083addfcb589","turns":45,"p1":"thecrusher677","p2":"simb","p1team":[{"name":"Salamence","species":"Salamence","item":"Choice Band","ability":"Intimidate","moves":["Earthquake","Hidden Power Flying","Brick Break","Rock Slide"],"nature":"Adamant","evs":{"hp":120,"atk":252,"def":0,"spa":0,"spd":0,"spe":136},"gender":"M","ivs":{"hp":30,"atk":30,"def":30,"spa":30,"spd":30,"spe":31},"happiness":255,"hpType":"Flying","pokeball":"","gigantamax":false,"dynamaxLevel":10,"teraType":"","level":100},{"name":"Magneton","species":"Magneton","item":"Magnet","ability":"Magnet Pull","moves":["Thunderbolt","Toxic","Hidden Power Fire","Protect"],"nature":"Modest","evs":{"hp":4,"atk":0,"def":0,"spa":252,"spd":0,"spe":252},"gender":"N","ivs":{"hp":31,"atk":2,"def":31,"spa":30,"spd":31,"spe":30},"happiness":255,"hpType":"Fire","pokeball":"","gigantamax":false,"dynamaxLevel":10,"teraType":"","level":100},{"name":"Tyranitar","species":"Tyranitar","item":"Leftovers","ability":"Sand Stream","moves":["Crunch","Pursuit","Hidden Power Grass","Fire Blast"],"nature":"Modest","evs":{"hp":240,"atk":0,"def":0,"spa":188,"spd":48,"spe":32},"gender":"M","ivs":{"hp":31,"atk":2,"def":31,"spa":30,"spd":31,"spe":31},"happiness":255,"hpType":"Grass","pokeball":"","gigantamax":false,"dynamaxLevel":10,"teraType":"","level":100},{"name":"Blissey","species":"Blissey","item":"Leftovers","ability":"Natural Cure","moves":["Seismic Toss","Wish","Protect","Toxic"],"nature":"","evs":{"hp":4,"atk":0,"def":252,"spa":0,"spd":252,"spe":0},"gender":"F","ivs":{"hp":31,"atk":0,"def":31,"spa":31,"spd":31,"spe":31},"level":100},{"name":"Metagross","species":"Metagross","item":"Leftovers","ability":"Clear Body","moves":["Agility","Meteor Mash","Earthquake","Explosion"],"nature":"Adamant","evs":{"hp":168,"atk":252,"def":0,"spa":0,"spd":0,"spe":88},"gender":"N","level":100,"ivs":{"hp":31,"atk":31,"def":31,"spa":31,"spd":31,"spe":31}},{"name":"Swampert","species":"Swampert","item":"Leftovers","ability":"Torrent","moves":["Surf","Ice Beam","Protect","Toxic"],"nature":"Bold","evs":{"hp":252,"atk":0,"def":160,"spa":0,"spd":96,"spe":0},"gender":"F","ivs":{"hp":31,"atk":0,"def":31,"spa":31,"spd":31,"spe":31},"level":100}],"p2team":[{"name":"Salamence","species":"Salamence","item":"Choice Band","ability":"Intimidate","moves":["Earthquake","Hidden Power Flying","Brick Break","Rock Slide"],"nature":"Adamant","evs":{"hp":120,"atk":252,"def":0,"spa":0,"spd":0,"spe":136},"gender":"M","ivs":{"hp":30,"atk":30,"def":30,"spa":30,"spd":30,"spe":31},"happiness":255,"hpType":"Flying","pokeball":"","gigantamax":false,"dynamaxLevel":10,"teraType":"","level":100},{"name":"Magneton","species":"Magneton","item":"Magnet","ability":"Magnet Pull","moves":["Thunderbolt","Toxic","Hidden Power Fire","Protect"],"nature":"Modest","evs":{"hp":4,"atk":0,"def":0,"spa":252,"spd":0,"spe":252},"gender":"N","ivs":{"hp":31,"atk":2,"def":31,"spa":30,"spd":31,"spe":30},"happiness":255,"hpType":"Fire","pokeball":"","gigantamax":false,"dynamaxLevel":10,"teraType":"","level":100},{"name":"Tyranitar","species":"Tyranitar","item":"Leftovers","ability":"Sand Stream","moves":["Crunch","Pursuit","Hidden Power Grass","Fire Blast"],"nature":"Modest","evs":{"hp":240,"atk":0,"def":0,"spa":188,"spd":48,"spe":32},"gender":"F","ivs":{"hp":31,"atk":2,"def":31,"spa":30,"spd":31,"spe":31},"happiness":255,"hpType":"Grass","pokeball":"","gigantamax":false,"dynamaxLevel":10,"teraType":"","level":100},{"name":"Blissey","species":"Blissey","item":"Leftovers","ability":"Natural Cure","moves":["Seismic Toss","Wish","Protect","Toxic"],"nature":"","evs":{"hp":4,"atk":0,"def":252,"spa":0,"spd":252,"spe":0},"gender":"F","ivs":{"hp":31,"atk":0,"def":31,"spa":31,"spd":31,"spe":31},"level":100},{"name":"Metagross","species":"Metagross","item":"Leftovers","ability":"Clear Body","moves":["Agility","Meteor Mash","Earthquake","Explosion"],"nature":"Adamant","evs":{"hp":168,"atk":252,"def":0,"spa":0,"spd":0,"spe":88},"gender":"N","level":100,"ivs":{"hp":31,"atk":31,"def":31,"spa":31,"spd":31,"spe":31}},{"name":"Swampert","species":"Swampert","item":"Leftovers","ability":"Torrent","moves":["Surf","Ice Beam","Protect","Toxic"],"nature":"Bold","evs":{"hp":252,"atk":0,"def":160,"spa":0,"spd":96,"spe":0},"gender":"M","ivs":{"hp":31,"atk":0,"def":31,"spa":31,"spd":31,"spe":31},"level":100}],"score":[0,1],"inputLog":[">version 372d05e49c92a79eecdf6c8dddb208bd1765c00f",">start {\"formatid\":\"gen3ou\",\"seed\":\"sodium,193fd2892462b648ce70083addfcb589\"}",">player p1 {\"name\":\"thecrusher677\",\"avatar\":\"102\",\"team\":\"Salamence||ChoiceBand|Intimidate|Earthquake,HiddenPowerFlying,BrickBreak,RockSlide|Adamant|120,252,,,,136|M|30,30,30,30,30,|||,Flying,,,,]Magneton||Magnet|MagnetPull|Thunderbolt,Toxic,HiddenPowerFire,Protect|Modest|4,,,252,,252|N|,2,,30,,30|||,Fire,,,,]Tyranitar||Leftovers|SandStream|Crunch,Pursuit,HiddenPowerGrass,FireBlast|Modest|240,,,188,48,32|M|,2,,30,,|||,Grass,,,,]Blissey||Leftovers|NaturalCure|SeismicToss,Wish,Protect,Toxic||4,,252,,252,|F|,0,,,,|||]Metagross||Leftovers|ClearBody|Agility,MeteorMash,Earthquake,Explosion|Adamant|168,252,,,,88|N||||]Swampert||Leftovers|Torrent|Surf,IceBeam,Protect,Toxic|Bold|252,,160,,96,|F|,0,,,,|||\",\"rating\":0}",">player p2 {\"name\":\"simb\",\"avatar\":\"101\",\"team\":\"Salamence||ChoiceBand|Intimidate|Earthquake,HiddenPowerFlying,BrickBreak,RockSlide|Adamant|120,252,,,,136|M|30,30,30,30,30,|||,Flying,,,,]Magneton||Magnet|MagnetPull|Thunderbolt,Toxic,HiddenPowerFire,Protect|Modest|4,,,252,,252|N|,2,,30,,30|||,Fire,,,,]Tyranitar||Leftovers|SandStream|Crunch,Pursuit,HiddenPowerGrass,FireBlast|Modest|240,,,188,48,32|F|,2,,30,,|||,Grass,,,,]Blissey||Leftovers|NaturalCure|SeismicToss,Wish,Protect,Toxic||4,,252,,252,|F|,0,,,,|||]Metagross||Leftovers|ClearBody|Agility,MeteorMash,Earthquake,Explosion|Adamant|168,252,,,,88|N||||]Swampert||Leftovers|Torrent|Surf,IceBeam,Protect,Toxic|Bold|252,,160,,96,|M|,0,,,,|||\",\"rating\":0}",">p1 move rockslide",">p2 move earthquake",">p1 move rockslide",">p2 move earthquake",">p2 switch 2",">p1 switch 6",">p2 move thunderbolt",">p1 move surf",">p2 move thunderbolt",">p1 move surf",">p2 move thunderbolt",">p2 switch 3",">p1 move surf",">p2 move crunch",">p1 move protect",">p2 move crunch",">p1 switch 4",">p2 move crunch",">p1 move seismictoss",">p2 move crunch",">p1 move protect",">p2 move crunch",">p1 move seismictoss",">p2 move crunch",">p1 move wish",">p2 move crunch",">p1 move protect",">p2 move crunch",">p1 move seismictoss",">p2 move crunch",">p1 move seismictoss",">p2 move crunch",">p1 move wish",">p2 move crunch",">p1 move protect",">p2 move crunch",">p1 move seismictoss",">p2 move crunch",">p2 switch 4",">p1 move toxic",">p2 move seismictoss",">p1 move protect",">p2 move seismictoss",">p1 move seismictoss",">p2 move seismictoss",">p1 move seismictoss",">p2 move seismictoss",">p1 move seismictoss",">p2 move seismictoss",">p2 switch 5",">p1 switch 2",">p2 move explosion",">p1 switch 3",">p2 switch 6",">p1 switch 6",">p2 move icebeam",">p1 move earthquake",">p2 move icebeam",">p1 switch 6",">p1 move crunch",">p2 move icebeam",">p1 move crunch",">p2 move icebeam",">p1 move pursuit",">p2 move icebeam",">p1 switch 2",">p2 move icebeam",">p1 switch 4",">p2 move icebeam",">p1 switch 5",">p2 move icebeam",">p1 switch 5",">p2 move icebeam",">p1 switch 4",">p2 move icebeam",">p1 switch 4",">p2 move icebeam",">p1 switch 4",">p2 move icebeam",">p1 switch 4",">p2 move icebeam",">p1 switch 4",">p2 move icebeam",">p1 switch 4",">p2 move icebeam",">p1 switch 4",">p1 move seismictoss",">p2 move icebeam",">p1 switch 5",">p1 move agility",">p2 move surf",">p1 move earthquake",">p2 move surf",">p1 move earthquake",">p2 move surf",">p1 switch 2",">p1 move hiddenpower",">p2 move surf",">p1 move hiddenpower",">p2 move surf"],"log":["|j|☆thecrusher677","|j|☆simb","|t:|1748946236","|gametype|singles","|player|p1|thecrusher677|102|","|player|p2|simb|101|","|teamsize|p1|6","|teamsize|p2|6","|gen|3","|tier|[Gen 3] OU","|rule|Sleep Clause Mod: Limit one foe put to sleep","|rule|Switch Priority Clause Mod: Faster Pokémon switch first","|rule|Species Clause: Limit one of each Pokémon","|rule|OHKO Clause: OHKO moves are banned","|rule|Evasion Items Clause: Evasion items are banned","|rule|Evasion Moves Clause: Evasion moves are banned","|rule|Endless Battle Clause: Forcing endless battles is banned","|rule|HP Percentage Mod: HP is shown in percentages","|rule|One Boost Passer Clause: Limit one Baton Passer that has a way to boost its stats","|rule|Freeze Clause Mod: Limit one foe frozen","|","|t:|1748946236","|start","|switch|p1a: Salamence|Salamence, M|360/360","|switch|p2a: Salamence|Salamence, M|360/360","|-ability|p2a: Salamence|Intimidate|boost","|-unboost|p1a: Salamence|atk|1","|-ability|p1a: Salamence|Intimidate|boost","|-unboost|p2a: Salamence|atk|1","|turn|1","|l|☆simb","|player|p2|","|j|☆simb","|player|p2|simb|101|","|l|☆simb","|player|p2|","|j|☆simb","|player|p2|simb|101|","|l|☆simb","|player|p2|","|j|☆simb","|player|p2|simb|101|","|","|t:|1748947363","|move|p2a: Salamence|Earthquake|p1a: Salamence","|-immune|p1a: Salamence","|move|p1a: Salamence|Rock Slide|p2a: Salamence","|-supereffective|p2a: Salamence","|-damage|p2a: Salamence|99/360","|","|upkeep","|turn|2","|l|☆simb","|player|p2|","|j|☆simb","|player|p2|simb|101|","|","|t:|1748947998","|move|p2a: Salamence|Earthquake|p1a: Salamence","|-immune|p1a: Salamence","|move|p1a: Salamence|Rock Slide|p2a: Salamence","|-supereffective|p2a: Salamence","|-damage|p2a: Salamence|0 fnt","|faint|p2a: Salamence","|l|☆simb","|player|p2|","|j|☆simb","|player|p2|simb|101|","|l|☆simb","|player|p2|","|j|☆simb","|player|p2|simb|101|","|","|t:|1748948415","|switch|p2a: Magneton|Magneton|242/242","|","|upkeep","|turn|3","|","|t:|1748948955","|switch|p1a: Swampert|Swampert, F|404/404","|move|p2a: Magneton|Thunderbolt|p1a: Swampert","|-immune|p1a: Swampert","|","|upkeep","|turn|4","|l|☆simb","|player|p2|","|j|☆simb","|player|p2|simb|101|","|","|t:|1748949061","|move|p2a: Magneton|Thunderbolt|p1a: Swampert","|-immune|p1a: Swampert","|move|p1a: Swampert|Surf|p2a: Magneton","|-damage|p2a: Magneton|119/242","|","|upkeep","|turn|5","|","|t:|1748949065","|move|p2a: Magneton|Thunderbolt|p1a: Swampert","|-immune|p1a: Swampert","|move|p1a: Swampert|Surf|p2a: Magneton","|-crit|p2a: Magneton","|-damage|p2a: Magneton|0 fnt","|faint|p2a: Magneton","|","|t:|1748949065","|switch|p2a: Tyranitar|Tyranitar, F|401/401","|-weather|Sandstorm|[from] ability: Sand Stream|[of] p2a: Tyranitar","|","|-weather|Sandstorm|[upkeep]","|upkeep","|turn|6","|","|t:|1748949319","|move|p2a: Tyranitar|Crunch|p1a: Swampert","|-damage|p1a: Swampert|285/404","|move|p1a: Swampert|Surf|p2a: Tyranitar","|-supereffective|p2a: Tyranitar","|-damage|p2a: Tyranitar|200/401","|","|-weather|Sandstorm|[upkeep]","|-heal|p2a: Tyranitar|225/401|[from] item: Leftovers","|-heal|p1a: Swampert|310/404|[from] item: Leftovers","|upkeep","|turn|7","|l|☆simb","|player|p2|","|j|☆simb","|player|p2|simb|101|","|l|☆simb","|player|p2|","|j|☆simb","|player|p2|simb|101|","|l|☆simb","|player|p2|","|j|☆simb","|player|p2|simb|101|","|","|t:|1748951116","|move|p1a: Swampert|Protect|p1a: Swampert","|-singleturn|p1a: Swampert|Protect","|move|p2a: Tyranitar|Crunch|p1a: Swampert","|-activate|p1a: Swampert|Protect","|","|-weather|Sandstorm|[upkeep]","|-heal|p2a: Tyranitar|250/401|[from] item: Leftovers","|-heal|p1a: Swampert|335/404|[from] item: Leftovers","|upkeep","|turn|8","|","|t:|1748951689","|switch|p1a: Blissey|Blissey, F|652/652","|move|p2a: Tyranitar|Crunch|p1a: Blissey","|-crit|p1a: Blissey","|-damage|p1a: Blissey|490/652","|","|-weather|Sandstorm|[upkeep]","|-damage|p1a: Blissey|450/652|[from] Sandstorm","|-heal|p2a: Tyranitar|275/401|[from] item: Leftovers","|-heal|p1a: Blissey|490/652|[from] item: Leftovers","|upkeep","|turn|9","|l|☆simb","|player|p2|","|j|☆simb","|player|p2|simb|101|","|l|☆simb","|player|p2|","|j|☆simb","|player|p2|simb|101|","|l|☆simb","|player|p2|","|j|☆simb","|player|p2|simb|101|","|l|☆simb","|player|p2|","|j|☆simb","|player|p2|simb|101|","|l|☆simb","|player|p2|","|j|☆simb","|player|p2|simb|101|","|l|☆simb","|player|p2|","|j|☆simb","|player|p2|simb|101|","|l|☆simb","|player|p2|","|j|☆simb","|player|p2|simb|101|","|l|☆simb","|player|p2|","|j|☆simb","|player|p2|simb|101|","|l|☆simb","|player|p2|","|j|☆simb","|player|p2|simb|101|","|l|☆simb","|player|p2|","|j|☆simb","|player|p2|simb|101|","|l|☆simb","|player|p2|","|j|☆simb","|player|p2|simb|101|","|","|t:|1748954731","|move|p2a: Tyranitar|Crunch|p1a: Blissey","|-crit|p1a: Blissey","|-damage|p1a: Blissey|348/652","|move|p1a: Blissey|Seismic Toss|p2a: Tyranitar","|-damage|p2a: Tyranitar|175/401","|","|-weather|Sandstorm|[upkeep]","|-damage|p1a: Blissey|308/652|[from] Sandstorm","|-heal|p2a: Tyranitar|200/401|[from] item: Leftovers","|-heal|p1a: Blissey|348/652|[from] item: Leftovers","|upkeep","|turn|10","|","|t:|1748954783","|move|p1a: Blissey|Protect|p1a: Blissey","|-singleturn|p1a: Blissey|Protect","|move|p2a: Tyranitar|Crunch|p1a: Blissey","|-activate|p1a: Blissey|Protect","|","|-weather|Sandstorm|[upkeep]","|-damage|p1a: Blissey|308/652|[from] Sandstorm","|-heal|p2a: Tyranitar|225/401|[from] item: Leftovers","|-heal|p1a: Blissey|348/652|[from] item: Leftovers","|upkeep","|turn|11","|l|☆simb","|player|p2|","|j|☆simb","|player|p2|simb|101|","|","|t:|1748955356","|move|p2a: Tyranitar|Crunch|p1a: Blissey","|-damage|p1a: Blissey|270/652","|move|p1a: Blissey|Seismic Toss|p2a: Tyranitar","|-damage|p2a: Tyranitar|125/401","|","|-weather|Sandstorm|[upkeep]","|-damage|p1a: Blissey|230/652|[from] Sandstorm","|-heal|p2a: Tyranitar|150/401|[from] item: Leftovers","|-heal|p1a: Blissey|270/652|[from] item: Leftovers","|upkeep","|turn|12","|","|t:|1748955402","|move|p2a: Tyranitar|Crunch|p1a: Blissey","|-damage|p1a: Blissey|197/652","|move|p1a: Blissey|Wish|p1a: Blissey","|","|-weather|Sandstorm|[upkeep]","|-damage|p1a: Blissey|157/652|[from] Sandstorm","|-heal|p2a: Tyranitar|175/401|[from] item: Leftovers","|-heal|p1a: Blissey|197/652|[from] item: Leftovers","|upkeep","|turn|13","|","|t:|1748955404","|move|p1a: Blissey|Protect|p1a: Blissey","|-singleturn|p1a: Blissey|Protect","|move|p2a: Tyranitar|Crunch|p1a: Blissey","|-activate|p1a: Blissey|Protect","|","|-heal|p1a: Blissey|523/652|[from] move: Wish|[wisher] Blissey","|-weather|Sandstorm|[upkeep]","|-damage|p1a: Blissey|483/652|[from] Sandstorm","|-heal|p2a: Tyranitar|200/401|[from] item: Leftovers","|-heal|p1a: Blissey|523/652|[from] item: Leftovers","|upkeep","|turn|14","|","|t:|1748955405","|move|p2a: Tyranitar|Crunch|p1a: Blissey","|-damage|p1a: Blissey|440/652","|move|p1a: Blissey|Seismic Toss|p2a: Tyranitar","|-damage|p2a: Tyranitar|100/401","|","|-weather|Sandstorm|[upkeep]","|-damage|p1a: Blissey|400/652|[from] Sandstorm","|-heal|p2a: Tyranitar|125/401|[from] item: Leftovers","|-heal|p1a: Blissey|440/652|[from] item: Leftovers","|upkeep","|turn|15","|","|t:|1748955406","|move|p2a: Tyranitar|Crunch|p1a: Blissey","|-damage|p1a: Blissey|366/652","|move|p1a: Blissey|Seismic Toss|p2a: Tyranitar","|-damage|p2a: Tyranitar|25/401","|","|-weather|Sandstorm|[upkeep]","|-damage|p1a: Blissey|326/652|[from] Sandstorm","|-heal|p2a: Tyranitar|50/401|[from] item: Leftovers","|-heal|p1a: Blissey|366/652|[from] item: Leftovers","|upkeep","|turn|16","|","|t:|1748955408","|move|p2a: Tyranitar|Crunch|p1a: Blissey","|-damage|p1a: Blissey|295/652","|move|p1a: Blissey|Wish|p1a: Blissey","|","|-weather|Sandstorm|[upkeep]","|-damage|p1a: Blissey|255/652|[from] Sandstorm","|-heal|p2a: Tyranitar|75/401|[from] item: Leftovers","|-heal|p1a: Blissey|295/652|[from] item: Leftovers","|upkeep","|turn|17","|","|t:|1748955410","|move|p1a: Blissey|Protect|p1a: Blissey","|-singleturn|p1a: Blissey|Protect","|move|p2a: Tyranitar|Crunch|p1a: Blissey","|-activate|p1a: Blissey|Protect","|","|-heal|p1a: Blissey|621/652|[from] move: Wish|[wisher] Blissey","|-weather|Sandstorm|[upkeep]","|-damage|p1a: Blissey|581/652|[from] Sandstorm","|-heal|p2a: Tyranitar|100/401|[from] item: Leftovers","|-heal|p1a: Blissey|621/652|[from] item: Leftovers","|upkeep","|turn|18","|","|t:|1748955411","|move|p2a: Tyranitar|Crunch|p1a: Blissey","|-damage|p1a: Blissey|544/652","|move|p1a: Blissey|Seismic Toss|p2a: Tyranitar","|-damage|p2a: Tyranitar|0 fnt","|faint|p2a: Tyranitar","|","|t:|1748955411","|switch|p2a: Blissey|Blissey, F|652/652","|","|-weather|Sandstorm|[upkeep]","|-damage|p2a: Blissey|612/652|[from] Sandstorm","|-damage|p1a: Blissey|504/652|[from] Sandstorm","|-heal|p1a: Blissey|544/652|[from] item: Leftovers","|-heal|p2a: Blissey|652/652|[from] item: Leftovers","|upkeep","|turn|19","|","|t:|1748955413","|move|p1a: Blissey|Toxic|p2a: Blissey","|-status|p2a: Blissey|tox","|move|p2a: Blissey|Seismic Toss|p1a: Blissey","|-damage|p1a: Blissey|444/652","|","|-weather|Sandstorm|[upkeep]","|-damage|p1a: Blissey|404/652|[from] Sandstorm","|-damage|p2a: Blissey|612/652 tox|[from] Sandstorm","|-heal|p2a: Blissey|652/652 tox|[from] item: Leftovers","|-heal|p1a: Blissey|444/652|[from] item: Leftovers","|-damage|p2a: Blissey|612/652 tox|[from] psn","|upkeep","|turn|20","|l|☆simb","|player|p2|","|j|☆simb","|player|p2|simb|101|","|","|t:|1748956100","|move|p1a: Blissey|Protect|p1a: Blissey","|-singleturn|p1a: Blissey|Protect","|move|p2a: Blissey|Seismic Toss|p1a: Blissey","|-activate|p1a: Blissey|Protect","|","|-weather|Sandstorm|[upkeep]","|-damage|p2a: Blissey|572/652 tox|[from] Sandstorm","|-damage|p1a: Blissey|404/652|[from] Sandstorm","|-heal|p1a: Blissey|444/652|[from] item: Leftovers","|-heal|p2a: Blissey|612/652 tox|[from] item: Leftovers","|-damage|p2a: Blissey|532/652 tox|[from] psn","|upkeep","|turn|21","|l|☆simb","|player|p2|","|j|☆simb","|player|p2|simb|101|","|","|t:|1748957538","|move|p1a: Blissey|Seismic Toss|p2a: Blissey","|-damage|p2a: Blissey|432/652 tox","|move|p2a: Blissey|Seismic Toss|p1a: Blissey","|-damage|p1a: Blissey|344/652","|","|-weather|Sandstorm|[upkeep]","|-damage|p2a: Blissey|392/652 tox|[from] Sandstorm","|-damage|p1a: Blissey|304/652|[from] Sandstorm","|-heal|p1a: Blissey|344/652|[from] item: Leftovers","|-heal|p2a: Blissey|432/652 tox|[from] item: Leftovers","|-damage|p2a: Blissey|312/652 tox|[from] psn","|upkeep","|turn|22","|","|t:|1748957594","|move|p2a: Blissey|Seismic Toss|p1a: Blissey","|-damage|p1a: Blissey|244/652","|move|p1a: Blissey|Seismic Toss|p2a: Blissey","|-damage|p2a: Blissey|212/652 tox","|","|-weather|Sandstorm|[upkeep]","|-damage|p1a: Blissey|204/652|[from] Sandstorm","|-damage|p2a: Blissey|172/652 tox|[from] Sandstorm","|-heal|p2a: Blissey|212/652 tox|[from] item: Leftovers","|-heal|p1a: Blissey|244/652|[from] item: Leftovers","|-damage|p2a: Blissey|52/652 tox|[from] psn","|upkeep","|turn|23","|","|t:|1748958881","|move|p1a: Blissey|Seismic Toss|p2a: Blissey","|-damage|p2a: Blissey|0 fnt","|faint|p2a: Blissey","|","|t:|1748958881","|switch|p2a: Metagross|Metagross|343/343","|","|-weather|Sandstorm|[upkeep]","|-damage|p1a: Blissey|204/652|[from] Sandstorm","|-heal|p1a: Blissey|244/652|[from] item: Leftovers","|upkeep","|turn|24","|","|t:|1748958901","|switch|p1a: Magneton|Magneton|242/242","|move|p2a: Metagross|Explosion|p1a: Magneton","|-resisted|p1a: Magneton","|-crit|p1a: Magneton","|-damage|p1a: Magneton|0 fnt","|faint|p2a: Metagross","|faint|p1a: Magneton","|","|t:|1748958910","|switch|p1a: Tyranitar|Tyranitar, M|401/401","|switch|p2a: Swampert|Swampert, M|404/404","|","|-weather|Sandstorm|[upkeep]","|upkeep","|turn|25","|","|t:|1748958926","|switch|p1a: Salamence|Salamence, M|360/360","|-ability|p1a: Salamence|Intimidate|boost","|-unboost|p2a: Swampert|atk|1","|move|p2a: Swampert|Ice Beam|p1a: Salamence","|-supereffective|p1a: Salamence","|-damage|p1a: Salamence|23/360","|-status|p1a: Salamence|frz","|","|-weather|Sandstorm|[upkeep]","|-damage|p1a: Salamence|1/360 frz|[from] Sandstorm","|upkeep","|turn|26","|","|t:|1748958934","|cant|p1a: Salamence|frz","|move|p2a: Swampert|Ice Beam|p1a: Salamence","|-supereffective|p1a: Salamence","|-damage|p1a: Salamence|0 fnt","|faint|p1a: Salamence","|","|t:|1748958940","|switch|p1a: Tyranitar|Tyranitar, M|401/401","|","|-weather|Sandstorm|[upkeep]","|upkeep","|turn|27","|","|t:|1748959040","|move|p1a: Tyranitar|Crunch|p2a: Swampert","|-damage|p2a: Swampert|295/404","|-unboost|p2a: Swampert|spd|1","|move|p2a: Swampert|Ice Beam|p1a: Tyranitar","|-damage|p1a: Tyranitar|342/401","|","|-weather|Sandstorm|[upkeep]","|-heal|p1a: Tyranitar|367/401|[from] item: Leftovers","|-heal|p2a: Swampert|320/404|[from] item: Leftovers","|upkeep","|turn|28","|","|t:|1748959071","|move|p1a: Tyranitar|Crunch|p2a: Swampert","|-damage|p2a: Swampert|146/404","|-unboost|p2a: Swampert|spd|1","|move|p2a: Swampert|Ice Beam|p1a: Tyranitar","|-damage|p1a: Tyranitar|306/401","|-status|p1a: Tyranitar|frz","|","|-weather|Sandstorm|[upkeep]","|-heal|p1a: Tyranitar|331/401 frz|[from] item: Leftovers","|-heal|p2a: Swampert|171/404|[from] item: Leftovers","|upkeep","|turn|29","|","|t:|1748959079","|cant|p1a: Tyranitar|frz","|move|p2a: Swampert|Ice Beam|p1a: Tyranitar","|-damage|p1a: Tyranitar|268/401 frz","|","|-weather|Sandstorm|[upkeep]","|-heal|p1a: Tyranitar|293/401 frz|[from] item: Leftovers","|-heal|p2a: Swampert|196/404|[from] item: Leftovers","|upkeep","|turn|30","|","|t:|1748959082","|switch|p1a: Blissey|Blissey, F|244/652","|move|p2a: Swampert|Ice Beam|p1a: Blissey","|-damage|p1a: Blissey|203/652","|","|-weather|Sandstorm|[upkeep]","|-damage|p1a: Blissey|163/652|[from] Sandstorm","|-heal|p2a: Swampert|221/404|[from] item: Leftovers","|-heal|p1a: Blissey|203/652|[from] item: Leftovers","|upkeep","|turn|31","|","|t:|1748959087","|switch|p1a: Swampert|Swampert, F|335/404","|move|p2a: Swampert|Ice Beam|p1a: Swampert","|-damage|p1a: Swampert|270/404","|","|-weather|Sandstorm|[upkeep]","|-heal|p1a: Swampert|295/404|[from] item: Leftovers","|-heal|p2a: Swampert|246/404|[from] item: Leftovers","|upkeep","|turn|32","|","|t:|1748959090","|switch|p1a: Metagross|Metagross|343/343","|move|p2a: Swampert|Ice Beam|p1a: Metagross","|-resisted|p1a: Metagross","|-damage|p1a: Metagross|310/343","|","|-weather|Sandstorm|[upkeep]","|-heal|p1a: Metagross|331/343|[from] item: Leftovers","|-heal|p2a: Swampert|271/404|[from] item: Leftovers","|upkeep","|turn|33","|","|t:|1748959102","|switch|p1a: Swampert|Swampert, F|295/404","|move|p2a: Swampert|Ice Beam|p1a: Swampert","|-crit|p1a: Swampert","|-damage|p1a: Swampert|158/404","|","|-weather|Sandstorm|[upkeep]","|-heal|p2a: Swampert|296/404|[from] item: Leftovers","|-heal|p1a: Swampert|183/404|[from] item: Leftovers","|upkeep","|turn|34","|","|t:|1748959107","|switch|p1a: Blissey|Blissey, F|203/652","|move|p2a: Swampert|Ice Beam|p1a: Blissey","|-damage|p1a: Blissey|163/652","|","|-weather|Sandstorm|[upkeep]","|-damage|p1a: Blissey|123/652|[from] Sandstorm","|-heal|p2a: Swampert|321/404|[from] item: Leftovers","|-heal|p1a: Blissey|163/652|[from] item: Leftovers","|upkeep","|turn|35","|","|t:|1748959109","|switch|p1a: Swampert|Swampert, F|183/404","|move|p2a: Swampert|Ice Beam|p1a: Swampert","|-damage|p1a: Swampert|117/404","|","|-weather|Sandstorm|[upkeep]","|-heal|p1a: Swampert|142/404|[from] item: Leftovers","|-heal|p2a: Swampert|346/404|[from] item: Leftovers","|upkeep","|turn|36","|","|t:|1748959110","|switch|p1a: Blissey|Blissey, F|163/652","|move|p2a: Swampert|Ice Beam|p1a: Blissey","|-damage|p1a: Blissey|119/652","|","|-weather|Sandstorm|[upkeep]","|-damage|p1a: Blissey|79/652|[from] Sandstorm","|-heal|p2a: Swampert|371/404|[from] item: Leftovers","|-heal|p1a: Blissey|119/652|[from] item: Leftovers","|upkeep","|turn|37","|","|t:|1748959111","|switch|p1a: Swampert|Swampert, F|142/404","|move|p2a: Swampert|Ice Beam|p1a: Swampert","|-damage|p1a: Swampert|74/404","|","|-weather|Sandstorm|[upkeep]","|-heal|p2a: Swampert|396/404|[from] item: Leftovers","|-heal|p1a: Swampert|99/404|[from] item: Leftovers","|upkeep","|turn|38","|","|t:|1748959113","|switch|p1a: Blissey|Blissey, F|119/652","|move|p2a: Swampert|Ice Beam|p1a: Blissey","|-damage|p1a: Blissey|77/652","|-message|Freeze Clause activated.","|","|-weather|Sandstorm|[upkeep]","|-damage|p1a: Blissey|37/652|[from] Sandstorm","|-heal|p2a: Swampert|404/404|[from] item: Leftovers","|-heal|p1a: Blissey|77/652|[from] item: Leftovers","|upkeep","|turn|39","|","|t:|1748959114","|switch|p1a: Swampert|Swampert, F|99/404","|move|p2a: Swampert|Ice Beam|p1a: Swampert","|-crit|p1a: Swampert","|-damage|p1a: Swampert|0 fnt","|faint|p1a: Swampert","|","|t:|1748959116","|switch|p1a: Blissey|Blissey, F|77/652","|","|-weather|Sandstorm|[upkeep]","|-damage|p1a: Blissey|37/652|[from] Sandstorm","|-heal|p1a: Blissey|77/652|[from] item: Leftovers","|upkeep","|turn|40","|","|t:|1748959119","|move|p2a: Swampert|Ice Beam|p1a: Blissey","|-damage|p1a: Blissey|34/652","|move|p1a: Blissey|Seismic Toss|p2a: Swampert","|-damage|p2a: Swampert|304/404","|","|-weather|Sandstorm|[upkeep]","|-damage|p1a: Blissey|0 fnt|[from] Sandstorm","|faint|p1a: Blissey","|-heal|p2a: Swampert|329/404|[from] item: Leftovers","|upkeep","|","|t:|1748959121","|switch|p1a: Metagross|Metagross|331/343","|turn|41","|","|t:|1748959122","|move|p1a: Metagross|Agility|p1a: Metagross","|-boost|p1a: Metagross|spe|2","|move|p2a: Swampert|Surf|p1a: Metagross","|-crit|p1a: Metagross","|-damage|p1a: Metagross|128/343","|","|-weather|Sandstorm|[upkeep]","|-heal|p1a: Metagross|149/343|[from] item: Leftovers","|-heal|p2a: Swampert|354/404|[from] item: Leftovers","|upkeep","|turn|42","|","|t:|1748959132","|move|p1a: Metagross|Earthquake|p2a: Swampert","|-damage|p2a: Swampert|246/404","|move|p2a: Swampert|Surf|p1a: Metagross","|-damage|p1a: Metagross|38/343","|","|-weather|Sandstorm|[upkeep]","|-heal|p1a: Metagross|59/343|[from] item: Leftovers","|-heal|p2a: Swampert|271/404|[from] item: Leftovers","|upkeep","|turn|43","|","|t:|1748959135","|move|p1a: Metagross|Earthquake|p2a: Swampert","|-damage|p2a: Swampert|158/404","|move|p2a: Swampert|Surf|p1a: Metagross","|-damage|p1a: Metagross|0 fnt","|faint|p1a: Metagross","|","|t:|1748959137","|switch|p1a: Tyranitar|Tyranitar, M|293/401 frz","|","|-weather|Sandstorm|[upkeep]","|-heal|p1a: Tyranitar|318/401 frz|[from] item: Leftovers","|-heal|p2a: Swampert|183/404|[from] item: Leftovers","|upkeep","|turn|44","|","|t:|1748959138","|cant|p1a: Tyranitar|frz","|move|p2a: Swampert|Surf|p1a: Tyranitar","|-supereffective|p1a: Tyranitar","|-damage|p1a: Tyranitar|117/401 frz","|","|-weather|Sandstorm|[upkeep]","|-heal|p1a: Tyranitar|142/401 frz|[from] item: Leftovers","|-heal|p2a: Swampert|208/404|[from] item: Leftovers","|upkeep","|turn|45","|","|t:|1748959140","|cant|p1a: Tyranitar|frz","|move|p2a: Swampert|Surf|p1a: Tyranitar","|-supereffective|p1a: Tyranitar","|-damage|p1a: Tyranitar|0 fnt","|faint|p1a: Tyranitar","|","|win|simb",""],"p1rating":null,"p2rating":null,"endType":"normal","ladderError":true,"timestamp":"Tue Jun 03 2025 06:59:00 GMT-0700 (アメリカ太平洋夏時間)","roomid":"battle-gen3ou-178","format":"gen3ou"}