{"winner":"thecrusher677","seed":"sodium,e043655429faad17b0aa0ce7485b7a96","turns":28,"p1":"thecrusher677","p2":"simb","p1team":[{"name":"Salamence","species":"Salamence","item":"Choice Band","ability":"Intimidate","moves":["Earthquake","Hidden Power Flying","Brick Break","Rock Slide"],"nature":"Adamant","evs":{"hp":120,"atk":252,"def":0,"spa":0,"spd":0,"spe":136},"gender":"F","ivs":{"hp":30,"atk":30,"def":30,"spa":30,"spd":30,"spe":31},"happiness":255,"hpType":"Flying","pokeball":"","gigantamax":false,"dynamaxLevel":10,"teraType":"","level":100},{"name":"Magneton","species":"Magneton","item":"Magnet","ability":"Magnet Pull","moves":["Thunderbolt","Toxic","Hidden Power Fire","Protect"],"nature":"Modest","evs":{"hp":4,"atk":0,"def":0,"spa":252,"spd":0,"spe":252},"gender":"N","ivs":{"hp":31,"atk":2,"def":31,"spa":30,"spd":31,"spe":30},"happiness":255,"hpType":"Fire","pokeball":"","gigantamax":false,"dynamaxLevel":10,"teraType":"","level":100},{"name":"Tyranitar","species":"Tyranitar","item":"Leftovers","ability":"Sand Stream","moves":["Crunch","Pursuit","Hidden Power Grass","Fire Blast"],"nature":"Modest","evs":{"hp":240,"atk":0,"def":0,"spa":188,"spd":48,"spe":32},"gender":"F","ivs":{"hp":31,"atk":2,"def":31,"spa":30,"spd":31,"spe":31},"happiness":255,"hpType":"Grass","pokeball":"","gigantamax":false,"dynamaxLevel":10,"teraType":"","level":100},{"name":"Blissey","species":"Blissey","item":"Leftovers","ability":"Natural Cure","moves":["Seismic Toss","Wish","Protect","Toxic"],"nature":"","evs":{"hp":4,"atk":0,"def":252,"spa":0,"spd":252,"spe":0},"gender":"F","ivs":{"hp":31,"atk":0,"def":31,"spa":31,"spd":31,"spe":31},"level":100},{"name":"Metagross","species":"Metagross","item":"Leftovers","ability":"Clear Body","moves":["Agility","Meteor Mash","Earthquake","Explosion"],"nature":"Adamant","evs":{"hp":168,"atk":252,"def":0,"spa":0,"spd":0,"spe":88},"gender":"N","level":100,"ivs":{"hp":31,"atk":31,"def":31,"spa":31,"spd":31,"spe":31}},{"name":"Swampert","species":"Swampert","item":"Leftovers","ability":"Torrent","moves":["Surf","Ice Beam","Protect","Toxic"],"nature":"Bold","evs":{"hp":252,"atk":0,"def":160,"spa":0,"spd":96,"spe":0},"gender":"F","ivs":{"hp":31,"atk":0,"def":31,"spa":31,"spd":31,"spe":31},"level":100}],"p2team":[{"name":"Salamence","species":"Salamence","item":"Choice Band","ability":"Intimidate","moves":["Earthquake","Hidden Power Flying","Brick Break","Rock Slide"],"nature":"Adamant","evs":{"hp":120,"atk":252,"def":0,"spa":0,"spd":0,"spe":136},"gender":"F","ivs":{"hp":30,"atk":30,"def":30,"spa":30,"spd":30,"spe":31},"happiness":255,"hpType":"Flying","pokeball":"","gigantamax":false,"dynamaxLevel":10,"teraType":"","level":100},{"name":"Magneton","species":"Magneton","item":"Magnet","ability":"Magnet Pull","moves":["Thunderbolt","Toxic","Hidden Power Fire","Protect"],"nature":"Modest","evs":{"hp":4,"atk":0,"def":0,"spa":252,"spd":0,"spe":252},"gender":"N","ivs":{"hp":31,"atk":2,"def":31,"spa":30,"spd":31,"spe":30},"happiness":255,"hpType":"Fire","pokeball":"","gigantamax":false,"dynamaxLevel":10,"teraType":"","level":100},{"name":"Tyranitar","species":"Tyranitar","item":"Leftovers","ability":"Sand Stream","moves":["Crunch","Pursuit","Hidden Power Grass","Fire Blast"],"nature":"Modest","evs":{"hp":240,"atk":0,"def":0,"spa":188,"spd":48,"spe":32},"gender":"F","ivs":{"hp":31,"atk":2,"def":31,"spa":30,"spd":31,"spe":31},"happiness":255,"hpType":"Grass","pokeball":"","gigantamax":false,"dynamaxLevel":10,"teraType":"","level":100},{"name":"Blissey","species":"Blissey","item":"Leftovers","ability":"Natural Cure","moves":["Seismic Toss","Wish","Protect","Toxic"],"nature":"","evs":{"hp":4,"atk":0,"def":252,"spa":0,"spd":252,"spe":0},"gender":"F","ivs":{"hp":31,"atk":0,"def":31,"spa":31,"spd":31,"spe":31},"level":100},{"name":"Metagross","species":"Metagross","item":"Leftovers","ability":"Clear Body","moves":["Agility","Meteor Mash","Earthquake","Explosion"],"nature":"Adamant","evs":{"hp":168,"atk":252,"def":0,"spa":0,"spd":0,"spe":88},"gender":"N","level":100,"ivs":{"hp":31,"atk":31,"def":31,"spa":31,"spd":31,"spe":31}},{"name":"Swampert","species":"Swampert","item":"Leftovers","ability":"Torrent","moves":["Surf","Ice Beam","Protect","Toxic"],"nature":"Bold","evs":{"hp":252,"atk":0,"def":160,"spa":0,"spd":96,"spe":0},"gender":"F","ivs":{"hp":31,"atk":0,"def":31,"spa":31,"spd":31,"spe":31},"level":100}],"score":[3,0],"inputLog":[">version 372d05e49c92a79eecdf6c8dddb208bd1765c00f",">start {\"formatid\":\"gen3ou\",\"seed\":\"sodium,e043655429faad17b0aa0ce7485b7a96\"}",">player p1 {\"name\":\"thecrusher677\",\"avatar\":\"101\",\"team\":\"Salamence||ChoiceBand|Intimidate|Earthquake,HiddenPowerFlying,BrickBreak,RockSlide|Adamant|120,252,,,,136|F|30,30,30,30,30,|||,Flying,,,,]Magneton||Magnet|MagnetPull|Thunderbolt,Toxic,HiddenPowerFire,Protect|Modest|4,,,252,,252|N|,2,,30,,30|||,Fire,,,,]Tyranitar||Leftovers|SandStream|Crunch,Pursuit,HiddenPowerGrass,FireBlast|Modest|240,,,188,48,32|F|,2,,30,,|||,Grass,,,,]Blissey||Leftovers|NaturalCure|SeismicToss,Wish,Protect,Toxic||4,,252,,252,|F|,0,,,,|||]Metagross||Leftovers|ClearBody|Agility,MeteorMash,Earthquake,Explosion|Adamant|168,252,,,,88|N||||]Swampert||Leftovers|Torrent|Surf,IceBeam,Protect,Toxic|Bold|252,,160,,96,|F|,0,,,,|||\",\"rating\":0}",">player p2 {\"name\":\"simb\",\"avatar\":\"101\",\"team\":\"Salamence||ChoiceBand|Intimidate|Earthquake,HiddenPowerFlying,BrickBreak,RockSlide|Adamant|120,252,,,,136|F|30,30,30,30,30,|||,Flying,,,,]Magneton||Magnet|MagnetPull|Thunderbolt,Toxic,HiddenPowerFire,Protect|Modest|4,,,252,,252|N|,2,,30,,30|||,Fire,,,,]Tyranitar||Leftovers|SandStream|Crunch,Pursuit,HiddenPowerGrass,FireBlast|Modest|240,,,188,48,32|F|,2,,30,,|||,Grass,,,,]Blissey||Leftovers|NaturalCure|SeismicToss,Wish,Protect,Toxic||4,,252,,252,|F|,0,,,,|||]Metagross||Leftovers|ClearBody|Agility,MeteorMash,Earthquake,Explosion|Adamant|168,252,,,,88|N||||]Swampert||Leftovers|Torrent|Surf,IceBeam,Protect,Toxic|Bold|252,,160,,96,|F|,0,,,,|||\",\"rating\":0}",">p1 move rockslide",">p2 move earthquake",">p2 switch 2",">p1 switch 3",">p2 move thunderbolt",">p1 switch 6",">p2 move thunderbolt",">p1 move surf",">p2 move thunderbolt",">p1 move surf",">p2 move thunderbolt",">p2 switch 3",">p1 switch 2",">p2 move crunch",">p1 move thunderbolt",">p2 move fireblast",">p1 switch 2",">p1 move surf",">p2 move crunch",">p1 move protect",">p2 move crunch",">p1 move surf",">p2 move crunch",">p2 switch 4",">p1 move icebeam",">p2 move seismictoss",">p1 move icebeam",">p2 move seismictoss",">p1 move protect",">p2 move seismictoss",">p1 switch 4",">p2 move seismictoss",">p1 move toxic",">p2 move seismictoss",">p1 move toxic",">p2 move seismictoss",">p1 move wish",">p2 move seismictoss",">p1 move protect",">p2 move seismictoss",">p1 move wish",">p2 move seismictoss",">p1 switch 4",">p2 move seismictoss",">p2 switch 5",">p1 move protect",">p2 move explosion",">p2 switch 6",">p1 switch 3",">p2 move surf",">p1 switch 5",">p2 move icebeam",">p1 switch 6",">p2 move surf",">p1 switch 5",">p1 move hiddenpower",">p2 move icebeam",">p1 switch 6",">p1 move meteormash",">p2 move surf",">p1 move meteormash",">p2 move surf",">p1 move meteormash",">p2 move surf"],"log":["|j|☆thecrusher677","|j|☆simb","|t:|1749004520","|gametype|singles","|player|p1|thecrusher677|101|","|player|p2|simb|101|","|teamsize|p1|6","|teamsize|p2|6","|gen|3","|tier|[Gen 3] OU","|rule|Sleep Clause Mod: Limit one foe put to sleep","|rule|Switch Priority Clause Mod: Faster Pokémon switch first","|rule|Species Clause: Limit one of each Pokémon","|rule|OHKO Clause: OHKO moves are banned","|rule|Evasion Items Clause: Evasion items are banned","|rule|Evasion Moves Clause: Evasion moves are banned","|rule|Endless Battle Clause: Forcing endless battles is banned","|rule|HP Percentage Mod: HP is shown in percentages","|rule|One Boost Passer Clause: Limit one Baton Passer that has a way to boost its stats","|rule|Freeze Clause Mod: Limit one foe frozen","|","|t:|1749004520","|start","|switch|p1a: Salamence|Salamence, F|360/360","|switch|p2a: Salamence|Salamence, F|360/360","|-ability|p1a: Salamence|Intimidate|boost","|-unboost|p2a: Salamence|atk|1","|-ability|p2a: Salamence|Intimidate|boost","|-unboost|p1a: Salamence|atk|1","|turn|1","|","|t:|1749005044","|move|p1a: Salamence|Rock Slide|p2a: Salamence","|-supereffective|p2a: Salamence","|-crit|p2a: Salamence","|-damage|p2a: Salamence|0 fnt","|faint|p2a: Salamence","|","|t:|1749005044","|switch|p2a: Magneton|Magneton|242/242","|","|upkeep","|turn|2","|","|t:|1749005057","|switch|p1a: Tyranitar|Tyranitar, F|401/401","|-weather|Sandstorm|[from] ability: Sand Stream|[of] p1a: Tyranitar","|move|p2a: Magneton|Thunderbolt|p1a: Tyranitar","|-damage|p1a: Tyranitar|210/401","|","|-weather|Sandstorm|[upkeep]","|-heal|p1a: Tyranitar|235/401|[from] item: Leftovers","|upkeep","|turn|3","|","|t:|1749005068","|switch|p1a: Swampert|Swampert, F|404/404","|move|p2a: Magneton|Thunderbolt|p1a: Swampert","|-immune|p1a: Swampert","|","|-weather|Sandstorm|[upkeep]","|upkeep","|turn|4","|","|t:|1749005112","|move|p2a: Magneton|Thunderbolt|p1a: Swampert","|-immune|p1a: Swampert","|move|p1a: Swampert|Surf|p2a: Magneton","|-damage|p2a: Magneton|108/242","|","|-weather|Sandstorm|[upkeep]","|upkeep","|turn|5","|","|t:|1749005113","|move|p2a: Magneton|Thunderbolt|p1a: Swampert","|-immune|p1a: Swampert","|move|p1a: Swampert|Surf|p2a: Magneton","|-damage|p2a: Magneton|0 fnt","|faint|p2a: Magneton","|","|t:|1749005113","|switch|p2a: Tyranitar|Tyranitar, F|401/401","|","|-weather|Sandstorm|[upkeep]","|upkeep","|turn|6","|","|t:|1749005124","|switch|p1a: Magneton|Magneton|242/242","|move|p2a: Tyranitar|Crunch|p1a: Magneton","|-resisted|p1a: Magneton","|-damage|p1a: Magneton|165/242","|","|-weather|Sandstorm|[upkeep]","|upkeep","|turn|7","|","|t:|1749005131","|move|p1a: Magneton|Thunderbolt|p2a: Tyranitar","|-damage|p2a: Tyranitar|210/401","|move|p2a: Tyranitar|Fire Blast|p1a: Magneton","|-supereffective|p1a: Magneton","|-damage|p1a: Magneton|0 fnt","|faint|p1a: Magneton","|","|t:|1749005139","|switch|p1a: Swampert|Swampert, F|404/404","|","|-weather|Sandstorm|[upkeep]","|-heal|p2a: Tyranitar|235/401|[from] item: Leftovers","|upkeep","|turn|8","|","|t:|1749005143","|move|p2a: Tyranitar|Crunch|p1a: Swampert","|-damage|p1a: Swampert|285/404","|move|p1a: Swampert|Surf|p2a: Tyranitar","|-supereffective|p2a: Tyranitar","|-damage|p2a: Tyranitar|52/401","|","|-weather|Sandstorm|[upkeep]","|-heal|p2a: Tyranitar|77/401|[from] item: Leftovers","|-heal|p1a: Swampert|310/404|[from] item: Leftovers","|upkeep","|turn|9","|","|t:|1749005145","|move|p1a: Swampert|Protect|p1a: Swampert","|-singleturn|p1a: Swampert|Protect","|move|p2a: Tyranitar|Crunch|p1a: Swampert","|-activate|p1a: Swampert|Protect","|","|-weather|Sandstorm|[upkeep]","|-heal|p2a: Tyranitar|102/401|[from] item: Leftovers","|-heal|p1a: Swampert|335/404|[from] item: Leftovers","|upkeep","|turn|10","|","|t:|1749005146","|move|p2a: Tyranitar|Crunch|p1a: Swampert","|-damage|p1a: Swampert|214/404","|move|p1a: Swampert|Surf|p2a: Tyranitar","|-supereffective|p2a: Tyranitar","|-damage|p2a: Tyranitar|0 fnt","|faint|p2a: Tyranitar","|","|t:|1749005146","|switch|p2a: Blissey|Blissey, F|652/652","|","|-weather|Sandstorm|[upkeep]","|-damage|p2a: Blissey|612/652|[from] Sandstorm","|-heal|p1a: Swampert|239/404|[from] item: Leftovers","|-heal|p2a: Blissey|652/652|[from] item: Leftovers","|upkeep","|turn|11","|","|t:|1749005148","|move|p1a: Swampert|Ice Beam|p2a: Blissey","|-damage|p2a: Blissey|607/652","|move|p2a: Blissey|Seismic Toss|p1a: Swampert","|-damage|p1a: Swampert|139/404","|","|-weather|Sandstorm|[upkeep]","|-damage|p2a: Blissey|567/652|[from] Sandstorm","|-heal|p1a: Swampert|164/404|[from] item: Leftovers","|-heal|p2a: Blissey|607/652|[from] item: Leftovers","|upkeep","|turn|12","|","|t:|1749005149","|move|p1a: Swampert|Ice Beam|p2a: Blissey","|-damage|p2a: Blissey|565/652","|move|p2a: Blissey|Seismic Toss|p1a: Swampert","|-damage|p1a: Swampert|64/404","|","|-weather|Sandstorm|[upkeep]","|-damage|p2a: Blissey|525/652|[from] Sandstorm","|-heal|p1a: Swampert|89/404|[from] item: Leftovers","|-heal|p2a: Blissey|565/652|[from] item: Leftovers","|upkeep","|turn|13","|","|t:|1749005151","|move|p1a: Swampert|Protect|p1a: Swampert","|-singleturn|p1a: Swampert|Protect","|move|p2a: Blissey|Seismic Toss|p1a: Swampert","|-activate|p1a: Swampert|Protect","|","|-weather|Sandstorm|[upkeep]","|-damage|p2a: Blissey|525/652|[from] Sandstorm","|-heal|p1a: Swampert|114/404|[from] item: Leftovers","|-heal|p2a: Blissey|565/652|[from] item: Leftovers","|upkeep","|turn|14","|","|t:|1749005154","|switch|p1a: Blissey|Blissey, F|652/652","|move|p2a: Blissey|Seismic Toss|p1a: Blissey","|-damage|p1a: Blissey|552/652","|","|-weather|Sandstorm|[upkeep]","|-damage|p2a: Blissey|525/652|[from] Sandstorm","|-damage|p1a: Blissey|512/652|[from] Sandstorm","|-heal|p2a: Blissey|565/652|[from] item: Leftovers","|-heal|p1a: Blissey|552/652|[from] item: Leftovers","|upkeep","|turn|15","|","|t:|1749005155","|move|p1a: Blissey|Toxic|p2a: Blissey|[miss]","|-miss|p1a: Blissey|p2a: Blissey","|move|p2a: Blissey|Seismic Toss|p1a: Blissey","|-damage|p1a: Blissey|452/652","|","|-weather|Sandstorm|[upkeep]","|-damage|p2a: Blissey|525/652|[from] Sandstorm","|-damage|p1a: Blissey|412/652|[from] Sandstorm","|-heal|p1a: Blissey|452/652|[from] item: Leftovers","|-heal|p2a: Blissey|565/652|[from] item: Leftovers","|upkeep","|turn|16","|","|t:|1749005157","|move|p1a: Blissey|Toxic|p2a: Blissey","|-status|p2a: Blissey|tox","|move|p2a: Blissey|Seismic Toss|p1a: Blissey","|-damage|p1a: Blissey|352/652","|","|-weather|Sandstorm|[upkeep]","|-damage|p1a: Blissey|312/652|[from] Sandstorm","|-damage|p2a: Blissey|525/652 tox|[from] Sandstorm","|-heal|p2a: Blissey|565/652 tox|[from] item: Leftovers","|-heal|p1a: Blissey|352/652|[from] item: Leftovers","|-damage|p2a: Blissey|525/652 tox|[from] psn","|upkeep","|turn|17","|","|t:|1749005158","|move|p1a: Blissey|Wish|p1a: Blissey","|move|p2a: Blissey|Seismic Toss|p1a: Blissey","|-damage|p1a: Blissey|252/652","|","|-weather|Sandstorm|[upkeep]","|-damage|p1a: Blissey|212/652|[from] Sandstorm","|-damage|p2a: Blissey|485/652 tox|[from] Sandstorm","|-heal|p1a: Blissey|252/652|[from] item: Leftovers","|-heal|p2a: Blissey|525/652 tox|[from] item: Leftovers","|-damage|p2a: Blissey|445/652 tox|[from] psn","|upkeep","|turn|18","|","|t:|1749005159","|move|p1a: Blissey|Protect|p1a: Blissey","|-singleturn|p1a: Blissey|Protect","|move|p2a: Blissey|Seismic Toss|p1a: Blissey","|-activate|p1a: Blissey|Protect","|","|-heal|p1a: Blissey|578/652|[from] move: Wish|[wisher] Blissey","|-weather|Sandstorm|[upkeep]","|-damage|p2a: Blissey|405/652 tox|[from] Sandstorm","|-damage|p1a: Blissey|538/652|[from] Sandstorm","|-heal|p2a: Blissey|445/652 tox|[from] item: Leftovers","|-heal|p1a: Blissey|578/652|[from] item: Leftovers","|-damage|p2a: Blissey|325/652 tox|[from] psn","|upkeep","|turn|19","|","|t:|1749005160","|move|p2a: Blissey|Seismic Toss|p1a: Blissey","|-damage|p1a: Blissey|478/652","|move|p1a: Blissey|Wish|p1a: Blissey","|","|-weather|Sandstorm|[upkeep]","|-damage|p1a: Blissey|438/652|[from] Sandstorm","|-damage|p2a: Blissey|285/652 tox|[from] Sandstorm","|-heal|p1a: Blissey|478/652|[from] item: Leftovers","|-heal|p2a: Blissey|325/652 tox|[from] item: Leftovers","|-damage|p2a: Blissey|165/652 tox|[from] psn","|upkeep","|turn|20","|","|t:|1749005164","|switch|p1a: Swampert|Swampert, F|114/404","|move|p2a: Blissey|Seismic Toss|p1a: Swampert","|-damage|p1a: Swampert|14/404","|","|-heal|p1a: Swampert|216/404|[from] move: Wish|[wisher] Blissey","|-weather|Sandstorm|[upkeep]","|-damage|p2a: Blissey|125/652 tox|[from] Sandstorm","|-heal|p1a: Swampert|241/404|[from] item: Leftovers","|-heal|p2a: Blissey|165/652 tox|[from] item: Leftovers","|-damage|p2a: Blissey|0 fnt|[from] psn","|faint|p2a: Blissey","|upkeep","|","|t:|1749005164","|switch|p2a: Metagross|Metagross|343/343","|turn|21","|","|t:|1749005171","|move|p1a: Swampert|Protect|p1a: Swampert","|-singleturn|p1a: Swampert|Protect","|move|p2a: Metagross|Explosion|p1a: Swampert","|-activate|p1a: Swampert|Protect","|faint|p2a: Metagross","|","|t:|1749005171","|switch|p2a: Swampert|Swampert, F|404/404","|","|-weather|Sandstorm|[upkeep]","|-heal|p1a: Swampert|266/404|[from] item: Leftovers","|upkeep","|turn|22","|","|t:|1749005176","|switch|p1a: Salamence|Salamence, F|360/360","|-ability|p1a: Salamence|Intimidate|boost","|-unboost|p2a: Swampert|atk|1","|move|p2a: Swampert|Surf|p1a: Salamence","|-resisted|p1a: Salamence","|-damage|p1a: Salamence|304/360","|","|-weather|Sandstorm|[upkeep]","|-damage|p1a: Salamence|282/360|[from] Sandstorm","|upkeep","|turn|23","|","|t:|1749005201","|switch|p1a: Metagross|Metagross|343/343","|move|p2a: Swampert|Ice Beam|p1a: Metagross","|-resisted|p1a: Metagross","|-damage|p1a: Metagross|310/343","|","|-weather|Sandstorm|[upkeep]","|-heal|p1a: Metagross|331/343|[from] item: Leftovers","|upkeep","|turn|24","|","|t:|1749005209","|switch|p1a: Tyranitar|Tyranitar, F|235/401","|move|p2a: Swampert|Surf|p1a: Tyranitar","|-supereffective|p1a: Tyranitar","|-crit|p1a: Tyranitar","|-damage|p1a: Tyranitar|0 fnt","|faint|p1a: Tyranitar","|","|t:|1749005219","|switch|p1a: Salamence|Salamence, F|282/360","|-ability|p1a: Salamence|Intimidate|boost","|-unboost|p2a: Swampert|atk|1","|","|-weather|Sandstorm|[upkeep]","|-damage|p1a: Salamence|260/360|[from] Sandstorm","|upkeep","|turn|25","|","|t:|1749005228","|move|p1a: Salamence|Hidden Power|p2a: Swampert","|-damage|p2a: Swampert|232/404","|move|p2a: Swampert|Ice Beam|p1a: Salamence","|-supereffective|p1a: Salamence","|-damage|p1a: Salamence|0 fnt","|faint|p1a: Salamence","|","|t:|1749005231","|switch|p1a: Metagross|Metagross|331/343","|","|-weather|Sandstorm|[upkeep]","|-heal|p1a: Metagross|343/343|[from] item: Leftovers","|-heal|p2a: Swampert|257/404|[from] item: Leftovers","|upkeep","|turn|26","|","|t:|1749005233","|move|p1a: Metagross|Meteor Mash|p2a: Swampert","|-resisted|p2a: Swampert","|-damage|p2a: Swampert|170/404","|move|p2a: Swampert|Surf|p1a: Metagross","|-damage|p1a: Metagross|232/343","|","|-weather|Sandstorm|[upkeep]","|-heal|p1a: Metagross|253/343|[from] item: Leftovers","|-heal|p2a: Swampert|195/404|[from] item: Leftovers","|upkeep","|turn|27","|","|t:|1749005234","|move|p1a: Metagross|Meteor Mash|p2a: Swampert","|-resisted|p2a: Swampert","|-damage|p2a: Swampert|107/404","|-boost|p1a: Metagross|atk|1","|move|p2a: Swampert|Surf|p1a: Metagross","|-damage|p1a: Metagross|97/343","|","|-weather|Sandstorm|[upkeep]","|-heal|p1a: Metagross|118/343|[from] item: Leftovers","|-heal|p2a: Swampert|132/404|[from] item: Leftovers","|upkeep","|turn|28","|","|t:|1749005235","|move|p1a: Metagross|Meteor Mash|p2a: Swampert","|-resisted|p2a: Swampert","|-crit|p2a: Swampert","|-damage|p2a: Swampert|0 fnt","|faint|p2a: Swampert","|","|win|thecrusher677",""],"p1rating":null,"p2rating":null,"endType":"normal","ladderError":true,"timestamp":"Tue Jun 03 2025 19:47:15 GMT-0700 (アメリカ太平洋夏時間)","roomid":"battle-gen3ou-181","format":"gen3ou"}