{"winner":"thecrusher677","seed":"sodium,15088ccfbe80cf2dd4cc7b811ef560e6","turns":39,"p1":"thecrusher677","p2":"simb","p1team":[{"name":"Salamence","species":"Salamence","item":"Choice Band","ability":"Intimidate","moves":["Earthquake","Hidden Power Flying","Brick Break","Rock Slide"],"nature":"Adamant","evs":{"hp":120,"atk":252,"def":0,"spa":0,"spd":0,"spe":136},"gender":"M","ivs":{"hp":30,"atk":30,"def":30,"spa":30,"spd":30,"spe":31},"happiness":255,"hpType":"Flying","pokeball":"","gigantamax":false,"dynamaxLevel":10,"teraType":"","level":100},{"name":"Magneton","species":"Magneton","item":"Magnet","ability":"Magnet Pull","moves":["Thunderbolt","Toxic","Hidden Power Fire","Protect"],"nature":"Modest","evs":{"hp":4,"atk":0,"def":0,"spa":252,"spd":0,"spe":252},"gender":"N","ivs":{"hp":31,"atk":2,"def":31,"spa":30,"spd":31,"spe":30},"happiness":255,"hpType":"Fire","pokeball":"","gigantamax":false,"dynamaxLevel":10,"teraType":"","level":100},{"name":"Tyranitar","species":"Tyranitar","item":"Leftovers","ability":"Sand Stream","moves":["Crunch","Pursuit","Hidden Power Grass","Fire Blast"],"nature":"Modest","evs":{"hp":240,"atk":0,"def":0,"spa":188,"spd":48,"spe":32},"gender":"M","ivs":{"hp":31,"atk":2,"def":31,"spa":30,"spd":31,"spe":31},"happiness":255,"hpType":"Grass","pokeball":"","gigantamax":false,"dynamaxLevel":10,"teraType":"","level":100},{"name":"Blissey","species":"Blissey","item":"Leftovers","ability":"Natural Cure","moves":["Seismic Toss","Wish","Protect","Toxic"],"nature":"","evs":{"hp":4,"atk":0,"def":252,"spa":0,"spd":252,"spe":0},"gender":"F","ivs":{"hp":31,"atk":0,"def":31,"spa":31,"spd":31,"spe":31},"level":100},{"name":"Metagross","species":"Metagross","item":"Leftovers","ability":"Clear Body","moves":["Agility","Meteor Mash","Earthquake","Explosion"],"nature":"Adamant","evs":{"hp":168,"atk":252,"def":0,"spa":0,"spd":0,"spe":88},"gender":"N","level":100,"ivs":{"hp":31,"atk":31,"def":31,"spa":31,"spd":31,"spe":31}},{"name":"Swampert","species":"Swampert","item":"Leftovers","ability":"Torrent","moves":["Surf","Ice Beam","Protect","Toxic"],"nature":"Bold","evs":{"hp":252,"atk":0,"def":160,"spa":0,"spd":96,"spe":0},"gender":"M","ivs":{"hp":31,"atk":0,"def":31,"spa":31,"spd":31,"spe":31},"level":100}],"p2team":[{"name":"Salamence","species":"Salamence","item":"Choice Band","ability":"Intimidate","moves":["Earthquake","Hidden Power Flying","Brick Break","Rock Slide"],"nature":"Adamant","evs":{"hp":120,"atk":252,"def":0,"spa":0,"spd":0,"spe":136},"gender":"F","ivs":{"hp":30,"atk":30,"def":30,"spa":30,"spd":30,"spe":31},"happiness":255,"hpType":"Flying","pokeball":"","gigantamax":false,"dynamaxLevel":10,"teraType":"","level":100},{"name":"Magneton","species":"Magneton","item":"Magnet","ability":"Magnet Pull","moves":["Thunderbolt","Toxic","Hidden Power Fire","Protect"],"nature":"Modest","evs":{"hp":4,"atk":0,"def":0,"spa":252,"spd":0,"spe":252},"gender":"N","ivs":{"hp":31,"atk":2,"def":31,"spa":30,"spd":31,"spe":30},"happiness":255,"hpType":"Fire","pokeball":"","gigantamax":false,"dynamaxLevel":10,"teraType":"","level":100},{"name":"Tyranitar","species":"Tyranitar","item":"Leftovers","ability":"Sand Stream","moves":["Crunch","Pursuit","Hidden Power Grass","Fire Blast"],"nature":"Modest","evs":{"hp":240,"atk":0,"def":0,"spa":188,"spd":48,"spe":32},"gender":"F","ivs":{"hp":31,"atk":2,"def":31,"spa":30,"spd":31,"spe":31},"happiness":255,"hpType":"Grass","pokeball":"","gigantamax":false,"dynamaxLevel":10,"teraType":"","level":100},{"name":"Blissey","species":"Blissey","item":"Leftovers","ability":"Natural Cure","moves":["Seismic Toss","Wish","Protect","Toxic"],"nature":"","evs":{"hp":4,"atk":0,"def":252,"spa":0,"spd":252,"spe":0},"gender":"F","ivs":{"hp":31,"atk":0,"def":31,"spa":31,"spd":31,"spe":31},"level":100},{"name":"Metagross","species":"Metagross","item":"Leftovers","ability":"Clear Body","moves":["Agility","Meteor Mash","Earthquake","Explosion"],"nature":"Adamant","evs":{"hp":168,"atk":252,"def":0,"spa":0,"spd":0,"spe":88},"gender":"N","level":100,"ivs":{"hp":31,"atk":31,"def":31,"spa":31,"spd":31,"spe":31}},{"name":"Swampert","species":"Swampert","item":"Leftovers","ability":"Torrent","moves":["Surf","Ice Beam","Protect","Toxic"],"nature":"Bold","evs":{"hp":252,"atk":0,"def":160,"spa":0,"spd":96,"spe":0},"gender":"M","ivs":{"hp":31,"atk":0,"def":31,"spa":31,"spd":31,"spe":31},"level":100}],"score":[4,0],"inputLog":[">version 372d05e49c92a79eecdf6c8dddb208bd1765c00f",">start {\"formatid\":\"gen3ou\",\"seed\":\"sodium,15088ccfbe80cf2dd4cc7b811ef560e6\"}",">player p1 {\"name\":\"thecrusher677\",\"avatar\":\"101\",\"team\":\"Salamence||ChoiceBand|Intimidate|Earthquake,HiddenPowerFlying,BrickBreak,RockSlide|Adamant|120,252,,,,136|M|30,30,30,30,30,|||,Flying,,,,]Magneton||Magnet|MagnetPull|Thunderbolt,Toxic,HiddenPowerFire,Protect|Modest|4,,,252,,252|N|,2,,30,,30|||,Fire,,,,]Tyranitar||Leftovers|SandStream|Crunch,Pursuit,HiddenPowerGrass,FireBlast|Modest|240,,,188,48,32|M|,2,,30,,|||,Grass,,,,]Blissey||Leftovers|NaturalCure|SeismicToss,Wish,Protect,Toxic||4,,252,,252,|F|,0,,,,|||]Metagross||Leftovers|ClearBody|Agility,MeteorMash,Earthquake,Explosion|Adamant|168,252,,,,88|N||||]Swampert||Leftovers|Torrent|Surf,IceBeam,Protect,Toxic|Bold|252,,160,,96,|M|,0,,,,|||\",\"rating\":0}",">player p2 {\"name\":\"simb\",\"avatar\":\"101\",\"team\":\"Salamence||ChoiceBand|Intimidate|Earthquake,HiddenPowerFlying,BrickBreak,RockSlide|Adamant|120,252,,,,136|F|30,30,30,30,30,|||,Flying,,,,]Magneton||Magnet|MagnetPull|Thunderbolt,Toxic,HiddenPowerFire,Protect|Modest|4,,,252,,252|N|,2,,30,,30|||,Fire,,,,]Tyranitar||Leftovers|SandStream|Crunch,Pursuit,HiddenPowerGrass,FireBlast|Modest|240,,,188,48,32|F|,2,,30,,|||,Grass,,,,]Blissey||Leftovers|NaturalCure|SeismicToss,Wish,Protect,Toxic||4,,252,,252,|F|,0,,,,|||]Metagross||Leftovers|ClearBody|Agility,MeteorMash,Earthquake,Explosion|Adamant|168,252,,,,88|N||||]Swampert||Leftovers|Torrent|Surf,IceBeam,Protect,Toxic|Bold|252,,160,,96,|M|,0,,,,|||\",\"rating\":0}",">p1 switch 3",">p2 move earthquake",">p1 switch 4",">p2 move earthquake",">p1 switch 3",">p2 move earthquake",">p1 move rockslide",">p2 move earthquake",">p1 move rockslide",">p2 move earthquake",">p2 switch 2",">p1 switch 6",">p2 move thunderbolt",">p1 switch 3",">p2 move thunderbolt",">p1 move wish",">p2 move thunderbolt",">p1 move protect",">p2 move thunderbolt",">p1 switch 3",">p2 move thunderbolt",">p1 switch 3",">p2 move thunderbolt",">p1 move wish",">p2 move thunderbolt",">p1 move protect",">p2 move thunderbolt",">p1 switch 3",">p2 move thunderbolt",">p1 move protect",">p2 move thunderbolt",">p1 switch 3",">p2 move thunderbolt",">p1 switch 3",">p2 move thunderbolt",">p1 move surf",">p2 move thunderbolt",">p1 move surf",">p2 move thunderbolt",">p2 switch 3",">p1 switch 2",">p2 move crunch",">p1 switch 3",">p2 move crunch",">p1 move protect",">p2 move crunch",">p1 switch 2",">p2 move crunch",">p1 switch 2",">p2 move crunch",">p1 move wish",">p2 move crunch",">p1 move protect",">p2 move crunch",">p1 switch 5",">p2 move crunch",">p1 switch 6",">p2 move fireblast",">p1 move brickbreak",">p2 move crunch",">p2 switch 4",">p1 switch 2",">p2 move seismictoss",">p1 switch 2",">p2 move seismictoss",">p1 move brickbreak",">p2 move seismictoss",">p1 switch 6",">p2 switch 5",">p1 switch 3",">p2 move explosion",">p1 switch 2",">p2 switch 6",">p1 move protect",">p2 move surf",">p1 move toxic",">p2 move surf",">p1 move protect",">p2 move surf",">p1 move surf",">p2 move surf",">p1 move protect",">p2 move surf",">p1 move surf",">p2 move surf"],"log":["|j|☆thecrusher677","|j|☆simb","|t:|1749002588","|gametype|singles","|player|p1|thecrusher677|101|","|player|p2|simb|101|","|teamsize|p1|6","|teamsize|p2|6","|gen|3","|tier|[Gen 3] OU","|rule|Sleep Clause Mod: Limit one foe put to sleep","|rule|Switch Priority Clause Mod: Faster Pokémon switch first","|rule|Species Clause: Limit one of each Pokémon","|rule|OHKO Clause: OHKO moves are banned","|rule|Evasion Items Clause: Evasion items are banned","|rule|Evasion Moves Clause: Evasion moves are banned","|rule|Endless Battle Clause: Forcing endless battles is banned","|rule|HP Percentage Mod: HP is shown in percentages","|rule|One Boost Passer Clause: Limit one Baton Passer that has a way to boost its stats","|rule|Freeze Clause Mod: Limit one foe frozen","|","|t:|1749002588","|start","|switch|p1a: Salamence|Salamence, M|360/360","|switch|p2a: Salamence|Salamence, F|360/360","|-ability|p2a: Salamence|Intimidate|boost","|-unboost|p1a: Salamence|atk|1","|-ability|p1a: Salamence|Intimidate|boost","|-unboost|p2a: Salamence|atk|1","|turn|1","|l|☆simb","|player|p2|","|j|☆simb","|player|p2|simb|101|","|","|t:|1749002734","|switch|p1a: Tyranitar|Tyranitar, M|401/401","|-weather|Sandstorm|[from] ability: Sand Stream|[of] p1a: Tyranitar","|move|p2a: Salamence|Earthquake|p1a: Tyranitar","|-supereffective|p1a: Tyranitar","|-damage|p1a: Tyranitar|147/401","|","|-weather|Sandstorm|[upkeep]","|-damage|p2a: Salamence|338/360|[from] Sandstorm","|-heal|p1a: Tyranitar|172/401|[from] item: Leftovers","|upkeep","|turn|2","|l|☆simb","|player|p2|","|j|☆simb","|player|p2|simb|101|","|","|t:|1749002791","|switch|p1a: Blissey|Blissey, F|652/652","|move|p2a: Salamence|Earthquake|p1a: Blissey","|-damage|p1a: Blissey|395/652","|","|-weather|Sandstorm|[upkeep]","|-damage|p2a: Salamence|316/360|[from] Sandstorm","|-damage|p1a: Blissey|355/652|[from] Sandstorm","|-heal|p1a: Blissey|395/652|[from] item: Leftovers","|upkeep","|turn|3","|l|☆simb","|player|p2|","|j|☆simb","|player|p2|simb|101|","|","|t:|1749002953","|switch|p1a: Salamence|Salamence, M|360/360","|-ability|p1a: Salamence|Intimidate|boost","|-unboost|p2a: Salamence|atk|1","|move|p2a: Salamence|Earthquake|p1a: Salamence","|-immune|p1a: Salamence","|","|-weather|Sandstorm|[upkeep]","|-damage|p1a: Salamence|338/360|[from] Sandstorm","|-damage|p2a: Salamence|294/360|[from] Sandstorm","|upkeep","|turn|4","|","|t:|1749002984","|move|p1a: Salamence|Rock Slide|p2a: Salamence|[miss]","|-miss|p1a: Salamence|p2a: Salamence","|move|p2a: Salamence|Earthquake|p1a: Salamence","|-immune|p1a: Salamence","|","|-weather|Sandstorm|[upkeep]","|-damage|p2a: Salamence|272/360|[from] Sandstorm","|-damage|p1a: Salamence|316/360|[from] Sandstorm","|upkeep","|turn|5","|","|t:|1749003003","|move|p1a: Salamence|Rock Slide|p2a: Salamence","|-supereffective|p2a: Salamence","|-damage|p2a: Salamence|0 fnt","|faint|p2a: Salamence","|","|t:|1749003003","|switch|p2a: Magneton|Magneton|242/242","|","|-weather|Sandstorm|[upkeep]","|-damage|p1a: Salamence|294/360|[from] Sandstorm","|upkeep","|turn|6","|","|t:|1749003017","|switch|p1a: Swampert|Swampert, M|404/404","|move|p2a: Magneton|Thunderbolt|p1a: Swampert","|-immune|p1a: Swampert","|","|-weather|Sandstorm|[upkeep]","|upkeep","|turn|7","|","|t:|1749003189","|switch|p1a: Blissey|Blissey, F|395/652","|move|p2a: Magneton|Thunderbolt|p1a: Blissey","|-damage|p1a: Blissey|278/652","|","|-weather|Sandstorm|[upkeep]","|-damage|p1a: Blissey|238/652|[from] Sandstorm","|-heal|p1a: Blissey|278/652|[from] item: Leftovers","|upkeep","|turn|8","|","|t:|1749003288","|move|p2a: Magneton|Thunderbolt|p1a: Blissey","|-damage|p1a: Blissey|148/652","|move|p1a: Blissey|Wish|p1a: Blissey","|","|-weather|Sandstorm|[upkeep]","|-damage|p1a: Blissey|108/652|[from] Sandstorm","|-heal|p1a: Blissey|148/652|[from] item: Leftovers","|upkeep","|turn|9","|","|t:|1749003290","|move|p1a: Blissey|Protect|p1a: Blissey","|-singleturn|p1a: Blissey|Protect","|move|p2a: Magneton|Thunderbolt|p1a: Blissey","|-activate|p1a: Blissey|Protect","|","|-heal|p1a: Blissey|474/652|[from] move: Wish|[wisher] Blissey","|-weather|Sandstorm|[upkeep]","|-damage|p1a: Blissey|434/652|[from] Sandstorm","|-heal|p1a: Blissey|474/652|[from] item: Leftovers","|upkeep","|turn|10","|","|t:|1749003299","|switch|p1a: Swampert|Swampert, M|404/404","|move|p2a: Magneton|Thunderbolt|p1a: Swampert","|-immune|p1a: Swampert","|","|-weather|Sandstorm|[upkeep]","|upkeep","|turn|11","|","|t:|1749003320","|switch|p1a: Blissey|Blissey, F|474/652","|move|p2a: Magneton|Thunderbolt|p1a: Blissey","|-damage|p1a: Blissey|339/652","|","|-weather|Sandstorm|[upkeep]","|-damage|p1a: Blissey|299/652|[from] Sandstorm","|-heal|p1a: Blissey|339/652|[from] item: Leftovers","|upkeep","|turn|12","|","|t:|1749003328","|move|p2a: Magneton|Thunderbolt|p1a: Blissey","|-damage|p1a: Blissey|215/652","|-status|p1a: Blissey|par","|move|p1a: Blissey|Wish|p1a: Blissey","|","|-weather|Sandstorm|[upkeep]","|-damage|p1a: Blissey|175/652 par|[from] Sandstorm","|-heal|p1a: Blissey|215/652 par|[from] item: Leftovers","|upkeep","|turn|13","|","|t:|1749003330","|move|p1a: Blissey|Protect|p1a: Blissey","|-singleturn|p1a: Blissey|Protect","|move|p2a: Magneton|Thunderbolt|p1a: Blissey","|-activate|p1a: Blissey|Protect","|","|-heal|p1a: Blissey|541/652 par|[from] move: Wish|[wisher] Blissey","|-weather|Sandstorm|[upkeep]","|-damage|p1a: Blissey|501/652 par|[from] Sandstorm","|-heal|p1a: Blissey|541/652 par|[from] item: Leftovers","|upkeep","|turn|14","|","|t:|1749003337","|-curestatus|p1a: Blissey|par|[from] ability: Natural Cure","|switch|p1a: Swampert|Swampert, M|404/404","|move|p2a: Magneton|Thunderbolt|p1a: Swampert","|-immune|p1a: Swampert","|","|-weather|Sandstorm|[upkeep]","|upkeep","|turn|15","|","|t:|1749003445","|move|p1a: Swampert|Protect|p1a: Swampert","|-singleturn|p1a: Swampert|Protect","|move|p2a: Magneton|Thunderbolt|p1a: Swampert","|-activate|p1a: Swampert|Protect","|","|-weather|Sandstorm|[upkeep]","|upkeep","|turn|16","|","|t:|1749003475","|switch|p1a: Blissey|Blissey, F|541/652","|move|p2a: Magneton|Thunderbolt|p1a: Blissey","|-damage|p1a: Blissey|415/652","|","|-weather|Sandstorm|[upkeep]","|-damage|p1a: Blissey|375/652|[from] Sandstorm","|-heal|p1a: Blissey|415/652|[from] item: Leftovers","|upkeep","|turn|17","|","|t:|1749003495","|switch|p1a: Swampert|Swampert, M|404/404","|move|p2a: Magneton|Thunderbolt|p1a: Swampert","|-immune|p1a: Swampert","|","|-weather|Sandstorm|[upkeep]","|upkeep","|turn|18","|","|t:|1749003575","|move|p2a: Magneton|Thunderbolt|p1a: Swampert","|-immune|p1a: Swampert","|move|p1a: Swampert|Surf|p2a: Magneton","|-damage|p2a: Magneton|110/242","|","|-weather|Sandstorm|[upkeep]","|upkeep","|turn|19","|","|t:|1749003576","|move|p2a: Magneton|Thunderbolt|p1a: Swampert","|-immune|p1a: Swampert","|move|p1a: Swampert|Surf|p2a: Magneton","|-damage|p2a: Magneton|0 fnt","|faint|p2a: Magneton","|","|t:|1749003576","|switch|p2a: Tyranitar|Tyranitar, F|401/401","|","|-weather|Sandstorm|[upkeep]","|upkeep","|turn|20","|","|t:|1749003632","|switch|p1a: Magneton|Magneton|242/242","|move|p2a: Tyranitar|Crunch|p1a: Magneton","|-resisted|p1a: Magneton","|-damage|p1a: Magneton|164/242","|","|-weather|Sandstorm|[upkeep]","|upkeep","|turn|21","|","|t:|1749003872","|switch|p1a: Blissey|Blissey, F|415/652","|move|p2a: Tyranitar|Crunch|p1a: Blissey","|-damage|p1a: Blissey|342/652","|","|-weather|Sandstorm|[upkeep]","|-damage|p1a: Blissey|302/652|[from] Sandstorm","|-heal|p1a: Blissey|342/652|[from] item: Leftovers","|upkeep","|turn|22","|","|t:|1749003917","|move|p1a: Blissey|Protect|p1a: Blissey","|-singleturn|p1a: Blissey|Protect","|move|p2a: Tyranitar|Crunch|p1a: Blissey","|-activate|p1a: Blissey|Protect","|","|-weather|Sandstorm|[upkeep]","|-damage|p1a: Blissey|302/652|[from] Sandstorm","|-heal|p1a: Blissey|342/652|[from] item: Leftovers","|upkeep","|turn|23","|","|t:|1749004038","|switch|p1a: Swampert|Swampert, M|404/404","|move|p2a: Tyranitar|Crunch|p1a: Swampert","|-damage|p1a: Swampert|285/404","|","|-weather|Sandstorm|[upkeep]","|-heal|p1a: Swampert|310/404|[from] item: Leftovers","|upkeep","|turn|24","|","|t:|1749004077","|switch|p1a: Blissey|Blissey, F|342/652","|move|p2a: Tyranitar|Crunch|p1a: Blissey","|-damage|p1a: Blissey|259/652","|","|-weather|Sandstorm|[upkeep]","|-damage|p1a: Blissey|219/652|[from] Sandstorm","|-heal|p1a: Blissey|259/652|[from] item: Leftovers","|upkeep","|turn|25","|","|t:|1749004085","|move|p2a: Tyranitar|Crunch|p1a: Blissey","|-damage|p1a: Blissey|182/652","|-unboost|p1a: Blissey|spd|1","|move|p1a: Blissey|Wish|p1a: Blissey","|","|-weather|Sandstorm|[upkeep]","|-damage|p1a: Blissey|142/652|[from] Sandstorm","|-heal|p1a: Blissey|182/652|[from] item: Leftovers","|upkeep","|turn|26","|","|t:|1749004086","|move|p1a: Blissey|Protect|p1a: Blissey","|-singleturn|p1a: Blissey|Protect","|move|p2a: Tyranitar|Crunch|p1a: Blissey","|-activate|p1a: Blissey|Protect","|","|-heal|p1a: Blissey|508/652|[from] move: Wish|[wisher] Blissey","|-weather|Sandstorm|[upkeep]","|-damage|p1a: Blissey|468/652|[from] Sandstorm","|-heal|p1a: Blissey|508/652|[from] item: Leftovers","|upkeep","|turn|27","|","|t:|1749004088","|switch|p1a: Metagross|Metagross|343/343","|move|p2a: Tyranitar|Crunch|p1a: Metagross","|-damage|p1a: Metagross|207/343","|","|-weather|Sandstorm|[upkeep]","|-heal|p1a: Metagross|228/343|[from] item: Leftovers","|upkeep","|turn|28","|","|t:|1749004101","|switch|p1a: Salamence|Salamence, M|294/360","|-ability|p1a: Salamence|Intimidate|boost","|-unboost|p2a: Tyranitar|atk|1","|move|p2a: Tyranitar|Fire Blast|p1a: Salamence","|-resisted|p1a: Salamence","|-damage|p1a: Salamence|222/360","|","|-weather|Sandstorm|[upkeep]","|-damage|p1a: Salamence|200/360|[from] Sandstorm","|upkeep","|turn|29","|","|t:|1749004138","|move|p1a: Salamence|Brick Break|p2a: Tyranitar","|-supereffective|p2a: Tyranitar","|-damage|p2a: Tyranitar|0 fnt","|faint|p2a: Tyranitar","|","|t:|1749004138","|switch|p2a: Blissey|Blissey, F|652/652","|","|-weather|Sandstorm|[upkeep]","|-damage|p1a: Salamence|178/360|[from] Sandstorm","|-damage|p2a: Blissey|612/652|[from] Sandstorm","|-heal|p2a: Blissey|652/652|[from] item: Leftovers","|upkeep","|turn|30","|","|t:|1749004397","|switch|p1a: Swampert|Swampert, M|310/404","|move|p2a: Blissey|Seismic Toss|p1a: Swampert","|-damage|p1a: Swampert|210/404","|","|-weather|Sandstorm|[upkeep]","|-damage|p2a: Blissey|612/652|[from] Sandstorm","|-heal|p1a: Swampert|235/404|[from] item: Leftovers","|-heal|p2a: Blissey|652/652|[from] item: Leftovers","|upkeep","|turn|31","|","|t:|1749004434","|switch|p1a: Salamence|Salamence, M|178/360","|-ability|p1a: Salamence|Intimidate|boost","|-unboost|p2a: Blissey|atk|1","|move|p2a: Blissey|Seismic Toss|p1a: Salamence","|-damage|p1a: Salamence|78/360","|","|-weather|Sandstorm|[upkeep]","|-damage|p1a: Salamence|56/360|[from] Sandstorm","|-damage|p2a: Blissey|612/652|[from] Sandstorm","|-heal|p2a: Blissey|652/652|[from] item: Leftovers","|upkeep","|turn|32","|","|t:|1749004435","|move|p1a: Salamence|Brick Break|p2a: Blissey","|-supereffective|p2a: Blissey","|-damage|p2a: Blissey|34/652","|move|p2a: Blissey|Seismic Toss|p1a: Salamence","|-damage|p1a: Salamence|0 fnt","|faint|p1a: Salamence","|","|t:|1749004440","|switch|p1a: Metagross|Metagross|228/343","|","|-weather|Sandstorm|[upkeep]","|-damage|p2a: Blissey|0 fnt|[from] Sandstorm","|faint|p2a: Blissey","|-heal|p1a: Metagross|249/343|[from] item: Leftovers","|upkeep","|","|t:|1749004440","|switch|p2a: Metagross|Metagross|343/343","|turn|33","|","|t:|1749004468","|switch|p1a: Magneton|Magneton|164/242","|move|p2a: Metagross|Explosion|p1a: Magneton","|-resisted|p1a: Magneton","|-damage|p1a: Magneton|0 fnt","|faint|p2a: Metagross","|faint|p1a: Magneton","|","|t:|1749004473","|switch|p1a: Swampert|Swampert, M|235/404","|switch|p2a: Swampert|Swampert, M|404/404","|","|-weather|Sandstorm|[upkeep]","|-heal|p1a: Swampert|260/404|[from] item: Leftovers","|upkeep","|turn|34","|","|t:|1749004481","|move|p1a: Swampert|Protect|p1a: Swampert","|-singleturn|p1a: Swampert|Protect","|move|p2a: Swampert|Surf|p1a: Swampert","|-activate|p1a: Swampert|Protect","|","|-weather|Sandstorm|[upkeep]","|-heal|p1a: Swampert|285/404|[from] item: Leftovers","|upkeep","|turn|35","|","|t:|1749004482","|move|p1a: Swampert|Toxic|p2a: Swampert","|-status|p2a: Swampert|tox","|move|p2a: Swampert|Surf|p1a: Swampert","|-damage|p1a: Swampert|186/404","|","|-weather|Sandstorm|[upkeep]","|-heal|p1a: Swampert|211/404|[from] item: Leftovers","|-damage|p2a: Swampert|379/404 tox|[from] psn","|upkeep","|turn|36","|","|t:|1749004484","|move|p1a: Swampert|Protect|p1a: Swampert","|-singleturn|p1a: Swampert|Protect","|move|p2a: Swampert|Surf|p1a: Swampert","|-activate|p1a: Swampert|Protect","|","|-weather|Sandstorm|[upkeep]","|-heal|p2a: Swampert|404/404 tox|[from] item: Leftovers","|-heal|p1a: Swampert|236/404|[from] item: Leftovers","|-damage|p2a: Swampert|354/404 tox|[from] psn","|upkeep","|turn|37","|","|t:|1749004485","|move|p1a: Swampert|Surf|p2a: Swampert","|-damage|p2a: Swampert|252/404 tox","|move|p2a: Swampert|Surf|p1a: Swampert","|-damage|p1a: Swampert|145/404","|","|-weather|Sandstorm|[upkeep]","|-heal|p1a: Swampert|170/404|[from] item: Leftovers","|-heal|p2a: Swampert|277/404 tox|[from] item: Leftovers","|-damage|p2a: Swampert|202/404 tox|[from] psn","|upkeep","|turn|38","|","|t:|1749004486","|move|p1a: Swampert|Protect|p1a: Swampert","|-singleturn|p1a: Swampert|Protect","|move|p2a: Swampert|Surf|p1a: Swampert","|-activate|p1a: Swampert|Protect","|","|-weather|Sandstorm|[upkeep]","|-heal|p2a: Swampert|227/404 tox|[from] item: Leftovers","|-heal|p1a: Swampert|195/404|[from] item: Leftovers","|-damage|p2a: Swampert|127/404 tox|[from] psn","|upkeep","|turn|39","|","|t:|1749004487","|move|p1a: Swampert|Surf|p2a: Swampert","|-damage|p2a: Swampert|36/404 tox","|move|p2a: Swampert|Surf|p1a: Swampert","|-damage|p1a: Swampert|63/404","|","|-weather|Sandstorm|[upkeep]","|-heal|p2a: Swampert|61/404 tox|[from] item: Leftovers","|-heal|p1a: Swampert|88/404|[from] item: Leftovers","|-damage|p2a: Swampert|0 fnt|[from] psn","|faint|p2a: Swampert","|","|win|thecrusher677",""],"p1rating":null,"p2rating":null,"endType":"normal","ladderError":true,"timestamp":"Tue Jun 03 2025 19:34:47 GMT-0700 (アメリカ太平洋夏時間)","roomid":"battle-gen3ou-180","format":"gen3ou"}