{"winner":"foultestchallenge1","seed":"sodium,96ecfb0123392f1848472a1581385642","turns":74,"p1":"foultestchallenge1","p2":"foultestacceptor1","p1team":[{"name":"Zapdos","species":"Zapdos","item":"Leftovers","ability":"Pressure","moves":["Thunderbolt","Hidden Power Grass","Baton Pass","Roar"],"nature":"Modest","evs":{"hp":0,"atk":0,"def":0,"spa":220,"spd":48,"spe":240},"gender":"N","ivs":{"hp":31,"atk":2,"def":31,"spa":30,"spd":31,"spe":31},"happiness":255,"hpType":"Grass","pokeball":"","gigantamax":false,"dynamaxLevel":10,"teraType":"","level":100},{"name":"Metagross","species":"Metagross","item":"Choice Band","ability":"Clear Body","moves":["Meteor Mash","Explosion","Earthquake","Rock Slide"],"nature":"Adamant","evs":{"hp":128,"atk":252,"def":0,"spa":0,"spd":0,"spe":128},"gender":"N","level":100,"ivs":{"hp":31,"atk":31,"def":31,"spa":31,"spd":31,"spe":31}},{"name":"Celebi","species":"Celebi","item":"Leftovers","ability":"Natural Cure","moves":["Calm Mind","Giga Drain","Hidden Power Ice","Baton Pass"],"nature":"Timid","evs":{"hp":208,"atk":0,"def":84,"spa":36,"spd":0,"spe":180},"gender":"N","ivs":{"hp":31,"atk":3,"def":31,"spa":31,"spd":31,"spe":30},"happiness":255,"hpType":"Ice","pokeball":"","gigantamax":false,"dynamaxLevel":10,"teraType":"","level":100},{"name":"Gengar","species":"Gengar","item":"Leftovers","ability":"Levitate","moves":["Thunderbolt","Ice Punch","Giga Drain","Explosion"],"nature":"Timid","evs":{"hp":8,"atk":0,"def":200,"spa":116,"spd":0,"spe":184},"gender":"M","level":100,"ivs":{"hp":31,"atk":31,"def":31,"spa":31,"spd":31,"spe":31}},{"name":"Swampert","species":"Swampert","item":"Leftovers","ability":"Torrent","moves":["Hydro Pump","Earthquake","Ice Beam","Refresh"],"nature":"Quiet","evs":{"hp":240,"atk":0,"def":12,"spa":216,"spd":0,"spe":40},"gender":"F","level":100,"ivs":{"hp":31,"atk":31,"def":31,"spa":31,"spd":31,"spe":31}},{"name":"Charizard","species":"Charizard","item":"Leftovers","ability":"Blaze","moves":["Substitute","Hidden Power Grass","Fire Blast","Focus Punch"],"nature":"Mild","evs":{"hp":0,"atk":4,"def":0,"spa":252,"spd":0,"spe":252},"gender":"F","ivs":{"hp":31,"atk":30,"def":31,"spa":30,"spd":31,"spe":31},"happiness":255,"hpType":"Grass","pokeball":"","gigantamax":false,"dynamaxLevel":10,"teraType":"","level":100}],"p2team":[{"name":"Salamence","species":"Salamence","item":"Choice Band","ability":"Intimidate","moves":["Earthquake","Hidden Power Flying","Brick Break","Rock Slide"],"nature":"Adamant","evs":{"hp":120,"atk":252,"def":0,"spa":0,"spd":0,"spe":136},"gender":"F","ivs":{"hp":30,"atk":30,"def":30,"spa":30,"spd":30,"spe":31},"happiness":255,"hpType":"Flying","pokeball":"","gigantamax":false,"dynamaxLevel":10,"teraType":"","level":100},{"name":"Magneton","species":"Magneton","item":"Magnet","ability":"Magnet Pull","moves":["Thunderbolt","Toxic","Hidden Power Fire","Protect"],"nature":"Modest","evs":{"hp":4,"atk":0,"def":0,"spa":252,"spd":0,"spe":252},"gender":"N","ivs":{"hp":31,"atk":2,"def":31,"spa":30,"spd":31,"spe":30},"happiness":255,"hpType":"Fire","pokeball":"","gigantamax":false,"dynamaxLevel":10,"teraType":"","level":100},{"name":"Tyranitar","species":"Tyranitar","item":"Leftovers","ability":"Sand Stream","moves":["Crunch","Pursuit","Hidden Power Grass","Fire Blast"],"nature":"Modest","evs":{"hp":240,"atk":0,"def":0,"spa":188,"spd":48,"spe":32},"gender":"F","ivs":{"hp":31,"atk":2,"def":31,"spa":30,"spd":31,"spe":31},"happiness":255,"hpType":"Grass","pokeball":"","gigantamax":false,"dynamaxLevel":10,"teraType":"","level":100},{"name":"Blissey","species":"Blissey","item":"Leftovers","ability":"Natural Cure","moves":["Seismic Toss","Wish","Protect","Toxic"],"nature":"","evs":{"hp":4,"atk":0,"def":252,"spa":0,"spd":252,"spe":0},"gender":"F","ivs":{"hp":31,"atk":0,"def":31,"spa":31,"spd":31,"spe":31},"level":100},{"name":"Metagross","species":"Metagross","item":"Leftovers","ability":"Clear Body","moves":["Agility","Meteor Mash","Earthquake","Explosion"],"nature":"Adamant","evs":{"hp":168,"atk":252,"def":0,"spa":0,"spd":0,"spe":88},"gender":"N","level":100,"ivs":{"hp":31,"atk":31,"def":31,"spa":31,"spd":31,"spe":31}},{"name":"Swampert","species":"Swampert","item":"Leftovers","ability":"Torrent","moves":["Surf","Ice Beam","Protect","Toxic"],"nature":"Bold","evs":{"hp":252,"atk":0,"def":160,"spa":0,"spd":96,"spe":0},"gender":"M","ivs":{"hp":31,"atk":0,"def":31,"spa":31,"spd":31,"spe":31},"level":100}],"score":[3,0],"inputLog":[">version 372d05e49c92a79eecdf6c8dddb208bd1765c00f",">start {\"formatid\":\"gen3ou\",\"seed\":\"sodium,96ecfb0123392f1848472a1581385642\"}",">player p1 {\"name\":\"foultestchallenge1\",\"avatar\":\"1\",\"team\":\"Zapdos||Leftovers|Pressure|Thunderbolt,HiddenPowerGrass,BatonPass,Roar|Modest|,,,220,48,240|N|,2,,30,,|||,Grass,,,,]Metagross||ChoiceBand|ClearBody|MeteorMash,Explosion,Earthquake,RockSlide|Adamant|128,252,,,,128|N||||]Celebi||Leftovers|NaturalCure|CalmMind,GigaDrain,HiddenPowerIce,BatonPass|Timid|208,,84,36,,180|N|,3,,,,30|||,Ice,,,,]Gengar||Leftovers|Levitate|Thunderbolt,IcePunch,GigaDrain,Explosion|Timid|8,,200,116,,184|M||||]Swampert||Leftovers|Torrent|HydroPump,Earthquake,IceBeam,Refresh|Quiet|240,,12,216,,40|F||||]Charizard||Leftovers|Blaze|Substitute,HiddenPowerGrass,FireBlast,FocusPunch|Mild|,4,,252,,252|F|,30,,30,,|||,Grass,,,,\",\"rating\":0}",">player p2 {\"name\":\"foultestacceptor1\",\"avatar\":\"169\",\"team\":\"Salamence||ChoiceBand|Intimidate|Earthquake,HiddenPowerFlying,BrickBreak,RockSlide|Adamant|120,252,,,,136|F|30,30,30,30,30,|||,Flying,,,,]Magneton||Magnet|MagnetPull|Thunderbolt,Toxic,HiddenPowerFire,Protect|Modest|4,,,252,,252|N|,2,,30,,30|||,Fire,,,,]Tyranitar||Leftovers|SandStream|Crunch,Pursuit,HiddenPowerGrass,FireBlast|Modest|240,,,188,48,32|F|,2,,30,,|||,Grass,,,,]Blissey||Leftovers|NaturalCure|SeismicToss,Wish,Protect,Toxic||4,,252,,252,|F|,0,,,,|||]Metagross||Leftovers|ClearBody|Agility,MeteorMash,Earthquake,Explosion|Adamant|168,252,,,,88|N||||]Swampert||Leftovers|Torrent|Surf,IceBeam,Protect,Toxic|Bold|252,,160,,96,|M|,0,,,,|||\",\"rating\":0}",">p1 move thunderbolt",">p2 move rockslide",">p1 switch 3",">p1 move calmmind",">p2 switch 5",">p1 move batonpass",">p2 move meteormash",">p1 switch 6",">p1 move fireblast",">p2 switch 4",">p1 move focuspunch",">p2 move toxic",">p1 move fireblast",">p2 move protect",">p1 move fireblast",">p2 switch 3",">p1 move fireblast",">p2 switch 6",">p1 move hiddenpower",">p2 move protect",">p1 move hiddenpower",">p2 switch 5",">p1 move fireblast",">p2 switch 5",">p1 move hiddenpower",">p2 move protect",">p1 move hiddenpower",">p2 switch 5",">p1 move fireblast",">p2 move hiddenpower",">p2 switch 3",">p1 move fireblast",">p2 move protect",">p1 move fireblast",">p2 switch 5",">p1 switch 2",">p2 switch 4",">p1 move earthquake",">p2 move earthquake",">p1 move earthquake",">p2 switch 4",">p2 switch 2",">p1 move earthquake",">p2 move hiddenpower",">p1 switch 5",">p1 move earthquake",">p2 switch 6",">p2 switch 4",">p1 move earthquake",">p2 move explosion",">p1 switch 6",">p2 switch 6",">p1 move calmmind",">p2 move thunderbolt",">p1 move calmmind",">p2 move toxic",">p1 move gigadrain",">p2 move protect",">p1 move batonpass",">p2 switch 5",">p1 switch 4",">p1 move icepunch",">p2 move protect",">p1 move thunderbolt",">p2 move wish",">p1 move thunderbolt",">p2 move protect",">p1 move thunderbolt",">p2 move wish",">p1 move thunderbolt",">p2 move protect",">p1 move icepunch",">p2 move wish",">p1 move thunderbolt",">p2 move wish",">p1 move thunderbolt",">p2 move wish",">p1 move thunderbolt",">p2 move wish",">p1 move icepunch",">p2 move protect",">p1 move icepunch",">p2 move wish",">p1 move icepunch",">p2 move protect",">p1 move thunderbolt",">p2 move wish",">p1 move icepunch",">p2 move protect",">p1 move thunderbolt",">p2 move wish",">p1 move icepunch",">p2 move protect",">p1 move thunderbolt",">p2 move wish",">p1 move icepunch",">p2 move protect",">p1 move thunderbolt",">p2 move wish",">p1 move thunderbolt",">p2 move protect",">p1 move thunderbolt",">p2 move wish",">p1 move icepunch",">p2 move protect",">p1 move thunderbolt",">p2 move wish",">p1 move thunderbolt",">p2 move protect",">p1 move icepunch",">p2 move wish",">p1 move icepunch",">p2 move protect",">p1 move icepunch",">p2 move wish",">p1 move icepunch",">p2 move toxic",">p1 move icepunch",">p2 move wish",">p1 move icepunch",">p2 move protect",">p1 move thunderbolt",">p2 move protect",">p1 move thunderbolt",">p2 move toxic",">p1 move thunderbolt",">p2 move wish",">p1 move thunderbolt",">p2 move toxic",">p1 move icepunch",">p2 move wish",">p1 move icepunch",">p2 move toxic",">p1 move icepunch",">p2 move wish",">p1 move icepunch",">p2 switch 5",">p1 move icepunch",">p2 move protect",">p1 move icepunch",">p2 switch 5",">p1 move icepunch",">p2 move seismictoss",">p1 move gigadrain",">p2 move seismictoss",">p1 move thunderbolt",">p2 move toxic",">p2 switch 5",">p1 move thunderbolt",">p2 move protect",">p1 move thunderbolt",">p2 move protect",">p1 move thunderbolt",">p2 move protect",">p1 move thunderbolt",">p2 move protect",">p1 move icepunch",">p2 move protect"],"log":["|j|☆foultestchallenge1","|j|☆foultestacceptor1","|t:|1752967543","|gametype|singles","|player|p1|foultestchallenge1|1|","|player|p2|foultestacceptor1|169|","|teamsize|p1|6","|teamsize|p2|6","|gen|3","|tier|[Gen 3] OU","|rule|Sleep Clause Mod: Limit one foe put to sleep","|rule|Switch Priority Clause Mod: Faster Pokémon switch first","|rule|Species Clause: Limit one of each Pokémon","|rule|OHKO Clause: OHKO moves are banned","|rule|Evasion Items Clause: Evasion items are banned","|rule|Evasion Moves Clause: Evasion moves are banned","|rule|Endless Battle Clause: Forcing endless battles is banned","|rule|HP Percentage Mod: HP is shown in percentages","|rule|One Boost Passer Clause: Limit one Baton Passer that has a way to boost its stats","|rule|Freeze Clause Mod: Limit one foe frozen","|","|t:|1752967543","|start","|switch|p1a: Zapdos|Zapdos|321/321","|switch|p2a: Salamence|Salamence, F|360/360","|-ability|p1a: Zapdos|Pressure|[silent]","|-ability|p2a: Salamence|Intimidate|boost","|-unboost|p1a: Zapdos|atk|1","|turn|1","|inactive|Battle timer is ON: inactive players will automatically lose when time's up. (requested by foultestacceptor1)","|inactive|foultestchallenge1 also wants the timer to be on.","|","|t:|1752967551","|move|p1a: Zapdos|Thunderbolt|p2a: Salamence","|-damage|p2a: Salamence|163/360","|move|p2a: Salamence|Rock Slide|p1a: Zapdos","|-supereffective|p1a: Zapdos","|-crit|p1a: Zapdos","|-damage|p1a: Zapdos|0 fnt","|faint|p1a: Zapdos","||adding 5 to each for mid turn request","|","|t:|1752967559","|switch|p1a: Celebi|Celebi|393/393","|","|upkeep","|turn|2","||adding 10 for new turn","|","|t:|1752967567","|switch|p2a: Metagross|Metagross|343/343","|move|p1a: Celebi|Calm Mind|p1a: Celebi","|-boost|p1a: Celebi|spa|1","|-boost|p1a: Celebi|spd|1","|","|upkeep","|turn|3","||adding 10 for new turn","|","|t:|1752967574","|move|p1a: Celebi|Baton Pass|p1a: Celebi","||adding 5 to each for mid turn request","|","|t:|1752967582","|switch|p1a: Charizard|Charizard, F|297/297|[from] Baton Pass","|move|p2a: Metagross|Meteor Mash|p1a: Charizard","|-resisted|p1a: Charizard","|-damage|p1a: Charizard|163/297","|","|-heal|p1a: Charizard|181/297|[from] item: Leftovers","|upkeep","|turn|4","||adding 10 for new turn","|","|t:|1752967590","|switch|p2a: Blissey|Blissey, F|652/652","|move|p1a: Charizard|Fire Blast|p2a: Blissey","|-damage|p2a: Blissey|445/652","|","|-heal|p1a: Charizard|199/297|[from] item: Leftovers","|-heal|p2a: Blissey|485/652|[from] item: Leftovers","|upkeep","|turn|5","||adding 10 for new turn","|","|t:|1752967598","|-singleturn|p1a: Charizard|move: Focus Punch","|move|p2a: Blissey|Toxic|p1a: Charizard|[miss]","|-miss|p2a: Blissey|p1a: Charizard","|move|p1a: Charizard|Focus Punch|p2a: Blissey","|-supereffective|p2a: Blissey","|-damage|p2a: Blissey|93/652","|","|-heal|p1a: Charizard|217/297|[from] item: Leftovers","|-heal|p2a: Blissey|133/652|[from] item: Leftovers","|upkeep","|turn|6","||adding 10 for new turn","|","|t:|1752967605","|move|p2a: Blissey|Protect|p2a: Blissey","|-singleturn|p2a: Blissey|Protect","|move|p1a: Charizard|Fire Blast|p2a: Blissey","|-activate|p2a: Blissey|Protect","|","|-heal|p1a: Charizard|235/297|[from] item: Leftovers","|-heal|p2a: Blissey|173/652|[from] item: Leftovers","|upkeep","|turn|7","||adding 10 for new turn","|","|t:|1752967613","|switch|p2a: Tyranitar|Tyranitar, F|401/401","|-weather|Sandstorm|[from] ability: Sand Stream|[of] p2a: Tyranitar","|move|p1a: Charizard|Fire Blast|p2a: Tyranitar","|-resisted|p2a: Tyranitar","|-crit|p2a: Tyranitar","|-damage|p2a: Tyranitar|105/401","|","|-weather|Sandstorm|[upkeep]","|-damage|p1a: Charizard|217/297|[from] Sandstorm","|-heal|p1a: Charizard|235/297|[from] item: Leftovers","|-heal|p2a: Tyranitar|130/401|[from] item: Leftovers","|upkeep","|turn|8","||adding 10 for new turn","|","|t:|1752967621","|switch|p2a: Swampert|Swampert, M|404/404","|move|p1a: Charizard|Fire Blast|p2a: Swampert","|-resisted|p2a: Swampert","|-damage|p2a: Swampert|256/404","|","|-weather|Sandstorm|[upkeep]","|-damage|p1a: Charizard|217/297|[from] Sandstorm","|-heal|p1a: Charizard|235/297|[from] item: Leftovers","|-heal|p2a: Swampert|281/404|[from] item: Leftovers","|upkeep","|turn|9","||adding 10 for new turn","|","|t:|1752967629","|move|p2a: Swampert|Protect|p2a: Swampert","|-singleturn|p2a: Swampert|Protect","|move|p1a: Charizard|Hidden Power|p2a: Swampert","|-activate|p2a: Swampert|Protect","|","|-weather|Sandstorm|[upkeep]","|-damage|p1a: Charizard|217/297|[from] Sandstorm","|-heal|p1a: Charizard|235/297|[from] item: Leftovers","|-heal|p2a: Swampert|306/404|[from] item: Leftovers","|upkeep","|turn|10","||adding 10 for new turn","|","|t:|1752967637","|switch|p2a: Salamence|Salamence, F|163/360","|-ability|p2a: Salamence|Intimidate|boost","|-unboost|p1a: Charizard|atk|1","|move|p1a: Charizard|Hidden Power|p2a: Salamence","|-resisted|p2a: Salamence","|-damage|p2a: Salamence|126/360","|","|-weather|Sandstorm|[upkeep]","|-damage|p1a: Charizard|217/297|[from] Sandstorm","|-damage|p2a: Salamence|104/360|[from] Sandstorm","|-heal|p1a: Charizard|235/297|[from] item: Leftovers","|upkeep","|turn|11","||adding 10 for new turn","|","|t:|1752967644","|switch|p2a: Swampert|Swampert, M|306/404","|move|p1a: Charizard|Fire Blast|p2a: Swampert","|-resisted|p2a: Swampert","|-damage|p2a: Swampert|166/404","|","|-weather|Sandstorm|[upkeep]","|-damage|p1a: Charizard|217/297|[from] Sandstorm","|-heal|p1a: Charizard|235/297|[from] item: Leftovers","|-heal|p2a: Swampert|191/404|[from] item: Leftovers","|upkeep","|turn|12","||adding 10 for new turn","|","|t:|1752967652","|move|p2a: Swampert|Protect|p2a: Swampert","|-singleturn|p2a: Swampert|Protect","|move|p1a: Charizard|Hidden Power|p2a: Swampert","|-activate|p2a: Swampert|Protect","|","|-weather|Sandstorm|[upkeep]","|-damage|p1a: Charizard|217/297|[from] Sandstorm","|-heal|p1a: Charizard|235/297|[from] item: Leftovers","|-heal|p2a: Swampert|216/404|[from] item: Leftovers","|upkeep","|turn|13","||adding 10 for new turn","|","|t:|1752967660","|switch|p2a: Salamence|Salamence, F|104/360","|-ability|p2a: Salamence|Intimidate|boost","|-unboost|p1a: Charizard|atk|1","|move|p1a: Charizard|Hidden Power|p2a: Salamence","|-resisted|p2a: Salamence","|-damage|p2a: Salamence|68/360","|","|-weather|Sandstorm|[upkeep]","|-damage|p1a: Charizard|217/297|[from] Sandstorm","|-damage|p2a: Salamence|46/360|[from] Sandstorm","|-heal|p1a: Charizard|235/297|[from] item: Leftovers","|upkeep","|turn|14","||adding 10 for new turn","|","|t:|1752967667","|move|p1a: Charizard|Fire Blast|p2a: Salamence","|-resisted|p2a: Salamence","|-damage|p2a: Salamence|0 fnt","|faint|p2a: Salamence","||adding 5 to each for mid turn request","|","|t:|1752967671","|switch|p2a: Blissey|Blissey, F|173/652","|","|-weather|Sandstorm|[upkeep]","|-damage|p1a: Charizard|217/297|[from] Sandstorm","|-damage|p2a: Blissey|133/652|[from] Sandstorm","|-heal|p1a: Charizard|235/297|[from] item: Leftovers","|-heal|p2a: Blissey|173/652|[from] item: Leftovers","|upkeep","|turn|15","||adding 10 for new turn","|","|t:|1752967679","|move|p2a: Blissey|Protect|p2a: Blissey","|-singleturn|p2a: Blissey|Protect","|move|p1a: Charizard|Fire Blast|p2a: Blissey","|-activate|p2a: Blissey|Protect","|","|-weather|Sandstorm|[upkeep]","|-damage|p1a: Charizard|217/297|[from] Sandstorm","|-damage|p2a: Blissey|133/652|[from] Sandstorm","|-heal|p1a: Charizard|235/297|[from] item: Leftovers","|-heal|p2a: Blissey|173/652|[from] item: Leftovers","|upkeep","|turn|16","||adding 10 for new turn","|","|t:|1752967686","|switch|p2a: Swampert|Swampert, M|216/404","|move|p1a: Charizard|Fire Blast|p2a: Swampert","|-resisted|p2a: Swampert","|-damage|p2a: Swampert|76/404","|-status|p2a: Swampert|brn","|","|-weather|Sandstorm|[upkeep]","|-damage|p1a: Charizard|217/297|[from] Sandstorm","|-heal|p1a: Charizard|235/297|[from] item: Leftovers","|-heal|p2a: Swampert|101/404 brn|[from] item: Leftovers","|-damage|p2a: Swampert|51/404 brn|[from] brn","|upkeep","|turn|17","||adding 10 for new turn","|","|t:|1752967694","|switch|p1a: Metagross|Metagross|333/333","|switch|p2a: Metagross|Metagross|343/343","|","|-weather|Sandstorm|[upkeep]","|upkeep","|turn|18","||adding 10 for new turn","|","|t:|1752967702","|move|p1a: Metagross|Earthquake|p2a: Metagross","|-supereffective|p2a: Metagross","|-damage|p2a: Metagross|16/343","|move|p2a: Metagross|Earthquake|p1a: Metagross","|-supereffective|p1a: Metagross","|-damage|p1a: Metagross|106/333","|","|-weather|Sandstorm|[upkeep]","|-heal|p2a: Metagross|37/343|[from] item: Leftovers","|upkeep","|turn|19","||adding 10 for new turn","|","|t:|1752967710","|switch|p2a: Swampert|Swampert, M|51/404 brn","|move|p1a: Metagross|Earthquake|p2a: Swampert","|-damage|p2a: Swampert|0 fnt","|faint|p2a: Swampert","||adding 5 to each for mid turn request","|","|t:|1752967717","|switch|p2a: Magneton|Magneton|242/242","|","|-weather|Sandstorm|[upkeep]","|upkeep","|turn|20","||adding 10 for new turn","|","|t:|1752967724","|move|p2a: Magneton|Hidden Power|p1a: Metagross","|-supereffective|p1a: Metagross","|-damage|p1a: Metagross|0 fnt","|faint|p1a: Metagross","||adding 5 to each for mid turn request","|","|t:|1752967732","|switch|p1a: Swampert|Swampert, F|401/401","|","|-weather|Sandstorm|[upkeep]","|upkeep","|turn|21","||adding 10 for new turn","|","|t:|1752967740","|switch|p2a: Tyranitar|Tyranitar, F|130/401","|move|p1a: Swampert|Earthquake|p2a: Tyranitar","|-supereffective|p2a: Tyranitar","|-damage|p2a: Tyranitar|0 fnt","|faint|p2a: Tyranitar","||adding 5 to each for mid turn request","|","|t:|1752967747","|switch|p2a: Metagross|Metagross|37/343","|","|-weather|Sandstorm|[upkeep]","|-heal|p2a: Metagross|58/343|[from] item: Leftovers","|upkeep","|turn|22","||adding 10 for new turn","|","|t:|1752967755","|move|p2a: Metagross|Explosion|p1a: Swampert","|-crit|p1a: Swampert","|-damage|p1a: Swampert|0 fnt","|faint|p2a: Metagross","|faint|p1a: Swampert","||adding 5 to each for mid turn request","|","|t:|1752967762","|switch|p2a: Magneton|Magneton|242/242","|switch|p1a: Celebi|Celebi|393/393","|","|-weather|Sandstorm|[upkeep]","|-damage|p1a: Celebi|369/393|[from] Sandstorm","|-heal|p1a: Celebi|393/393|[from] item: Leftovers","|upkeep","|turn|23","||adding 10 for new turn","|","|t:|1752967770","|move|p1a: Celebi|Calm Mind|p1a: Celebi","|-boost|p1a: Celebi|spa|1","|-boost|p1a: Celebi|spd|1","|move|p2a: Magneton|Thunderbolt|p1a: Celebi","|-resisted|p1a: Celebi","|-crit|p1a: Celebi","|-damage|p1a: Celebi|204/393","|","|-weather|Sandstorm|[upkeep]","|-damage|p1a: Celebi|180/393|[from] Sandstorm","|-heal|p1a: Celebi|204/393|[from] item: Leftovers","|upkeep","|turn|24","||adding 10 for new turn","|","|t:|1752967778","|move|p1a: Celebi|Calm Mind|p1a: Celebi","|-boost|p1a: Celebi|spa|1","|-boost|p1a: Celebi|spd|1","|move|p2a: Magneton|Toxic|p1a: Celebi","|-status|p1a: Celebi|tox","|","|-weather|Sandstorm|[upkeep]","|-damage|p1a: Celebi|180/393 tox|[from] Sandstorm","|-heal|p1a: Celebi|204/393 tox|[from] item: Leftovers","|-damage|p1a: Celebi|180/393 tox|[from] psn","|upkeep","|turn|25","||adding 10 for new turn","|","|t:|1752967785","|move|p2a: Magneton|Protect|p2a: Magneton","|-singleturn|p2a: Magneton|Protect","|move|p1a: Celebi|Giga Drain|p2a: Magneton","|-activate|p2a: Magneton|Protect","|","|-weather|Sandstorm|[upkeep]","|-damage|p1a: Celebi|156/393 tox|[from] Sandstorm","|-heal|p1a: Celebi|180/393 tox|[from] item: Leftovers","|-damage|p1a: Celebi|132/393 tox|[from] psn","|upkeep","|turn|26","||adding 10 for new turn","|","|t:|1752967789","|switch|p2a: Blissey|Blissey, F|173/652","|move|p1a: Celebi|Baton Pass|p1a: Celebi","||adding 5 to each for mid turn request","|","|t:|1752967796","|-curestatus|p1a: Celebi|tox|[from] ability: Natural Cure","|switch|p1a: Gengar|Gengar, M|263/263|[from] Baton Pass","|","|-weather|Sandstorm|[upkeep]","|-damage|p1a: Gengar|247/263|[from] Sandstorm","|-damage|p2a: Blissey|133/652|[from] Sandstorm","|-heal|p1a: Gengar|263/263|[from] item: Leftovers","|-heal|p2a: Blissey|173/652|[from] item: Leftovers","|upkeep","|turn|27","||adding 10 for new turn","|","|t:|1752967804","|move|p2a: Blissey|Protect|p2a: Blissey","|-singleturn|p2a: Blissey|Protect","|move|p1a: Gengar|Ice Punch|p2a: Blissey","|-activate|p2a: Blissey|Protect","|","|-weather|Sandstorm|[upkeep]","|-damage|p1a: Gengar|247/263|[from] Sandstorm","|-damage|p2a: Blissey|133/652|[from] Sandstorm","|-heal|p1a: Gengar|263/263|[from] item: Leftovers","|-heal|p2a: Blissey|173/652|[from] item: Leftovers","|upkeep","|turn|28","||adding 10 for new turn","|","|t:|1752967811","|move|p1a: Gengar|Thunderbolt|p2a: Blissey","|-damage|p2a: Blissey|43/652","|move|p2a: Blissey|Wish|p2a: Blissey","|","|-weather|Sandstorm|[upkeep]","|-damage|p1a: Gengar|247/263|[from] Sandstorm","|-damage|p2a: Blissey|3/652|[from] Sandstorm","|-heal|p1a: Gengar|263/263|[from] item: Leftovers","|-heal|p2a: Blissey|43/652|[from] item: Leftovers","|upkeep","|turn|29","||adding 10 for new turn","|","|t:|1752967819","|move|p2a: Blissey|Protect|p2a: Blissey","|-singleturn|p2a: Blissey|Protect","|move|p1a: Gengar|Thunderbolt|p2a: Blissey","|-activate|p2a: Blissey|Protect","|","|-heal|p2a: Blissey|369/652|[from] move: Wish|[wisher] Blissey","|-weather|Sandstorm|[upkeep]","|-damage|p1a: Gengar|247/263|[from] Sandstorm","|-damage|p2a: Blissey|329/652|[from] Sandstorm","|-heal|p1a: Gengar|263/263|[from] item: Leftovers","|-heal|p2a: Blissey|369/652|[from] item: Leftovers","|upkeep","|turn|30","||adding 10 for new turn","|","|t:|1752967827","|move|p1a: Gengar|Thunderbolt|p2a: Blissey","|-damage|p2a: Blissey|247/652","|move|p2a: Blissey|Wish|p2a: Blissey","|","|-weather|Sandstorm|[upkeep]","|-damage|p1a: Gengar|247/263|[from] Sandstorm","|-damage|p2a: Blissey|207/652|[from] Sandstorm","|-heal|p1a: Gengar|263/263|[from] item: Leftovers","|-heal|p2a: Blissey|247/652|[from] item: Leftovers","|upkeep","|turn|31","||adding 10 for new turn","|","|t:|1752967834","|move|p2a: Blissey|Protect|p2a: Blissey","|-singleturn|p2a: Blissey|Protect","|move|p1a: Gengar|Thunderbolt|p2a: Blissey","|-activate|p2a: Blissey|Protect","|","|-heal|p2a: Blissey|573/652|[from] move: Wish|[wisher] Blissey","|-weather|Sandstorm|[upkeep]","|-damage|p1a: Gengar|247/263|[from] Sandstorm","|-damage|p2a: Blissey|533/652|[from] Sandstorm","|-heal|p1a: Gengar|263/263|[from] item: Leftovers","|-heal|p2a: Blissey|573/652|[from] item: Leftovers","|upkeep","|turn|32","||adding 10 for new turn","|","|t:|1752967842","|move|p1a: Gengar|Ice Punch|p2a: Blissey","|-damage|p2a: Blissey|474/652","|-status|p2a: Blissey|frz","|cant|p2a: Blissey|frz","|","|-weather|Sandstorm|[upkeep]","|-damage|p1a: Gengar|247/263|[from] Sandstorm","|-damage|p2a: Blissey|434/652 frz|[from] Sandstorm","|-heal|p1a: Gengar|263/263|[from] item: Leftovers","|-heal|p2a: Blissey|474/652 frz|[from] item: Leftovers","|upkeep","|turn|33","||adding 10 for new turn","|","|t:|1752967850","|move|p1a: Gengar|Thunderbolt|p2a: Blissey","|-damage|p2a: Blissey|332/652 frz","|cant|p2a: Blissey|frz","|","|-weather|Sandstorm|[upkeep]","|-damage|p1a: Gengar|247/263|[from] Sandstorm","|-damage|p2a: Blissey|292/652 frz|[from] Sandstorm","|-heal|p1a: Gengar|263/263|[from] item: Leftovers","|-heal|p2a: Blissey|332/652 frz|[from] item: Leftovers","|upkeep","|turn|34","||adding 10 for new turn","|","|t:|1752967857","|move|p1a: Gengar|Thunderbolt|p2a: Blissey","|-damage|p2a: Blissey|210/652 frz","|cant|p2a: Blissey|frz","|","|-weather|Sandstorm|[upkeep]","|-damage|p1a: Gengar|247/263|[from] Sandstorm","|-damage|p2a: Blissey|170/652 frz|[from] Sandstorm","|-heal|p1a: Gengar|263/263|[from] item: Leftovers","|-heal|p2a: Blissey|210/652 frz|[from] item: Leftovers","|upkeep","|turn|35","||adding 10 for new turn","|","|t:|1752967865","|move|p1a: Gengar|Thunderbolt|p2a: Blissey","|-damage|p2a: Blissey|90/652 frz","|-curestatus|p2a: Blissey|frz|[msg]","|move|p2a: Blissey|Wish|p2a: Blissey","|","|-weather|Sandstorm|[upkeep]","|-damage|p1a: Gengar|247/263|[from] Sandstorm","|-damage|p2a: Blissey|50/652|[from] Sandstorm","|-heal|p1a: Gengar|263/263|[from] item: Leftovers","|-heal|p2a: Blissey|90/652|[from] item: Leftovers","|upkeep","|turn|36","||adding 10 for new turn","|","|t:|1752967872","|move|p2a: Blissey|Protect|p2a: Blissey","|-singleturn|p2a: Blissey|Protect","|move|p1a: Gengar|Ice Punch|p2a: Blissey","|-activate|p2a: Blissey|Protect","|","|-heal|p2a: Blissey|416/652|[from] move: Wish|[wisher] Blissey","|-weather|Sandstorm|[upkeep]","|-damage|p1a: Gengar|247/263|[from] Sandstorm","|-damage|p2a: Blissey|376/652|[from] Sandstorm","|-heal|p1a: Gengar|263/263|[from] item: Leftovers","|-heal|p2a: Blissey|416/652|[from] item: Leftovers","|upkeep","|turn|37","||adding 10 for new turn","|","|t:|1752967880","|move|p1a: Gengar|Ice Punch|p2a: Blissey","|-damage|p2a: Blissey|318/652","|move|p2a: Blissey|Wish|p2a: Blissey","|","|-weather|Sandstorm|[upkeep]","|-damage|p1a: Gengar|247/263|[from] Sandstorm","|-damage|p2a: Blissey|278/652|[from] Sandstorm","|-heal|p1a: Gengar|263/263|[from] item: Leftovers","|-heal|p2a: Blissey|318/652|[from] item: Leftovers","|upkeep","|turn|38","||adding 10 for new turn","|","|t:|1752967888","|move|p2a: Blissey|Protect|p2a: Blissey","|-singleturn|p2a: Blissey|Protect","|move|p1a: Gengar|Ice Punch|p2a: Blissey","|-activate|p2a: Blissey|Protect","|","|-heal|p2a: Blissey|644/652|[from] move: Wish|[wisher] Blissey","|-weather|Sandstorm|[upkeep]","|-damage|p1a: Gengar|247/263|[from] Sandstorm","|-damage|p2a: Blissey|604/652|[from] Sandstorm","|-heal|p1a: Gengar|263/263|[from] item: Leftovers","|-heal|p2a: Blissey|644/652|[from] item: Leftovers","|upkeep","|turn|39","||adding 10 for new turn","|","|t:|1752967895","|move|p1a: Gengar|Thunderbolt|p2a: Blissey","|-damage|p2a: Blissey|524/652","|move|p2a: Blissey|Wish|p2a: Blissey","|","|-weather|Sandstorm|[upkeep]","|-damage|p1a: Gengar|247/263|[from] Sandstorm","|-damage|p2a: Blissey|484/652|[from] Sandstorm","|-heal|p1a: Gengar|263/263|[from] item: Leftovers","|-heal|p2a: Blissey|524/652|[from] item: Leftovers","|upkeep","|turn|40","||adding 10 for new turn","|","|t:|1752967903","|move|p2a: Blissey|Protect|p2a: Blissey","|-singleturn|p2a: Blissey|Protect","|move|p1a: Gengar|Ice Punch|p2a: Blissey","|-activate|p2a: Blissey|Protect","|","|-heal|p2a: Blissey|652/652|[from] move: Wish|[wisher] Blissey","|-weather|Sandstorm|[upkeep]","|-damage|p1a: Gengar|247/263|[from] Sandstorm","|-damage|p2a: Blissey|612/652|[from] Sandstorm","|-heal|p1a: Gengar|263/263|[from] item: Leftovers","|-heal|p2a: Blissey|652/652|[from] item: Leftovers","|upkeep","|turn|41","||adding 10 for new turn","|","|t:|1752967910","|move|p1a: Gengar|Thunderbolt|p2a: Blissey","|-damage|p2a: Blissey|516/652","|move|p2a: Blissey|Wish|p2a: Blissey","|","|-weather|Sandstorm|[upkeep]","|-damage|p1a: Gengar|247/263|[from] Sandstorm","|-damage|p2a: Blissey|476/652|[from] Sandstorm","|-heal|p1a: Gengar|263/263|[from] item: Leftovers","|-heal|p2a: Blissey|516/652|[from] item: Leftovers","|upkeep","|turn|42","||adding 10 for new turn","|","|t:|1752967918","|move|p2a: Blissey|Protect|p2a: Blissey","|-singleturn|p2a: Blissey|Protect","|move|p1a: Gengar|Ice Punch|p2a: Blissey","|-activate|p2a: Blissey|Protect","|","|-heal|p2a: Blissey|652/652|[from] move: Wish|[wisher] Blissey","|-weather|Sandstorm|[upkeep]","|-damage|p1a: Gengar|247/263|[from] Sandstorm","|-damage|p2a: Blissey|612/652|[from] Sandstorm","|-heal|p1a: Gengar|263/263|[from] item: Leftovers","|-heal|p2a: Blissey|652/652|[from] item: Leftovers","|upkeep","|turn|43","||adding 10 for new turn","|","|t:|1752967925","|move|p1a: Gengar|Thunderbolt|p2a: Blissey","|-damage|p2a: Blissey|528/652","|move|p2a: Blissey|Wish|p2a: Blissey","|","|-weather|Sandstorm|[upkeep]","|-damage|p1a: Gengar|247/263|[from] Sandstorm","|-damage|p2a: Blissey|488/652|[from] Sandstorm","|-heal|p1a: Gengar|263/263|[from] item: Leftovers","|-heal|p2a: Blissey|528/652|[from] item: Leftovers","|upkeep","|turn|44","||adding 10 for new turn","|","|t:|1752967933","|move|p2a: Blissey|Protect|p2a: Blissey","|-singleturn|p2a: Blissey|Protect","|move|p1a: Gengar|Ice Punch|p2a: Blissey","|-activate|p2a: Blissey|Protect","|","|-heal|p2a: Blissey|652/652|[from] move: Wish|[wisher] Blissey","|-weather|Sandstorm|[upkeep]","|-damage|p1a: Gengar|247/263|[from] Sandstorm","|-damage|p2a: Blissey|612/652|[from] Sandstorm","|-heal|p1a: Gengar|263/263|[from] item: Leftovers","|-heal|p2a: Blissey|652/652|[from] item: Leftovers","|upkeep","|turn|45","||adding 10 for new turn","|","|t:|1752967941","|move|p1a: Gengar|Thunderbolt|p2a: Blissey","|-damage|p2a: Blissey|523/652","|move|p2a: Blissey|Wish|p2a: Blissey","|","|-weather|Sandstorm|[upkeep]","|-damage|p1a: Gengar|247/263|[from] Sandstorm","|-damage|p2a: Blissey|483/652|[from] Sandstorm","|-heal|p1a: Gengar|263/263|[from] item: Leftovers","|-heal|p2a: Blissey|523/652|[from] item: Leftovers","|upkeep","|turn|46","||adding 10 for new turn","|","|t:|1752967948","|move|p2a: Blissey|Protect|p2a: Blissey","|-singleturn|p2a: Blissey|Protect","|move|p1a: Gengar|Thunderbolt|p2a: Blissey","|-activate|p2a: Blissey|Protect","|","|-heal|p2a: Blissey|652/652|[from] move: Wish|[wisher] Blissey","|-weather|Sandstorm|[upkeep]","|-damage|p1a: Gengar|247/263|[from] Sandstorm","|-damage|p2a: Blissey|612/652|[from] Sandstorm","|-heal|p1a: Gengar|263/263|[from] item: Leftovers","|-heal|p2a: Blissey|652/652|[from] item: Leftovers","|upkeep","|turn|47","||adding 10 for new turn","|","|t:|1752967956","|move|p1a: Gengar|Thunderbolt|p2a: Blissey","|-damage|p2a: Blissey|532/652","|move|p2a: Blissey|Wish|p2a: Blissey","|","|-weather|Sandstorm|[upkeep]","|-damage|p1a: Gengar|247/263|[from] Sandstorm","|-damage|p2a: Blissey|492/652|[from] Sandstorm","|-heal|p1a: Gengar|263/263|[from] item: Leftovers","|-heal|p2a: Blissey|532/652|[from] item: Leftovers","|upkeep","|turn|48","||adding 10 for new turn","|","|t:|1752967963","|move|p2a: Blissey|Protect|p2a: Blissey","|-singleturn|p2a: Blissey|Protect","|move|p1a: Gengar|Ice Punch|p2a: Blissey","|-activate|p2a: Blissey|Protect","|","|-heal|p2a: Blissey|652/652|[from] move: Wish|[wisher] Blissey","|-weather|Sandstorm|[upkeep]","|-damage|p1a: Gengar|247/263|[from] Sandstorm","|-damage|p2a: Blissey|612/652|[from] Sandstorm","|-heal|p1a: Gengar|263/263|[from] item: Leftovers","|-heal|p2a: Blissey|652/652|[from] item: Leftovers","|upkeep","|turn|49","||adding 10 for new turn","|","|t:|1752967971","|move|p1a: Gengar|Thunderbolt|p2a: Blissey","|-crit|p2a: Blissey","|-damage|p2a: Blissey|400/652","|move|p2a: Blissey|Wish|p2a: Blissey","|","|-weather|Sandstorm|[upkeep]","|-damage|p1a: Gengar|247/263|[from] Sandstorm","|-damage|p2a: Blissey|360/652|[from] Sandstorm","|-heal|p1a: Gengar|263/263|[from] item: Leftovers","|-heal|p2a: Blissey|400/652|[from] item: Leftovers","|upkeep","|turn|50","||adding 10 for new turn","|","|t:|1752967979","|move|p2a: Blissey|Protect|p2a: Blissey","|-singleturn|p2a: Blissey|Protect","|move|p1a: Gengar|Thunderbolt|p2a: Blissey","|-activate|p2a: Blissey|Protect","|","|-heal|p2a: Blissey|652/652|[from] move: Wish|[wisher] Blissey","|-weather|Sandstorm|[upkeep]","|-damage|p1a: Gengar|247/263|[from] Sandstorm","|-damage|p2a: Blissey|612/652|[from] Sandstorm","|-heal|p1a: Gengar|263/263|[from] item: Leftovers","|-heal|p2a: Blissey|652/652|[from] item: Leftovers","|upkeep","|turn|51","||adding 10 for new turn","|","|t:|1752967986","|move|p1a: Gengar|Ice Punch|p2a: Blissey","|-damage|p2a: Blissey|540/652","|-status|p2a: Blissey|frz","|-curestatus|p2a: Blissey|frz|[msg]","|move|p2a: Blissey|Wish|p2a: Blissey","|","|-weather|Sandstorm|[upkeep]","|-damage|p1a: Gengar|247/263|[from] Sandstorm","|-damage|p2a: Blissey|500/652|[from] Sandstorm","|-heal|p1a: Gengar|263/263|[from] item: Leftovers","|-heal|p2a: Blissey|540/652|[from] item: Leftovers","|upkeep","|turn|52","||adding 10 for new turn","|","|t:|1752967994","|move|p2a: Blissey|Protect|p2a: Blissey","|-singleturn|p2a: Blissey|Protect","|move|p1a: Gengar|Ice Punch|p2a: Blissey","|-activate|p2a: Blissey|Protect","|","|-heal|p2a: Blissey|652/652|[from] move: Wish|[wisher] Blissey","|-weather|Sandstorm|[upkeep]","|-damage|p1a: Gengar|247/263|[from] Sandstorm","|-damage|p2a: Blissey|612/652|[from] Sandstorm","|-heal|p1a: Gengar|263/263|[from] item: Leftovers","|-heal|p2a: Blissey|652/652|[from] item: Leftovers","|upkeep","|turn|53","||adding 10 for new turn","|","|t:|1752968001","|move|p1a: Gengar|Ice Punch|p2a: Blissey","|-damage|p2a: Blissey|545/652","|move|p2a: Blissey|Wish|p2a: Blissey","|","|-weather|Sandstorm|[upkeep]","|-damage|p1a: Gengar|247/263|[from] Sandstorm","|-damage|p2a: Blissey|505/652|[from] Sandstorm","|-heal|p1a: Gengar|263/263|[from] item: Leftovers","|-heal|p2a: Blissey|545/652|[from] item: Leftovers","|upkeep","|turn|54","||adding 10 for new turn","|","|t:|1752968009","|move|p1a: Gengar|Ice Punch|p2a: Blissey","|-damage|p2a: Blissey|448/652","|move|p2a: Blissey|Toxic|p1a: Gengar","|-immune|p1a: Gengar","|","|-heal|p2a: Blissey|652/652|[from] move: Wish|[wisher] Blissey","|-weather|Sandstorm|[upkeep]","|-damage|p1a: Gengar|247/263|[from] Sandstorm","|-damage|p2a: Blissey|612/652|[from] Sandstorm","|-heal|p1a: Gengar|263/263|[from] item: Leftovers","|-heal|p2a: Blissey|652/652|[from] item: Leftovers","|upkeep","|turn|55","||adding 10 for new turn","|","|t:|1752968016","|move|p1a: Gengar|Ice Punch|p2a: Blissey","|-damage|p2a: Blissey|549/652","|move|p2a: Blissey|Wish|p2a: Blissey","|","|-weather|Sandstorm|[upkeep]","|-damage|p1a: Gengar|247/263|[from] Sandstorm","|-damage|p2a: Blissey|509/652|[from] Sandstorm","|-heal|p1a: Gengar|263/263|[from] item: Leftovers","|-heal|p2a: Blissey|549/652|[from] item: Leftovers","|upkeep","|turn|56","||adding 10 for new turn","|","|t:|1752968024","|move|p2a: Blissey|Protect|p2a: Blissey","|-singleturn|p2a: Blissey|Protect","|move|p1a: Gengar|Ice Punch|p2a: Blissey","|-activate|p2a: Blissey|Protect","|","|-heal|p2a: Blissey|652/652|[from] move: Wish|[wisher] Blissey","|-weather|Sandstorm|[upkeep]","|-damage|p1a: Gengar|247/263|[from] Sandstorm","|-damage|p2a: Blissey|612/652|[from] Sandstorm","|-heal|p1a: Gengar|263/263|[from] item: Leftovers","|-heal|p2a: Blissey|652/652|[from] item: Leftovers","|upkeep","|turn|57","||adding 10 for new turn","|","|t:|1752968032","|move|p2a: Blissey|Protect|p2a: Blissey","|-singleturn|p2a: Blissey|Protect","|move|p1a: Gengar|Thunderbolt|p2a: Blissey","|-activate|p2a: Blissey|Protect","|","|-weather|Sandstorm|[upkeep]","|-damage|p1a: Gengar|247/263|[from] Sandstorm","|-damage|p2a: Blissey|612/652|[from] Sandstorm","|-heal|p1a: Gengar|263/263|[from] item: Leftovers","|-heal|p2a: Blissey|652/652|[from] item: Leftovers","|upkeep","|turn|58","||adding 10 for new turn","|","|t:|1752968039","|move|p1a: Gengar|Thunderbolt|p2a: Blissey","|-damage|p2a: Blissey|525/652","|move|p2a: Blissey|Toxic|p1a: Gengar","|-immune|p1a: Gengar","|","|-weather|Sandstorm|[upkeep]","|-damage|p1a: Gengar|247/263|[from] Sandstorm","|-damage|p2a: Blissey|485/652|[from] Sandstorm","|-heal|p1a: Gengar|263/263|[from] item: Leftovers","|-heal|p2a: Blissey|525/652|[from] item: Leftovers","|upkeep","|turn|59","||adding 10 for new turn","|","|t:|1752968047","|move|p1a: Gengar|Thunderbolt|p2a: Blissey","|-crit|p2a: Blissey","|-damage|p2a: Blissey|244/652","|move|p2a: Blissey|Wish|p2a: Blissey","|","|-weather|Sandstorm|[upkeep]","|-damage|p1a: Gengar|247/263|[from] Sandstorm","|-damage|p2a: Blissey|204/652|[from] Sandstorm","|-heal|p1a: Gengar|263/263|[from] item: Leftovers","|-heal|p2a: Blissey|244/652|[from] item: Leftovers","|upkeep","|turn|60","||adding 10 for new turn","|","|t:|1752968054","|move|p1a: Gengar|Thunderbolt|p2a: Blissey","|-damage|p2a: Blissey|122/652","|move|p2a: Blissey|Toxic|p1a: Gengar","|-immune|p1a: Gengar","|","|-heal|p2a: Blissey|448/652|[from] move: Wish|[wisher] Blissey","|-weather|Sandstorm|[upkeep]","|-damage|p1a: Gengar|247/263|[from] Sandstorm","|-damage|p2a: Blissey|408/652|[from] Sandstorm","|-heal|p1a: Gengar|263/263|[from] item: Leftovers","|-heal|p2a: Blissey|448/652|[from] item: Leftovers","|upkeep","|turn|61","||adding 10 for new turn","|","|t:|1752968062","|move|p1a: Gengar|Ice Punch|p2a: Blissey","|-damage|p2a: Blissey|348/652","|move|p2a: Blissey|Wish|p2a: Blissey","|","|-weather|Sandstorm|[upkeep]","|-damage|p1a: Gengar|247/263|[from] Sandstorm","|-damage|p2a: Blissey|308/652|[from] Sandstorm","|-heal|p1a: Gengar|263/263|[from] item: Leftovers","|-heal|p2a: Blissey|348/652|[from] item: Leftovers","|upkeep","|turn|62","||adding 10 for new turn","|","|t:|1752968069","|move|p1a: Gengar|Ice Punch|p2a: Blissey","|-damage|p2a: Blissey|247/652","|move|p2a: Blissey|Toxic|p1a: Gengar","|-immune|p1a: Gengar","|","|-heal|p2a: Blissey|573/652|[from] move: Wish|[wisher] Blissey","|-weather|Sandstorm|[upkeep]","|-damage|p1a: Gengar|247/263|[from] Sandstorm","|-damage|p2a: Blissey|533/652|[from] Sandstorm","|-heal|p1a: Gengar|263/263|[from] item: Leftovers","|-heal|p2a: Blissey|573/652|[from] item: Leftovers","|upkeep","|turn|63","||adding 10 for new turn","|","|t:|1752968077","|move|p1a: Gengar|Ice Punch|p2a: Blissey","|-damage|p2a: Blissey|473/652","|move|p2a: Blissey|Wish|p2a: Blissey","|","|-weather|Sandstorm|[upkeep]","|-damage|p1a: Gengar|247/263|[from] Sandstorm","|-damage|p2a: Blissey|433/652|[from] Sandstorm","|-heal|p1a: Gengar|263/263|[from] item: Leftovers","|-heal|p2a: Blissey|473/652|[from] item: Leftovers","|upkeep","|turn|64","||adding 10 for new turn","|","|t:|1752968084","|switch|p2a: Magneton|Magneton|242/242","|move|p1a: Gengar|Ice Punch|p2a: Magneton","|-resisted|p2a: Magneton","|-damage|p2a: Magneton|133/242","|","|-heal|p2a: Magneton|242/242|[from] move: Wish|[wisher] Blissey","|-weather|Sandstorm|[upkeep]","|-damage|p1a: Gengar|247/263|[from] Sandstorm","|-heal|p1a: Gengar|263/263|[from] item: Leftovers","|upkeep","|turn|65","||adding 10 for new turn","|","|t:|1752968092","|move|p2a: Magneton|Protect|p2a: Magneton","|-singleturn|p2a: Magneton|Protect","|move|p1a: Gengar|Ice Punch|p2a: Magneton","|-activate|p2a: Magneton|Protect","|","|-weather|Sandstorm|[upkeep]","|-damage|p1a: Gengar|247/263|[from] Sandstorm","|-heal|p1a: Gengar|263/263|[from] item: Leftovers","|upkeep","|turn|66","||adding 10 for new turn","|","|t:|1752968099","|switch|p2a: Blissey|Blissey, F|473/652","|move|p1a: Gengar|Ice Punch|p2a: Blissey","|-crit|p2a: Blissey","|-damage|p2a: Blissey|279/652","|","|-weather|Sandstorm|[upkeep]","|-damage|p1a: Gengar|247/263|[from] Sandstorm","|-damage|p2a: Blissey|239/652|[from] Sandstorm","|-heal|p1a: Gengar|263/263|[from] item: Leftovers","|-heal|p2a: Blissey|279/652|[from] item: Leftovers","|upkeep","|turn|67","||adding 10 for new turn","|","|t:|1752968106","|move|p1a: Gengar|Ice Punch|p2a: Blissey","|-damage|p2a: Blissey|173/652","|move|p2a: Blissey|Seismic Toss|p1a: Gengar","|-immune|p1a: Gengar","|","|-weather|Sandstorm|[upkeep]","|-damage|p1a: Gengar|247/263|[from] Sandstorm","|-damage|p2a: Blissey|133/652|[from] Sandstorm","|-heal|p1a: Gengar|263/263|[from] item: Leftovers","|-heal|p2a: Blissey|173/652|[from] item: Leftovers","|upkeep","|turn|68","||adding 10 for new turn","|","|t:|1752968114","|move|p1a: Gengar|Giga Drain|p2a: Blissey","|-damage|p2a: Blissey|85/652","|move|p2a: Blissey|Seismic Toss|p1a: Gengar","|-immune|p1a: Gengar","|","|-weather|Sandstorm|[upkeep]","|-damage|p1a: Gengar|247/263|[from] Sandstorm","|-damage|p2a: Blissey|45/652|[from] Sandstorm","|-heal|p1a: Gengar|263/263|[from] item: Leftovers","|-heal|p2a: Blissey|85/652|[from] item: Leftovers","|upkeep","|turn|69","||adding 10 for new turn","|","|t:|1752968118","|move|p1a: Gengar|Thunderbolt|p2a: Blissey","|-crit|p2a: Blissey","|-damage|p2a: Blissey|0 fnt","|faint|p2a: Blissey","||adding 5 to each for mid turn request","|","|t:|1752968121","|switch|p2a: Magneton|Magneton|242/242","|","|-weather|Sandstorm|[upkeep]","|-damage|p1a: Gengar|247/263|[from] Sandstorm","|-heal|p1a: Gengar|263/263|[from] item: Leftovers","|upkeep","|turn|70","||adding 10 for new turn","|","|t:|1752968125","|move|p2a: Magneton|Protect|p2a: Magneton","|-singleturn|p2a: Magneton|Protect","|move|p1a: Gengar|Thunderbolt|p2a: Magneton","|-activate|p2a: Magneton|Protect","|","|-weather|Sandstorm|[upkeep]","|-damage|p1a: Gengar|247/263|[from] Sandstorm","|-heal|p1a: Gengar|263/263|[from] item: Leftovers","|upkeep","|turn|71","||adding 10 for new turn","|","|t:|1752968129","|move|p2a: Magneton|Protect|p2a: Magneton","|-singleturn|p2a: Magneton|Protect","|move|p1a: Gengar|Thunderbolt|p2a: Magneton","|-activate|p2a: Magneton|Protect","|","|-weather|Sandstorm|[upkeep]","|-damage|p1a: Gengar|247/263|[from] Sandstorm","|-heal|p1a: Gengar|263/263|[from] item: Leftovers","|upkeep","|turn|72","||adding 10 for new turn","|","|t:|1752968132","|move|p2a: Magneton|Protect||[still]","|-fail|p2a: Magneton","|move|p1a: Gengar|Thunderbolt|p2a: Magneton","|-resisted|p2a: Magneton","|-damage|p2a: Magneton|96/242","|","|-weather|Sandstorm|[upkeep]","|-damage|p1a: Gengar|247/263|[from] Sandstorm","|-heal|p1a: Gengar|263/263|[from] item: Leftovers","|upkeep","|turn|73","||adding 10 for new turn","|","|t:|1752968136","|move|p2a: Magneton|Protect|p2a: Magneton","|-singleturn|p2a: Magneton|Protect","|move|p1a: Gengar|Thunderbolt|p2a: Magneton","|-activate|p2a: Magneton|Protect","|","|-weather|Sandstorm|[upkeep]","|-damage|p1a: Gengar|247/263|[from] Sandstorm","|-heal|p1a: Gengar|263/263|[from] item: Leftovers","|upkeep","|turn|74","||adding 10 for new turn","|","|t:|1752968140","|move|p2a: Magneton|Protect||[still]","|-fail|p2a: Magneton","|move|p1a: Gengar|Ice Punch|p2a: Magneton","|-resisted|p2a: Magneton","|-damage|p2a: Magneton|0 fnt","|faint|p2a: Magneton","|","|win|foultestchallenge1",""],"p1rating":null,"p2rating":null,"endType":"normal","ladderError":true,"timestamp":"Sat Jul 19 2025 16:35:40 GMT-0700 (アメリカ太平洋夏時間)","roomid":"battle-gen3ou-1009","format":"gen3ou"}