{"winner":"foultestchallenge1","seed":"sodium,e3c61f69276d1418b68cb979b12a5895","turns":45,"p1":"foultestchallenge1","p2":"foultestacceptor1","p1team":[{"name":"Tyranitar","species":"Tyranitar","item":"Leftovers","ability":"Sand Stream","moves":["Rock Slide","Earthquake","Hidden Power Bug","Roar"],"nature":"Adamant","evs":{"hp":184,"atk":196,"def":120,"spa":0,"spd":0,"spe":8},"gender":"F","ivs":{"hp":31,"atk":30,"def":30,"spa":31,"spd":30,"spe":31},"happiness":255,"hpType":"Bug","pokeball":"","gigantamax":false,"dynamaxLevel":10,"teraType":"","level":100},{"name":"Milotic","species":"Milotic","item":"Leftovers","ability":"Marvel Scale","moves":["Surf","Toxic","Recover","Refresh"],"nature":"Bold","evs":{"hp":248,"atk":0,"def":212,"spa":0,"spd":0,"spe":48},"gender":"M","ivs":{"hp":31,"atk":0,"def":31,"spa":31,"spd":31,"spe":31},"level":100},{"name":"Blissey","species":"Blissey","item":"Leftovers","ability":"Natural Cure","moves":["Seismic Toss","Ice Beam","Thunder Wave","Soft-Boiled"],"nature":"Bold","evs":{"hp":40,"atk":0,"def":244,"spa":208,"spd":0,"spe":16},"gender":"F","level":100,"ivs":{"hp":31,"atk":31,"def":31,"spa":31,"spd":31,"spe":31}},{"name":"Skarmory","species":"Skarmory","item":"Leftovers","ability":"Keen Eye","moves":["Drill Peck","Toxic","Spikes","Roar"],"nature":"Careful","evs":{"hp":248,"atk":0,"def":0,"spa":0,"spd":236,"spe":24},"gender":"M","level":100,"ivs":{"hp":31,"atk":31,"def":31,"spa":31,"spd":31,"spe":31}},{"name":"Claydol","species":"Claydol","item":"Leftovers","ability":"Levitate","moves":["Earthquake","Psychic","Refresh","Rapid Spin"],"nature":"Adamant","evs":{"hp":224,"atk":228,"def":0,"spa":36,"spd":0,"spe":20},"gender":"N","level":100,"ivs":{"hp":31,"atk":31,"def":31,"spa":31,"spd":31,"spe":31}},{"name":"Dugtrio","species":"Dugtrio","item":"Choice Band","ability":"Arena Trap","moves":["Earthquake","Aerial Ace","Hidden Power Bug","Screech"],"nature":"Jolly","evs":{"hp":0,"atk":252,"def":0,"spa":0,"spd":4,"spe":252},"gender":"M","ivs":{"hp":31,"atk":30,"def":30,"spa":31,"spd":30,"spe":31},"happiness":255,"hpType":"Bug","pokeball":"","gigantamax":false,"dynamaxLevel":10,"teraType":"","level":100}],"p2team":[{"name":"Zapdos","species":"Zapdos","item":"Leftovers","ability":"Pressure","moves":["Thunderbolt","Hidden Power Grass","Baton Pass","Roar"],"nature":"Modest","evs":{"hp":0,"atk":0,"def":0,"spa":220,"spd":48,"spe":240},"gender":"N","ivs":{"hp":31,"atk":2,"def":31,"spa":30,"spd":31,"spe":31},"happiness":255,"hpType":"Grass","pokeball":"","gigantamax":false,"dynamaxLevel":10,"teraType":"","level":100},{"name":"Metagross","species":"Metagross","item":"Choice Band","ability":"Clear Body","moves":["Meteor Mash","Explosion","Earthquake","Rock Slide"],"nature":"Adamant","evs":{"hp":128,"atk":252,"def":0,"spa":0,"spd":0,"spe":128},"gender":"N","level":100,"ivs":{"hp":31,"atk":31,"def":31,"spa":31,"spd":31,"spe":31}},{"name":"Celebi","species":"Celebi","item":"Leftovers","ability":"Natural Cure","moves":["Calm Mind","Giga Drain","Hidden Power Ice","Baton Pass"],"nature":"Timid","evs":{"hp":208,"atk":0,"def":84,"spa":36,"spd":0,"spe":180},"gender":"N","ivs":{"hp":31,"atk":3,"def":31,"spa":31,"spd":31,"spe":30},"happiness":255,"hpType":"Ice","pokeball":"","gigantamax":false,"dynamaxLevel":10,"teraType":"","level":100},{"name":"Gengar","species":"Gengar","item":"Leftovers","ability":"Levitate","moves":["Thunderbolt","Ice Punch","Giga Drain","Explosion"],"nature":"Timid","evs":{"hp":8,"atk":0,"def":200,"spa":116,"spd":0,"spe":184},"gender":"F","level":100,"ivs":{"hp":31,"atk":31,"def":31,"spa":31,"spd":31,"spe":31}},{"name":"Swampert","species":"Swampert","item":"Leftovers","ability":"Torrent","moves":["Hydro Pump","Earthquake","Ice Beam","Refresh"],"nature":"Quiet","evs":{"hp":240,"atk":0,"def":12,"spa":216,"spd":0,"spe":40},"gender":"F","level":100,"ivs":{"hp":31,"atk":31,"def":31,"spa":31,"spd":31,"spe":31}},{"name":"Charizard","species":"Charizard","item":"Leftovers","ability":"Blaze","moves":["Substitute","Hidden Power Grass","Fire Blast","Focus Punch"],"nature":"Mild","evs":{"hp":0,"atk":4,"def":0,"spa":252,"spd":0,"spe":252},"gender":"M","ivs":{"hp":31,"atk":30,"def":31,"spa":30,"spd":31,"spe":31},"happiness":255,"hpType":"Grass","pokeball":"","gigantamax":false,"dynamaxLevel":10,"teraType":"","level":100}],"score":[3,0],"inputLog":[">version 372d05e49c92a79eecdf6c8dddb208bd1765c00f",">start {\"formatid\":\"gen3ou\",\"seed\":\"sodium,e3c61f69276d1418b68cb979b12a5895\"}",">player p1 {\"name\":\"foultestchallenge1\",\"avatar\":\"102\",\"team\":\"Tyranitar||Leftovers|SandStream|RockSlide,Earthquake,HiddenPowerBug,Roar|Adamant|184,196,120,,,8|F|,30,30,,30,|||,Bug,,,,]Milotic||Leftovers|MarvelScale|Surf,Toxic,Recover,Refresh|Bold|248,,212,,,48|M|,0,,,,|||]Blissey||Leftovers|NaturalCure|SeismicToss,IceBeam,ThunderWave,SoftBoiled|Bold|40,,244,208,,16|F||||]Skarmory||Leftovers|KeenEye|DrillPeck,Toxic,Spikes,Roar|Careful|248,,,,236,24|M||||]Claydol||Leftovers|Levitate|Earthquake,Psychic,Refresh,RapidSpin|Adamant|224,228,,36,,20|N||||]Dugtrio||ChoiceBand|ArenaTrap|Earthquake,AerialAce,HiddenPowerBug,Screech|Jolly|,252,,,4,252|M|,30,30,,30,|||,Bug,,,,\",\"rating\":0}",">player p2 {\"name\":\"foultestacceptor1\",\"avatar\":\"102\",\"team\":\"Zapdos||Leftovers|Pressure|Thunderbolt,HiddenPowerGrass,BatonPass,Roar|Modest|,,,220,48,240|N|,2,,30,,|||,Grass,,,,]Metagross||ChoiceBand|ClearBody|MeteorMash,Explosion,Earthquake,RockSlide|Adamant|128,252,,,,128|N||||]Celebi||Leftovers|NaturalCure|CalmMind,GigaDrain,HiddenPowerIce,BatonPass|Timid|208,,84,36,,180|N|,3,,,,30|||,Ice,,,,]Gengar||Leftovers|Levitate|Thunderbolt,IcePunch,GigaDrain,Explosion|Timid|8,,200,116,,184|F||||]Swampert||Leftovers|Torrent|HydroPump,Earthquake,IceBeam,Refresh|Quiet|240,,12,216,,40|F||||]Charizard||Leftovers|Blaze|Substitute,HiddenPowerGrass,FireBlast,FocusPunch|Mild|,4,,252,,252|M|,30,,30,,|||,Grass,,,,\",\"rating\":0}",">p1 move rockslide",">p2 switch 2",">p1 switch 4",">p2 move meteormash",">p1 move spikes",">p2 move meteormash",">p1 move spikes",">p2 move meteormash",">p1 switch 2",">p2 move meteormash",">p1 move surf",">p2 move meteormash",">p1 move surf",">p2 move meteormash",">p1 move recover",">p2 move meteormash",">p1 move recover",">p2 move meteormash",">p1 move surf",">p2 move meteormash",">p2 switch 2",">p1 switch 3",">p2 move thunderbolt",">p1 move icebeam",">p2 move thunderbolt",">p1 move icebeam",">p2 switch 6",">p1 move softboiled",">p2 move focuspunch",">p1 move icebeam",">p2 move fireblast",">p1 move softboiled",">p2 move focuspunch",">p1 move icebeam",">p2 move focuspunch",">p1 move icebeam",">p2 move fireblast",">p2 switch 5",">p1 move icebeam",">p2 move earthquake",">p1 move softboiled",">p2 move earthquake",">p1 move softboiled",">p2 move earthquake",">p1 move softboiled",">p2 move earthquake",">p1 move softboiled",">p2 move earthquake",">p1 move softboiled",">p2 move earthquake",">p1 move softboiled",">p2 move earthquake",">p1 move softboiled",">p2 move earthquake",">p1 move softboiled",">p2 move earthquake",">p1 move softboiled",">p2 move earthquake",">p1 move softboiled",">p2 move earthquake",">p1 move softboiled",">p2 move earthquake",">p1 move softboiled",">p2 move earthquake",">p1 move softboiled",">p2 move earthquake",">p1 move softboiled",">p2 move earthquake",">p1 move seismictoss",">p2 move earthquake",">p1 move icebeam",">p2 move icebeam",">p1 move icebeam",">p2 move icebeam",">p1 switch 4",">p1 move earthquake",">p2 move hydropump",">p2 switch 3",">p1 move hiddenpower",">p2 move calmmind",">p2 switch 4",">p1 move rockslide",">p2 move gigadrain",">p1 move rockslide",">p2 move gigadrain",">p2 switch 6",">p1 move rockslide",">p2 move thunderbolt",">p1 switch 5",">p1 move psychic",">p2 move roar",">p1 move hiddenpower",">p2 move roar",">p1 move surf",">p2 move thunderbolt",">p1 switch 3",">p1 move aerialace",">p2 move roar"],"log":["|j|☆foultestchallenge1","|j|☆foultestacceptor1","|t:|1752922015","|gametype|singles","|player|p1|foultestchallenge1|102|","|player|p2|foultestacceptor1|102|","|teamsize|p1|6","|teamsize|p2|6","|gen|3","|tier|[Gen 3] OU","|rule|Sleep Clause Mod: Limit one foe put to sleep","|rule|Switch Priority Clause Mod: Faster Pokémon switch first","|rule|Species Clause: Limit one of each Pokémon","|rule|OHKO Clause: OHKO moves are banned","|rule|Evasion Items Clause: Evasion items are banned","|rule|Evasion Moves Clause: Evasion moves are banned","|rule|Endless Battle Clause: Forcing endless battles is banned","|rule|HP Percentage Mod: HP is shown in percentages","|rule|One Boost Passer Clause: Limit one Baton Passer that has a way to boost its stats","|rule|Freeze Clause Mod: Limit one foe frozen","|","|t:|1752922015","|start","|switch|p1a: Tyranitar|Tyranitar, F|387/387","|switch|p2a: Zapdos|Zapdos|321/321","|-ability|p2a: Zapdos|Pressure|[silent]","|-weather|Sandstorm|[from] ability: Sand Stream|[of] p1a: Tyranitar","|turn|1","|inactive|Battle timer is ON: inactive players will automatically lose when time's up. (requested by foultestchallenge1)","|inactive|foultestacceptor1 also wants the timer to be on.","|","|t:|1752922017","|switch|p2a: Metagross|Metagross|333/333","|move|p1a: Tyranitar|Rock Slide|p2a: Metagross|[miss]","|-miss|p1a: Tyranitar|p2a: Metagross","|","|-weather|Sandstorm|[upkeep]","|upkeep","|turn|2","||adding 10 for new turn","|","|t:|1752922018","|switch|p1a: Skarmory|Skarmory, M|333/333","|move|p2a: Metagross|Meteor Mash|p1a: Skarmory|[miss]","|-miss|p2a: Metagross|p1a: Skarmory","|","|-weather|Sandstorm|[upkeep]","|upkeep","|turn|3","||adding 10 for new turn","|","|t:|1752922019","|move|p2a: Metagross|Meteor Mash|p1a: Skarmory","|-resisted|p1a: Skarmory","|-damage|p1a: Skarmory|214/333","|move|p1a: Skarmory|Spikes|p2a: Metagross","|-sidestart|p2: foultestacceptor1|Spikes","|","|-weather|Sandstorm|[upkeep]","|-heal|p1a: Skarmory|234/333|[from] item: Leftovers","|upkeep","|turn|4","||adding 10 for new turn","|","|t:|1752922020","|move|p2a: Metagross|Meteor Mash|p1a: Skarmory","|-resisted|p1a: Skarmory","|-crit|p1a: Skarmory","|-damage|p1a: Skarmory|22/333","|move|p1a: Skarmory|Spikes|p2a: Metagross","|-sidestart|p2: foultestacceptor1|Spikes","|","|-weather|Sandstorm|[upkeep]","|-heal|p1a: Skarmory|42/333|[from] item: Leftovers","|upkeep","|turn|5","||adding 10 for new turn","|","|t:|1752922022","|switch|p1a: Milotic|Milotic, M|393/393","|move|p2a: Metagross|Meteor Mash|p1a: Milotic|[miss]","|-miss|p2a: Metagross|p1a: Milotic","|","|-weather|Sandstorm|[upkeep]","|-damage|p1a: Milotic|369/393|[from] Sandstorm","|-heal|p1a: Milotic|393/393|[from] item: Leftovers","|upkeep","|turn|6","||adding 10 for new turn","|","|t:|1752922023","|move|p1a: Milotic|Surf|p2a: Metagross","|-damage|p2a: Metagross|207/333","|move|p2a: Metagross|Meteor Mash|p1a: Milotic|[miss]","|-miss|p2a: Metagross|p1a: Milotic","|","|-weather|Sandstorm|[upkeep]","|-damage|p1a: Milotic|369/393|[from] Sandstorm","|-heal|p1a: Milotic|393/393|[from] item: Leftovers","|upkeep","|turn|7","||adding 10 for new turn","|","|t:|1752922024","|move|p1a: Milotic|Surf|p2a: Metagross","|-damage|p2a: Metagross|88/333","|move|p2a: Metagross|Meteor Mash|p1a: Milotic","|-resisted|p1a: Milotic","|-crit|p1a: Milotic","|-damage|p1a: Milotic|120/393","|","|-weather|Sandstorm|[upkeep]","|-damage|p1a: Milotic|96/393|[from] Sandstorm","|-heal|p1a: Milotic|120/393|[from] item: Leftovers","|upkeep","|turn|8","||adding 10 for new turn","|","|t:|1752922025","|move|p1a: Milotic|Recover|p1a: Milotic","|-heal|p1a: Milotic|316/393","|move|p2a: Metagross|Meteor Mash|p1a: Milotic","|-resisted|p1a: Milotic","|-damage|p1a: Milotic|187/393","|","|-weather|Sandstorm|[upkeep]","|-damage|p1a: Milotic|163/393|[from] Sandstorm","|-heal|p1a: Milotic|187/393|[from] item: Leftovers","|upkeep","|turn|9","||adding 10 for new turn","|","|t:|1752922026","|move|p1a: Milotic|Recover|p1a: Milotic","|-heal|p1a: Milotic|383/393","|move|p2a: Metagross|Meteor Mash|p1a: Milotic","|-resisted|p1a: Milotic","|-damage|p1a: Milotic|257/393","|-boost|p2a: Metagross|atk|1","|","|-weather|Sandstorm|[upkeep]","|-damage|p1a: Milotic|233/393|[from] Sandstorm","|-heal|p1a: Milotic|257/393|[from] item: Leftovers","|upkeep","|turn|10","||adding 10 for new turn","|","|t:|1752922027","|move|p1a: Milotic|Surf|p2a: Metagross","|-damage|p2a: Metagross|0 fnt","|faint|p2a: Metagross","||adding 5 to each for mid turn request","|","|t:|1752922028","|switch|p2a: Zapdos|Zapdos|321/321","|-ability|p2a: Zapdos|Pressure|[silent]","|","|-weather|Sandstorm|[upkeep]","|-damage|p2a: Zapdos|301/321|[from] Sandstorm","|-damage|p1a: Milotic|233/393|[from] Sandstorm","|-heal|p2a: Zapdos|321/321|[from] item: Leftovers","|-heal|p1a: Milotic|257/393|[from] item: Leftovers","|upkeep","|turn|11","||adding 10 for new turn","|","|t:|1752922029","|switch|p1a: Blissey|Blissey, F|661/661","|move|p2a: Zapdos|Thunderbolt|p1a: Blissey","|-damage|p1a: Blissey|521/661","|","|-weather|Sandstorm|[upkeep]","|-damage|p2a: Zapdos|301/321|[from] Sandstorm","|-damage|p1a: Blissey|480/661|[from] Sandstorm","|-heal|p2a: Zapdos|321/321|[from] item: Leftovers","|-heal|p1a: Blissey|521/661|[from] item: Leftovers","|upkeep","|turn|12","||adding 10 for new turn","|","|t:|1752922030","|move|p2a: Zapdos|Thunderbolt|p1a: Blissey","|-damage|p1a: Blissey|384/661","|move|p1a: Blissey|Ice Beam|p2a: Zapdos","|-supereffective|p2a: Zapdos","|-damage|p2a: Zapdos|172/321","|","|-weather|Sandstorm|[upkeep]","|-damage|p2a: Zapdos|152/321|[from] Sandstorm","|-damage|p1a: Blissey|343/661|[from] Sandstorm","|-heal|p2a: Zapdos|172/321|[from] item: Leftovers","|-heal|p1a: Blissey|384/661|[from] item: Leftovers","|upkeep","|turn|13","||adding 10 for new turn","|","|t:|1752922032","|switch|p2a: Charizard|Charizard, M|297/297","|move|p1a: Blissey|Ice Beam|p2a: Charizard","|-damage|p2a: Charizard|207/297","|","|-weather|Sandstorm|[upkeep]","|-damage|p2a: Charizard|189/297|[from] Sandstorm","|-damage|p1a: Blissey|343/661|[from] Sandstorm","|-heal|p2a: Charizard|207/297|[from] item: Leftovers","|-heal|p1a: Blissey|384/661|[from] item: Leftovers","|upkeep","|turn|14","||adding 10 for new turn","|","|t:|1752922033","|-singleturn|p2a: Charizard|move: Focus Punch","|move|p1a: Blissey|Soft-Boiled|p1a: Blissey","|-heal|p1a: Blissey|661/661","|move|p2a: Charizard|Focus Punch|p1a: Blissey","|-supereffective|p1a: Blissey","|-damage|p1a: Blissey|257/661","|","|-weather|Sandstorm|[upkeep]","|-damage|p2a: Charizard|189/297|[from] Sandstorm","|-damage|p1a: Blissey|216/661|[from] Sandstorm","|-heal|p2a: Charizard|207/297|[from] item: Leftovers","|-heal|p1a: Blissey|257/661|[from] item: Leftovers","|upkeep","|turn|15","||adding 10 for new turn","|","|t:|1752922034","|move|p2a: Charizard|Fire Blast|p1a: Blissey|[miss]","|-miss|p2a: Charizard|p1a: Blissey","|move|p1a: Blissey|Ice Beam|p2a: Charizard","|-damage|p2a: Charizard|117/297","|-status|p2a: Charizard|frz","|","|-weather|Sandstorm|[upkeep]","|-damage|p2a: Charizard|99/297 frz|[from] Sandstorm","|-damage|p1a: Blissey|216/661|[from] Sandstorm","|-heal|p2a: Charizard|117/297 frz|[from] item: Leftovers","|-heal|p1a: Blissey|257/661|[from] item: Leftovers","|upkeep","|turn|16","||adding 10 for new turn","|","|t:|1752922035","|-singleturn|p2a: Charizard|move: Focus Punch","|move|p1a: Blissey|Soft-Boiled|p1a: Blissey","|-heal|p1a: Blissey|587/661","|cant|p2a: Charizard|frz","|","|-weather|Sandstorm|[upkeep]","|-damage|p2a: Charizard|99/297 frz|[from] Sandstorm","|-damage|p1a: Blissey|546/661|[from] Sandstorm","|-heal|p2a: Charizard|117/297 frz|[from] item: Leftovers","|-heal|p1a: Blissey|587/661|[from] item: Leftovers","|upkeep","|turn|17","||adding 10 for new turn","|","|t:|1752922036","|-singleturn|p2a: Charizard|move: Focus Punch","|move|p1a: Blissey|Ice Beam|p2a: Charizard","|-damage|p2a: Charizard|38/297 frz","|cant|p2a: Charizard|frz","|","|-weather|Sandstorm|[upkeep]","|-damage|p2a: Charizard|20/297 frz|[from] Sandstorm","|-damage|p1a: Blissey|546/661|[from] Sandstorm","|-heal|p2a: Charizard|38/297 frz|[from] item: Leftovers","|-heal|p1a: Blissey|587/661|[from] item: Leftovers","|upkeep","|turn|18","||adding 10 for new turn","|","|t:|1752922037","|cant|p2a: Charizard|frz","|move|p1a: Blissey|Ice Beam|p2a: Charizard","|-damage|p2a: Charizard|0 fnt","|faint|p2a: Charizard","||adding 5 to each for mid turn request","|","|t:|1752922037","|switch|p2a: Swampert|Swampert, F|401/401","|-damage|p2a: Swampert|335/401|[from] Spikes","|","|-weather|Sandstorm|[upkeep]","|-damage|p1a: Blissey|546/661|[from] Sandstorm","|-heal|p1a: Blissey|587/661|[from] item: Leftovers","|-heal|p2a: Swampert|360/401|[from] item: Leftovers","|upkeep","|turn|19","||adding 10 for new turn","|","|t:|1752922038","|move|p1a: Blissey|Ice Beam|p2a: Swampert","|-damage|p2a: Swampert|275/401","|move|p2a: Swampert|Earthquake|p1a: Blissey","|-damage|p1a: Blissey|338/661","|","|-weather|Sandstorm|[upkeep]","|-damage|p1a: Blissey|297/661|[from] Sandstorm","|-heal|p1a: Blissey|338/661|[from] item: Leftovers","|-heal|p2a: Swampert|300/401|[from] item: Leftovers","|upkeep","|turn|20","||adding 10 for new turn","|","|t:|1752922040","|move|p1a: Blissey|Soft-Boiled|p1a: Blissey","|-heal|p1a: Blissey|661/661","|move|p2a: Swampert|Earthquake|p1a: Blissey","|-damage|p1a: Blissey|435/661","|","|-weather|Sandstorm|[upkeep]","|-damage|p1a: Blissey|394/661|[from] Sandstorm","|-heal|p1a: Blissey|435/661|[from] item: Leftovers","|-heal|p2a: Swampert|325/401|[from] item: Leftovers","|upkeep","|turn|21","||adding 10 for new turn","|","|t:|1752922041","|move|p1a: Blissey|Soft-Boiled|p1a: Blissey","|-heal|p1a: Blissey|661/661","|move|p2a: Swampert|Earthquake|p1a: Blissey","|-damage|p1a: Blissey|429/661","|","|-weather|Sandstorm|[upkeep]","|-damage|p1a: Blissey|388/661|[from] Sandstorm","|-heal|p1a: Blissey|429/661|[from] item: Leftovers","|-heal|p2a: Swampert|350/401|[from] item: Leftovers","|upkeep","|turn|22","||adding 10 for new turn","|","|t:|1752922042","|move|p1a: Blissey|Soft-Boiled|p1a: Blissey","|-heal|p1a: Blissey|661/661","|move|p2a: Swampert|Earthquake|p1a: Blissey","|-damage|p1a: Blissey|414/661","|","|-weather|Sandstorm|[upkeep]","|-damage|p1a: Blissey|373/661|[from] Sandstorm","|-heal|p1a: Blissey|414/661|[from] item: Leftovers","|-heal|p2a: Swampert|375/401|[from] item: Leftovers","|upkeep","|turn|23","||adding 10 for new turn","|","|t:|1752922043","|move|p1a: Blissey|Soft-Boiled|p1a: Blissey","|-heal|p1a: Blissey|661/661","|move|p2a: Swampert|Earthquake|p1a: Blissey","|-damage|p1a: Blissey|424/661","|","|-weather|Sandstorm|[upkeep]","|-damage|p1a: Blissey|383/661|[from] Sandstorm","|-heal|p1a: Blissey|424/661|[from] item: Leftovers","|-heal|p2a: Swampert|400/401|[from] item: Leftovers","|upkeep","|turn|24","||adding 10 for new turn","|","|t:|1752922044","|move|p1a: Blissey|Soft-Boiled|p1a: Blissey","|-heal|p1a: Blissey|661/661","|move|p2a: Swampert|Earthquake|p1a: Blissey","|-crit|p1a: Blissey","|-damage|p1a: Blissey|167/661","|","|-weather|Sandstorm|[upkeep]","|-damage|p1a: Blissey|126/661|[from] Sandstorm","|-heal|p1a: Blissey|167/661|[from] item: Leftovers","|-heal|p2a: Swampert|401/401|[from] item: Leftovers","|upkeep","|turn|25","||adding 10 for new turn","|","|t:|1752922045","|move|p1a: Blissey|Soft-Boiled|p1a: Blissey","|-heal|p1a: Blissey|497/661","|move|p2a: Swampert|Earthquake|p1a: Blissey","|-damage|p1a: Blissey|263/661","|","|-weather|Sandstorm|[upkeep]","|-damage|p1a: Blissey|222/661|[from] Sandstorm","|-heal|p1a: Blissey|263/661|[from] item: Leftovers","|upkeep","|turn|26","||adding 10 for new turn","|","|t:|1752922046","|move|p1a: Blissey|Soft-Boiled|p1a: Blissey","|-heal|p1a: Blissey|593/661","|move|p2a: Swampert|Earthquake|p1a: Blissey","|-damage|p1a: Blissey|341/661","|","|-weather|Sandstorm|[upkeep]","|-damage|p1a: Blissey|300/661|[from] Sandstorm","|-heal|p1a: Blissey|341/661|[from] item: Leftovers","|upkeep","|turn|27","||adding 10 for new turn","|","|t:|1752922047","|move|p1a: Blissey|Soft-Boiled|p1a: Blissey","|-heal|p1a: Blissey|661/661","|move|p2a: Swampert|Earthquake|p1a: Blissey","|-damage|p1a: Blissey|424/661","|","|-weather|Sandstorm|[upkeep]","|-damage|p1a: Blissey|383/661|[from] Sandstorm","|-heal|p1a: Blissey|424/661|[from] item: Leftovers","|upkeep","|turn|28","||adding 10 for new turn","|","|t:|1752922048","|move|p1a: Blissey|Soft-Boiled|p1a: Blissey","|-heal|p1a: Blissey|661/661","|move|p2a: Swampert|Earthquake|p1a: Blissey","|-damage|p1a: Blissey|406/661","|","|-weather|Sandstorm|[upkeep]","|-damage|p1a: Blissey|365/661|[from] Sandstorm","|-heal|p1a: Blissey|406/661|[from] item: Leftovers","|upkeep","|turn|29","||adding 10 for new turn","|","|t:|1752922049","|move|p1a: Blissey|Soft-Boiled|p1a: Blissey","|-heal|p1a: Blissey|661/661","|move|p2a: Swampert|Earthquake|p1a: Blissey","|-damage|p1a: Blissey|435/661","|","|-weather|Sandstorm|[upkeep]","|-damage|p1a: Blissey|394/661|[from] Sandstorm","|-heal|p1a: Blissey|435/661|[from] item: Leftovers","|upkeep","|turn|30","||adding 10 for new turn","|","|t:|1752922050","|move|p1a: Blissey|Soft-Boiled|p1a: Blissey","|-heal|p1a: Blissey|661/661","|move|p2a: Swampert|Earthquake|p1a: Blissey","|-crit|p1a: Blissey","|-damage|p1a: Blissey|167/661","|","|-weather|Sandstorm|[upkeep]","|-damage|p1a: Blissey|126/661|[from] Sandstorm","|-heal|p1a: Blissey|167/661|[from] item: Leftovers","|upkeep","|turn|31","||adding 10 for new turn","|","|t:|1752922051","|move|p1a: Blissey|Soft-Boiled|p1a: Blissey","|-heal|p1a: Blissey|497/661","|move|p2a: Swampert|Earthquake|p1a: Blissey","|-damage|p1a: Blissey|271/661","|","|-weather|Sandstorm|[upkeep]","|-damage|p1a: Blissey|230/661|[from] Sandstorm","|-heal|p1a: Blissey|271/661|[from] item: Leftovers","|upkeep","|turn|32","||adding 10 for new turn","|","|t:|1752922052","|move|p1a: Blissey|Soft-Boiled|p1a: Blissey","|-heal|p1a: Blissey|601/661","|move|p2a: Swampert|Earthquake|p1a: Blissey","|-damage|p1a: Blissey|380/661","|","|-weather|Sandstorm|[upkeep]","|-damage|p1a: Blissey|339/661|[from] Sandstorm","|-heal|p1a: Blissey|380/661|[from] item: Leftovers","|upkeep","|turn|33","||adding 10 for new turn","|","|t:|1752922053","|move|p1a: Blissey|Soft-Boiled|p1a: Blissey","|-heal|p1a: Blissey|661/661","|move|p2a: Swampert|Earthquake|p1a: Blissey","|-damage|p1a: Blissey|406/661","|","|-weather|Sandstorm|[upkeep]","|-damage|p1a: Blissey|365/661|[from] Sandstorm","|-heal|p1a: Blissey|406/661|[from] item: Leftovers","|upkeep","|turn|34","||adding 10 for new turn","|","|t:|1752922054","|move|p1a: Blissey|Seismic Toss|p2a: Swampert","|-damage|p2a: Swampert|301/401","|move|p2a: Swampert|Earthquake|p1a: Blissey","|-damage|p1a: Blissey|172/661","|","|-weather|Sandstorm|[upkeep]","|-damage|p1a: Blissey|131/661|[from] Sandstorm","|-heal|p1a: Blissey|172/661|[from] item: Leftovers","|-heal|p2a: Swampert|326/401|[from] item: Leftovers","|upkeep","|turn|35","||adding 10 for new turn","|","|t:|1752922055","|move|p1a: Blissey|Ice Beam|p2a: Swampert","|-crit|p2a: Swampert","|-damage|p2a: Swampert|152/401","|move|p2a: Swampert|Ice Beam|p1a: Blissey","|-damage|p1a: Blissey|98/661","|","|-weather|Sandstorm|[upkeep]","|-damage|p1a: Blissey|57/661|[from] Sandstorm","|-heal|p1a: Blissey|98/661|[from] item: Leftovers","|-heal|p2a: Swampert|177/401|[from] item: Leftovers","|upkeep","|turn|36","||adding 10 for new turn","|","|t:|1752922056","|move|p1a: Blissey|Ice Beam|p2a: Swampert","|-damage|p2a: Swampert|99/401","|move|p2a: Swampert|Ice Beam|p1a: Blissey","|-damage|p1a: Blissey|29/661","|","|-weather|Sandstorm|[upkeep]","|-damage|p1a: Blissey|0 fnt|[from] Sandstorm","|faint|p1a: Blissey","|-heal|p2a: Swampert|124/401|[from] item: Leftovers","|upkeep","||adding 5 to each for mid turn request","|","|t:|1752922057","|switch|p1a: Tyranitar|Tyranitar, F|387/387","|turn|37","||adding 10 for new turn","|","|t:|1752922058","|move|p1a: Tyranitar|Earthquake|p2a: Swampert","|-damage|p2a: Swampert|0 fnt","|faint|p2a: Swampert","||adding 5 to each for mid turn request","|","|t:|1752922059","|switch|p2a: Celebi|Celebi|393/393","|-damage|p2a: Celebi|328/393|[from] Spikes","|","|-weather|Sandstorm|[upkeep]","|-damage|p2a: Celebi|304/393|[from] Sandstorm","|-heal|p2a: Celebi|328/393|[from] item: Leftovers","|upkeep","|turn|38","||adding 10 for new turn","|","|t:|1752922060","|move|p2a: Celebi|Calm Mind|p2a: Celebi","|-boost|p2a: Celebi|spa|1","|-boost|p2a: Celebi|spd|1","|move|p1a: Tyranitar|Hidden Power|p2a: Celebi","|-supereffective|p2a: Celebi","|-damage|p2a: Celebi|1/393","|","|-weather|Sandstorm|[upkeep]","|-damage|p2a: Celebi|0 fnt|[from] Sandstorm","|faint|p2a: Celebi","|upkeep","||adding 5 to each for mid turn request","|","|t:|1752922061","|switch|p2a: Gengar|Gengar, F|263/263","|turn|39","||adding 10 for new turn","|","|t:|1752922061","|move|p2a: Gengar|Giga Drain|p1a: Tyranitar","|-supereffective|p1a: Tyranitar","|-damage|p1a: Tyranitar|267/387","|move|p1a: Tyranitar|Rock Slide|p2a: Gengar","|-damage|p2a: Gengar|105/263","|","|-weather|Sandstorm|[upkeep]","|-damage|p2a: Gengar|89/263|[from] Sandstorm","|-heal|p2a: Gengar|105/263|[from] item: Leftovers","|-heal|p1a: Tyranitar|291/387|[from] item: Leftovers","|upkeep","|turn|40","||adding 10 for new turn","|","|t:|1752922063","|move|p2a: Gengar|Giga Drain|p1a: Tyranitar","|-supereffective|p1a: Tyranitar","|-damage|p1a: Tyranitar|155/387","|-heal|p2a: Gengar|173/263|[from] drain|[of] p1a: Tyranitar","|move|p1a: Tyranitar|Rock Slide|p2a: Gengar","|-damage|p2a: Gengar|11/263","|","|-weather|Sandstorm|[upkeep]","|-damage|p2a: Gengar|0 fnt|[from] Sandstorm","|faint|p2a: Gengar","|-heal|p1a: Tyranitar|179/387|[from] item: Leftovers","|upkeep","||adding 5 to each for mid turn request","|","|t:|1752922064","|switch|p2a: Zapdos|Zapdos|172/321","|-ability|p2a: Zapdos|Pressure|[silent]","|turn|41","||adding 10 for new turn","|","|t:|1752922064","|move|p2a: Zapdos|Thunderbolt|p1a: Tyranitar","|-crit|p1a: Tyranitar","|-damage|p1a: Tyranitar|0 fnt","|faint|p1a: Tyranitar","||adding 5 to each for mid turn request","|","|t:|1752922065","|switch|p1a: Claydol|Claydol|317/317","|","|-weather|Sandstorm|[upkeep]","|-damage|p2a: Zapdos|152/321|[from] Sandstorm","|-heal|p2a: Zapdos|172/321|[from] item: Leftovers","|upkeep","|turn|42","||adding 10 for new turn","|","|t:|1752922066","|move|p1a: Claydol|Psychic|p2a: Zapdos","|-damage|p2a: Zapdos|97/321","|move|p2a: Zapdos|Roar|p1a: Claydol","|drag|p1a: Dugtrio|Dugtrio, M|211/211","|","|-weather|Sandstorm|[upkeep]","|-damage|p2a: Zapdos|77/321|[from] Sandstorm","|-heal|p2a: Zapdos|97/321|[from] item: Leftovers","|upkeep","|turn|43","||adding 10 for new turn","|","|t:|1752922067","|move|p1a: Dugtrio|Hidden Power|p2a: Zapdos","|-resisted|p2a: Zapdos","|-damage|p2a: Zapdos|47/321","|move|p2a: Zapdos|Roar|p1a: Dugtrio","|drag|p1a: Milotic|Milotic, M|257/393","|","|-weather|Sandstorm|[upkeep]","|-damage|p2a: Zapdos|27/321|[from] Sandstorm","|-damage|p1a: Milotic|233/393|[from] Sandstorm","|-heal|p2a: Zapdos|47/321|[from] item: Leftovers","|-heal|p1a: Milotic|257/393|[from] item: Leftovers","|upkeep","|turn|44","||adding 10 for new turn","|","|t:|1752922068","|move|p2a: Zapdos|Thunderbolt|p1a: Milotic","|-supereffective|p1a: Milotic","|-damage|p1a: Milotic|0 fnt","|faint|p1a: Milotic","||adding 5 to each for mid turn request","|","|t:|1752922069","|switch|p1a: Dugtrio|Dugtrio, M|211/211","|","|-weather|Sandstorm|[upkeep]","|-damage|p2a: Zapdos|27/321|[from] Sandstorm","|-heal|p2a: Zapdos|47/321|[from] item: Leftovers","|upkeep","|turn|45","||adding 10 for new turn","|","|t:|1752922070","|move|p1a: Dugtrio|Aerial Ace|p2a: Zapdos","|-resisted|p2a: Zapdos","|-damage|p2a: Zapdos|2/321","|move|p2a: Zapdos|Roar|p1a: Dugtrio","|drag|p1a: Claydol|Claydol|317/317","|","|-weather|Sandstorm|[upkeep]","|-damage|p2a: Zapdos|0 fnt|[from] Sandstorm","|faint|p2a: Zapdos","|","|win|foultestchallenge1",""],"p1rating":null,"p2rating":null,"endType":"normal","ladderError":true,"timestamp":"Sat Jul 19 2025 03:47:50 GMT-0700 (アメリカ太平洋夏時間)","roomid":"battle-gen3ou-910","format":"gen3ou"}