{"winner":"foultestchallenge1","seed":"sodium,3a48dcfe0c4e779a681fa69ceec93788","turns":54,"p1":"foultestchallenge1","p2":"foultestacceptor1","p1team":[{"name":"Zapdos","species":"Zapdos","item":"Leftovers","ability":"Pressure","moves":["Thunderbolt","Hidden Power Grass","Baton Pass","Roar"],"nature":"Modest","evs":{"hp":0,"atk":0,"def":0,"spa":220,"spd":48,"spe":240},"gender":"N","ivs":{"hp":31,"atk":2,"def":31,"spa":30,"spd":31,"spe":31},"happiness":255,"hpType":"Grass","pokeball":"","gigantamax":false,"dynamaxLevel":10,"teraType":"","level":100},{"name":"Metagross","species":"Metagross","item":"Choice Band","ability":"Clear Body","moves":["Meteor Mash","Explosion","Earthquake","Rock Slide"],"nature":"Adamant","evs":{"hp":128,"atk":252,"def":0,"spa":0,"spd":0,"spe":128},"gender":"N","level":100,"ivs":{"hp":31,"atk":31,"def":31,"spa":31,"spd":31,"spe":31}},{"name":"Celebi","species":"Celebi","item":"Leftovers","ability":"Natural Cure","moves":["Calm Mind","Giga Drain","Hidden Power Ice","Baton Pass"],"nature":"Timid","evs":{"hp":208,"atk":0,"def":84,"spa":36,"spd":0,"spe":180},"gender":"N","ivs":{"hp":31,"atk":3,"def":31,"spa":31,"spd":31,"spe":30},"happiness":255,"hpType":"Ice","pokeball":"","gigantamax":false,"dynamaxLevel":10,"teraType":"","level":100},{"name":"Gengar","species":"Gengar","item":"Leftovers","ability":"Levitate","moves":["Thunderbolt","Ice Punch","Giga Drain","Explosion"],"nature":"Timid","evs":{"hp":8,"atk":0,"def":200,"spa":116,"spd":0,"spe":184},"gender":"F","level":100,"ivs":{"hp":31,"atk":31,"def":31,"spa":31,"spd":31,"spe":31}},{"name":"Swampert","species":"Swampert","item":"Leftovers","ability":"Torrent","moves":["Hydro Pump","Earthquake","Ice Beam","Refresh"],"nature":"Quiet","evs":{"hp":240,"atk":0,"def":12,"spa":216,"spd":0,"spe":40},"gender":"M","level":100,"ivs":{"hp":31,"atk":31,"def":31,"spa":31,"spd":31,"spe":31}},{"name":"Charizard","species":"Charizard","item":"Leftovers","ability":"Blaze","moves":["Substitute","Hidden Power Grass","Fire Blast","Focus Punch"],"nature":"Mild","evs":{"hp":0,"atk":4,"def":0,"spa":252,"spd":0,"spe":252},"gender":"F","ivs":{"hp":31,"atk":30,"def":31,"spa":30,"spd":31,"spe":31},"happiness":255,"hpType":"Grass","pokeball":"","gigantamax":false,"dynamaxLevel":10,"teraType":"","level":100}],"p2team":[{"name":"Tyranitar","species":"Tyranitar","item":"Leftovers","ability":"Sand Stream","moves":["Rock Slide","Earthquake","Hidden Power Bug","Roar"],"nature":"Adamant","evs":{"hp":184,"atk":196,"def":120,"spa":0,"spd":0,"spe":8},"gender":"M","ivs":{"hp":31,"atk":30,"def":30,"spa":31,"spd":30,"spe":31},"happiness":255,"hpType":"Bug","pokeball":"","gigantamax":false,"dynamaxLevel":10,"teraType":"","level":100},{"name":"Milotic","species":"Milotic","item":"Leftovers","ability":"Marvel Scale","moves":["Surf","Toxic","Recover","Refresh"],"nature":"Bold","evs":{"hp":248,"atk":0,"def":212,"spa":0,"spd":0,"spe":48},"gender":"F","ivs":{"hp":31,"atk":0,"def":31,"spa":31,"spd":31,"spe":31},"level":100},{"name":"Blissey","species":"Blissey","item":"Leftovers","ability":"Natural Cure","moves":["Seismic Toss","Ice Beam","Thunder Wave","Soft-Boiled"],"nature":"Bold","evs":{"hp":40,"atk":0,"def":244,"spa":208,"spd":0,"spe":16},"gender":"F","level":100,"ivs":{"hp":31,"atk":31,"def":31,"spa":31,"spd":31,"spe":31}},{"name":"Skarmory","species":"Skarmory","item":"Leftovers","ability":"Keen Eye","moves":["Drill Peck","Toxic","Spikes","Roar"],"nature":"Careful","evs":{"hp":248,"atk":0,"def":0,"spa":0,"spd":236,"spe":24},"gender":"F","level":100,"ivs":{"hp":31,"atk":31,"def":31,"spa":31,"spd":31,"spe":31}},{"name":"Claydol","species":"Claydol","item":"Leftovers","ability":"Levitate","moves":["Earthquake","Psychic","Refresh","Rapid Spin"],"nature":"Adamant","evs":{"hp":224,"atk":228,"def":0,"spa":36,"spd":0,"spe":20},"gender":"N","level":100,"ivs":{"hp":31,"atk":31,"def":31,"spa":31,"spd":31,"spe":31}},{"name":"Dugtrio","species":"Dugtrio","item":"Choice Band","ability":"Arena Trap","moves":["Earthquake","Aerial Ace","Hidden Power Bug","Screech"],"nature":"Jolly","evs":{"hp":0,"atk":252,"def":0,"spa":0,"spd":4,"spe":252},"gender":"M","ivs":{"hp":31,"atk":30,"def":30,"spa":31,"spd":30,"spe":31},"happiness":255,"hpType":"Bug","pokeball":"","gigantamax":false,"dynamaxLevel":10,"teraType":"","level":100}],"score":[2,0],"inputLog":[">version 372d05e49c92a79eecdf6c8dddb208bd1765c00f",">start {\"formatid\":\"gen3ou\",\"seed\":\"sodium,3a48dcfe0c4e779a681fa69ceec93788\"}",">player p1 {\"name\":\"foultestchallenge1\",\"avatar\":\"1\",\"team\":\"Zapdos||Leftovers|Pressure|Thunderbolt,HiddenPowerGrass,BatonPass,Roar|Modest|,,,220,48,240|N|,2,,30,,|||,Grass,,,,]Metagross||ChoiceBand|ClearBody|MeteorMash,Explosion,Earthquake,RockSlide|Adamant|128,252,,,,128|N||||]Celebi||Leftovers|NaturalCure|CalmMind,GigaDrain,HiddenPowerIce,BatonPass|Timid|208,,84,36,,180|N|,3,,,,30|||,Ice,,,,]Gengar||Leftovers|Levitate|Thunderbolt,IcePunch,GigaDrain,Explosion|Timid|8,,200,116,,184|F||||]Swampert||Leftovers|Torrent|HydroPump,Earthquake,IceBeam,Refresh|Quiet|240,,12,216,,40|M||||]Charizard||Leftovers|Blaze|Substitute,HiddenPowerGrass,FireBlast,FocusPunch|Mild|,4,,252,,252|F|,30,,30,,|||,Grass,,,,\",\"rating\":0}",">player p2 {\"name\":\"foultestacceptor1\",\"avatar\":\"1\",\"team\":\"Tyranitar||Leftovers|SandStream|RockSlide,Earthquake,HiddenPowerBug,Roar|Adamant|184,196,120,,,8|M|,30,30,,30,|||,Bug,,,,]Milotic||Leftovers|MarvelScale|Surf,Toxic,Recover,Refresh|Bold|248,,212,,,48|F|,0,,,,|||]Blissey||Leftovers|NaturalCure|SeismicToss,IceBeam,ThunderWave,SoftBoiled|Bold|40,,244,208,,16|F||||]Skarmory||Leftovers|KeenEye|DrillPeck,Toxic,Spikes,Roar|Careful|248,,,,236,24|F||||]Claydol||Leftovers|Levitate|Earthquake,Psychic,Refresh,RapidSpin|Adamant|224,228,,36,,20|N||||]Dugtrio||ChoiceBand|ArenaTrap|Earthquake,AerialAce,HiddenPowerBug,Screech|Jolly|,252,,,4,252|M|,30,30,,30,|||,Bug,,,,\",\"rating\":0}",">p1 move thunderbolt",">p2 move rockslide",">p1 switch 2",">p1 move meteormash",">p2 switch 4",">p1 move meteormash",">p2 move spikes",">p1 move meteormash",">p2 move roar",">p1 move hiddenpower",">p2 move drillpeck",">p1 move hiddenpower",">p2 switch 3",">p1 move calmmind",">p2 move icebeam",">p1 move batonpass",">p2 move seismictoss",">p1 switch 3",">p1 move meteormash",">p2 switch 2",">p1 move meteormash",">p2 switch 3",">p2 switch 6",">p1 move meteormash",">p2 move earthquake",">p1 switch 6",">p1 move hiddenpower",">p2 switch 2",">p1 move focuspunch",">p2 move icebeam",">p1 move focuspunch",">p2 move icebeam",">p1 move focuspunch",">p2 move icebeam",">p1 move fireblast",">p2 move icebeam",">p1 switch 5",">p1 move earthquake",">p2 move softboiled",">p1 move earthquake",">p2 move softboiled",">p1 move earthquake",">p2 move softboiled",">p1 move earthquake",">p2 move softboiled",">p1 move earthquake",">p2 move softboiled",">p1 move earthquake",">p2 move softboiled",">p1 move earthquake",">p2 move softboiled",">p1 move earthquake",">p2 move softboiled",">p1 move earthquake",">p2 move softboiled",">p1 move earthquake",">p2 move softboiled",">p1 move earthquake",">p2 move softboiled",">p1 move earthquake",">p2 move softboiled",">p1 move earthquake",">p2 move softboiled",">p1 move earthquake",">p2 move softboiled",">p1 move earthquake",">p2 move softboiled",">p1 move earthquake",">p2 move softboiled",">p1 move hydropump",">p2 move icebeam",">p1 move hydropump",">p2 move icebeam",">p1 move hydropump",">p2 move icebeam",">p2 switch 3",">p1 move hydropump",">p2 move recover",">p1 move hydropump",">p2 move surf",">p1 move hydropump",">p2 move recover",">p1 move hydropump",">p2 move surf",">p1 move icebeam",">p2 move surf",">p1 switch 3",">p1 move gigadrain",">p2 move toxic",">p1 move gigadrain",">p2 move recover",">p1 move gigadrain",">p2 move toxic",">p1 move calmmind",">p2 move recover",">p1 move gigadrain",">p2 move recover",">p1 move batonpass",">p2 move recover",">p1 switch 4",">p1 move thunderbolt",">p2 move recover",">p2 switch 4",">p1 move gigadrain",">p2 move rockslide",">p1 move gigadrain",">p2 move rockslide",">p2 switch 5",">p1 move gigadrain",">p2 move psychic",">p1 move icepunch",">p2 move psychic",">p2 switch 2",">p1 switch 4",">p2 move screech",">p1 move gigadrain",">p2 move screech",">p1 move hiddenpower",">p2 move screech"],"log":["|j|☆foultestchallenge1","|j|☆foultestacceptor1","|t:|1752925891","|gametype|singles","|player|p1|foultestchallenge1|1|","|player|p2|foultestacceptor1|1|","|teamsize|p1|6","|teamsize|p2|6","|gen|3","|tier|[Gen 3] OU","|rule|Sleep Clause Mod: Limit one foe put to sleep","|rule|Switch Priority Clause Mod: Faster Pokémon switch first","|rule|Species Clause: Limit one of each Pokémon","|rule|OHKO Clause: OHKO moves are banned","|rule|Evasion Items Clause: Evasion items are banned","|rule|Evasion Moves Clause: Evasion moves are banned","|rule|Endless Battle Clause: Forcing endless battles is banned","|rule|HP Percentage Mod: HP is shown in percentages","|rule|One Boost Passer Clause: Limit one Baton Passer that has a way to boost its stats","|rule|Freeze Clause Mod: Limit one foe frozen","|","|t:|1752925891","|start","|switch|p1a: Zapdos|Zapdos|321/321","|switch|p2a: Tyranitar|Tyranitar, M|387/387","|-ability|p1a: Zapdos|Pressure|[silent]","|-weather|Sandstorm|[from] ability: Sand Stream|[of] p2a: Tyranitar","|turn|1","|inactive|Battle timer is ON: inactive players will automatically lose when time's up. (requested by foultestacceptor1)","|inactive|foultestchallenge1 also wants the timer to be on.","|","|t:|1752925893","|move|p1a: Zapdos|Thunderbolt|p2a: Tyranitar","|-damage|p2a: Tyranitar|198/387","|move|p2a: Tyranitar|Rock Slide|p1a: Zapdos","|-supereffective|p1a: Zapdos","|-damage|p1a: Zapdos|0 fnt","|faint|p1a: Zapdos","||adding 5 to each for mid turn request","|","|t:|1752925894","|switch|p1a: Metagross|Metagross|333/333","|","|-weather|Sandstorm|[upkeep]","|-heal|p2a: Tyranitar|222/387|[from] item: Leftovers","|upkeep","|turn|2","||adding 10 for new turn","|","|t:|1752925895","|switch|p2a: Skarmory|Skarmory, F|333/333","|move|p1a: Metagross|Meteor Mash|p2a: Skarmory|[miss]","|-miss|p1a: Metagross|p2a: Skarmory","|","|-weather|Sandstorm|[upkeep]","|upkeep","|turn|3","||adding 10 for new turn","|","|t:|1752925896","|move|p1a: Metagross|Meteor Mash|p2a: Skarmory","|-resisted|p2a: Skarmory","|-damage|p2a: Skarmory|211/333","|-boost|p1a: Metagross|atk|1","|move|p2a: Skarmory|Spikes|p1a: Metagross","|-sidestart|p1: foultestchallenge1|Spikes","|","|-weather|Sandstorm|[upkeep]","|-heal|p2a: Skarmory|231/333|[from] item: Leftovers","|upkeep","|turn|4","||adding 10 for new turn","|","|t:|1752925897","|move|p1a: Metagross|Meteor Mash|p2a: Skarmory","|-resisted|p2a: Skarmory","|-damage|p2a: Skarmory|73/333","|-boost|p1a: Metagross|atk|1","|move|p2a: Skarmory|Roar|p1a: Metagross","|drag|p1a: Celebi|Celebi|393/393","|-damage|p1a: Celebi|344/393|[from] Spikes","|","|-weather|Sandstorm|[upkeep]","|-damage|p1a: Celebi|320/393|[from] Sandstorm","|-heal|p1a: Celebi|344/393|[from] item: Leftovers","|-heal|p2a: Skarmory|93/333|[from] item: Leftovers","|upkeep","|turn|5","||adding 10 for new turn","|","|t:|1752925898","|move|p1a: Celebi|Hidden Power|p2a: Skarmory","|-damage|p2a: Skarmory|40/333","|move|p2a: Skarmory|Drill Peck|p1a: Celebi","|-supereffective|p1a: Celebi","|-damage|p1a: Celebi|186/393","|","|-weather|Sandstorm|[upkeep]","|-damage|p1a: Celebi|162/393|[from] Sandstorm","|-heal|p1a: Celebi|186/393|[from] item: Leftovers","|-heal|p2a: Skarmory|60/333|[from] item: Leftovers","|upkeep","|turn|6","||adding 10 for new turn","|","|t:|1752925899","|switch|p2a: Blissey|Blissey, F|661/661","|move|p1a: Celebi|Hidden Power|p2a: Blissey","|-damage|p2a: Blissey|612/661","|","|-weather|Sandstorm|[upkeep]","|-damage|p1a: Celebi|162/393|[from] Sandstorm","|-damage|p2a: Blissey|571/661|[from] Sandstorm","|-heal|p1a: Celebi|186/393|[from] item: Leftovers","|-heal|p2a: Blissey|612/661|[from] item: Leftovers","|upkeep","|turn|7","||adding 10 for new turn","|","|t:|1752925900","|move|p1a: Celebi|Calm Mind|p1a: Celebi","|-boost|p1a: Celebi|spa|1","|-boost|p1a: Celebi|spd|1","|move|p2a: Blissey|Ice Beam|p1a: Celebi","|-supereffective|p1a: Celebi","|-damage|p1a: Celebi|87/393","|","|-weather|Sandstorm|[upkeep]","|-damage|p1a: Celebi|63/393|[from] Sandstorm","|-damage|p2a: Blissey|571/661|[from] Sandstorm","|-heal|p1a: Celebi|87/393|[from] item: Leftovers","|-heal|p2a: Blissey|612/661|[from] item: Leftovers","|upkeep","|turn|8","||adding 10 for new turn","|","|t:|1752925902","|move|p1a: Celebi|Baton Pass|p1a: Celebi","||adding 5 to each for mid turn request","|","|t:|1752925902","|switch|p1a: Metagross|Metagross|333/333|[from] Baton Pass","|-damage|p1a: Metagross|292/333|[from] Spikes","|move|p2a: Blissey|Seismic Toss|p1a: Metagross","|-damage|p1a: Metagross|192/333","|","|-weather|Sandstorm|[upkeep]","|-damage|p2a: Blissey|571/661|[from] Sandstorm","|-heal|p2a: Blissey|612/661|[from] item: Leftovers","|upkeep","|turn|9","||adding 10 for new turn","|","|t:|1752925903","|switch|p2a: Milotic|Milotic, F|393/393","|move|p1a: Metagross|Meteor Mash|p2a: Milotic","|-resisted|p2a: Milotic","|-damage|p2a: Milotic|263/393","|-boost|p1a: Metagross|atk|1","|","|-weather|Sandstorm|[upkeep]","|-damage|p2a: Milotic|239/393|[from] Sandstorm","|-heal|p2a: Milotic|263/393|[from] item: Leftovers","|upkeep","|turn|10","||adding 10 for new turn","|","|t:|1752925904","|switch|p2a: Skarmory|Skarmory, F|60/333","|move|p1a: Metagross|Meteor Mash|p2a: Skarmory","|-resisted|p2a: Skarmory","|-damage|p2a: Skarmory|0 fnt","|-boost|p1a: Metagross|atk|1","|faint|p2a: Skarmory","||adding 5 to each for mid turn request","|","|t:|1752925905","|switch|p2a: Dugtrio|Dugtrio, M|211/211","|","|-weather|Sandstorm|[upkeep]","|upkeep","|turn|11","||adding 10 for new turn","|","|t:|1752925906","|move|p2a: Dugtrio|Earthquake|p1a: Metagross","|-supereffective|p1a: Metagross","|-damage|p1a: Metagross|0 fnt","|faint|p1a: Metagross","||adding 5 to each for mid turn request","|","|t:|1752925907","|switch|p1a: Charizard|Charizard, F|297/297","|","|-weather|Sandstorm|[upkeep]","|-damage|p1a: Charizard|279/297|[from] Sandstorm","|-heal|p1a: Charizard|297/297|[from] item: Leftovers","|upkeep","|turn|12","||adding 10 for new turn","|","|t:|1752925908","|switch|p2a: Blissey|Blissey, F|612/661","|move|p1a: Charizard|Hidden Power|p2a: Blissey","|-damage|p2a: Blissey|551/661","|","|-weather|Sandstorm|[upkeep]","|-damage|p1a: Charizard|279/297|[from] Sandstorm","|-damage|p2a: Blissey|510/661|[from] Sandstorm","|-heal|p1a: Charizard|297/297|[from] item: Leftovers","|-heal|p2a: Blissey|551/661|[from] item: Leftovers","|upkeep","|turn|13","||adding 10 for new turn","|","|t:|1752925909","|-singleturn|p1a: Charizard|move: Focus Punch","|move|p2a: Blissey|Ice Beam|p1a: Charizard","|-damage|p1a: Charizard|206/297","|move|p1a: Charizard|Focus Punch||[still]","|cant|p1a: Charizard|Focus Punch|Focus Punch","|","|-weather|Sandstorm|[upkeep]","|-damage|p1a: Charizard|188/297|[from] Sandstorm","|-damage|p2a: Blissey|510/661|[from] Sandstorm","|-heal|p1a: Charizard|206/297|[from] item: Leftovers","|-heal|p2a: Blissey|551/661|[from] item: Leftovers","|upkeep","|turn|14","||adding 10 for new turn","|","|t:|1752925910","|-singleturn|p1a: Charizard|move: Focus Punch","|move|p2a: Blissey|Ice Beam|p1a: Charizard","|-damage|p1a: Charizard|121/297","|move|p1a: Charizard|Focus Punch||[still]","|cant|p1a: Charizard|Focus Punch|Focus Punch","|","|-weather|Sandstorm|[upkeep]","|-damage|p1a: Charizard|103/297|[from] Sandstorm","|-damage|p2a: Blissey|510/661|[from] Sandstorm","|-heal|p1a: Charizard|121/297|[from] item: Leftovers","|-heal|p2a: Blissey|551/661|[from] item: Leftovers","|upkeep","|turn|15","||adding 10 for new turn","|","|t:|1752925911","|-singleturn|p1a: Charizard|move: Focus Punch","|move|p2a: Blissey|Ice Beam|p1a: Charizard","|-damage|p1a: Charizard|33/297","|move|p1a: Charizard|Focus Punch||[still]","|cant|p1a: Charizard|Focus Punch|Focus Punch","|","|-weather|Sandstorm|[upkeep]","|-damage|p1a: Charizard|15/297|[from] Sandstorm","|-damage|p2a: Blissey|510/661|[from] Sandstorm","|-heal|p1a: Charizard|33/297|[from] item: Leftovers","|-heal|p2a: Blissey|551/661|[from] item: Leftovers","|upkeep","|turn|16","||adding 10 for new turn","|","|t:|1752925912","|move|p1a: Charizard|Fire Blast|p2a: Blissey","|-damage|p2a: Blissey|313/661","|move|p2a: Blissey|Ice Beam|p1a: Charizard","|-damage|p1a: Charizard|0 fnt","|faint|p1a: Charizard","||adding 5 to each for mid turn request","|","|t:|1752925913","|switch|p1a: Swampert|Swampert, M|401/401","|-damage|p1a: Swampert|351/401|[from] Spikes","|","|-weather|Sandstorm|[upkeep]","|-damage|p2a: Blissey|272/661|[from] Sandstorm","|-heal|p2a: Blissey|313/661|[from] item: Leftovers","|-heal|p1a: Swampert|376/401|[from] item: Leftovers","|upkeep","|turn|17","||adding 10 for new turn","|","|t:|1752925914","|move|p2a: Blissey|Soft-Boiled|p2a: Blissey","|-heal|p2a: Blissey|643/661","|move|p1a: Swampert|Earthquake|p2a: Blissey","|-damage|p2a: Blissey|394/661","|","|-weather|Sandstorm|[upkeep]","|-damage|p2a: Blissey|353/661|[from] Sandstorm","|-heal|p2a: Blissey|394/661|[from] item: Leftovers","|-heal|p1a: Swampert|401/401|[from] item: Leftovers","|upkeep","|turn|18","||adding 10 for new turn","|","|t:|1752925915","|move|p2a: Blissey|Soft-Boiled|p2a: Blissey","|-heal|p2a: Blissey|661/661","|move|p1a: Swampert|Earthquake|p2a: Blissey","|-damage|p2a: Blissey|429/661","|","|-weather|Sandstorm|[upkeep]","|-damage|p2a: Blissey|388/661|[from] Sandstorm","|-heal|p2a: Blissey|429/661|[from] item: Leftovers","|upkeep","|turn|19","||adding 10 for new turn","|","|t:|1752925916","|move|p2a: Blissey|Soft-Boiled|p2a: Blissey","|-heal|p2a: Blissey|661/661","|move|p1a: Swampert|Earthquake|p2a: Blissey","|-damage|p2a: Blissey|429/661","|","|-weather|Sandstorm|[upkeep]","|-damage|p2a: Blissey|388/661|[from] Sandstorm","|-heal|p2a: Blissey|429/661|[from] item: Leftovers","|upkeep","|turn|20","||adding 10 for new turn","|","|t:|1752925917","|move|p2a: Blissey|Soft-Boiled|p2a: Blissey","|-heal|p2a: Blissey|661/661","|move|p1a: Swampert|Earthquake|p2a: Blissey","|-damage|p2a: Blissey|440/661","|","|-weather|Sandstorm|[upkeep]","|-damage|p2a: Blissey|399/661|[from] Sandstorm","|-heal|p2a: Blissey|440/661|[from] item: Leftovers","|upkeep","|turn|21","||adding 10 for new turn","|","|t:|1752925918","|move|p2a: Blissey|Soft-Boiled|p2a: Blissey","|-heal|p2a: Blissey|661/661","|move|p1a: Swampert|Earthquake|p2a: Blissey","|-damage|p2a: Blissey|429/661","|","|-weather|Sandstorm|[upkeep]","|-damage|p2a: Blissey|388/661|[from] Sandstorm","|-heal|p2a: Blissey|429/661|[from] item: Leftovers","|upkeep","|turn|22","||adding 10 for new turn","|","|t:|1752925919","|move|p2a: Blissey|Soft-Boiled|p2a: Blissey","|-heal|p2a: Blissey|661/661","|move|p1a: Swampert|Earthquake|p2a: Blissey","|-damage|p2a: Blissey|417/661","|","|-weather|Sandstorm|[upkeep]","|-damage|p2a: Blissey|376/661|[from] Sandstorm","|-heal|p2a: Blissey|417/661|[from] item: Leftovers","|upkeep","|turn|23","||adding 10 for new turn","|","|t:|1752925920","|move|p2a: Blissey|Soft-Boiled|p2a: Blissey","|-heal|p2a: Blissey|661/661","|move|p1a: Swampert|Earthquake|p2a: Blissey","|-damage|p2a: Blissey|432/661","|","|-weather|Sandstorm|[upkeep]","|-damage|p2a: Blissey|391/661|[from] Sandstorm","|-heal|p2a: Blissey|432/661|[from] item: Leftovers","|upkeep","|turn|24","||adding 10 for new turn","|","|t:|1752925921","|move|p2a: Blissey|Soft-Boiled|p2a: Blissey","|-heal|p2a: Blissey|661/661","|move|p1a: Swampert|Earthquake|p2a: Blissey","|-damage|p2a: Blissey|419/661","|","|-weather|Sandstorm|[upkeep]","|-damage|p2a: Blissey|378/661|[from] Sandstorm","|-heal|p2a: Blissey|419/661|[from] item: Leftovers","|upkeep","|turn|25","||adding 10 for new turn","|","|t:|1752925922","|move|p2a: Blissey|Soft-Boiled|p2a: Blissey","|-heal|p2a: Blissey|661/661","|move|p1a: Swampert|Earthquake|p2a: Blissey","|-damage|p2a: Blissey|435/661","|","|-weather|Sandstorm|[upkeep]","|-damage|p2a: Blissey|394/661|[from] Sandstorm","|-heal|p2a: Blissey|435/661|[from] item: Leftovers","|upkeep","|turn|26","||adding 10 for new turn","|","|t:|1752925923","|move|p2a: Blissey|Soft-Boiled|p2a: Blissey","|-heal|p2a: Blissey|661/661","|move|p1a: Swampert|Earthquake|p2a: Blissey","|-damage|p2a: Blissey|440/661","|","|-weather|Sandstorm|[upkeep]","|-damage|p2a: Blissey|399/661|[from] Sandstorm","|-heal|p2a: Blissey|440/661|[from] item: Leftovers","|upkeep","|turn|27","||adding 10 for new turn","|","|t:|1752925924","|move|p2a: Blissey|Soft-Boiled|p2a: Blissey","|-heal|p2a: Blissey|661/661","|move|p1a: Swampert|Earthquake|p2a: Blissey","|-damage|p2a: Blissey|424/661","|","|-weather|Sandstorm|[upkeep]","|-damage|p2a: Blissey|383/661|[from] Sandstorm","|-heal|p2a: Blissey|424/661|[from] item: Leftovers","|upkeep","|turn|28","||adding 10 for new turn","|","|t:|1752925925","|move|p2a: Blissey|Soft-Boiled|p2a: Blissey","|-heal|p2a: Blissey|661/661","|move|p1a: Swampert|Earthquake|p2a: Blissey","|-damage|p2a: Blissey|422/661","|","|-weather|Sandstorm|[upkeep]","|-damage|p2a: Blissey|381/661|[from] Sandstorm","|-heal|p2a: Blissey|422/661|[from] item: Leftovers","|upkeep","|turn|29","||adding 10 for new turn","|","|t:|1752925926","|move|p2a: Blissey|Soft-Boiled|p2a: Blissey","|-heal|p2a: Blissey|661/661","|move|p1a: Swampert|Earthquake|p2a: Blissey","|-damage|p2a: Blissey|435/661","|","|-weather|Sandstorm|[upkeep]","|-damage|p2a: Blissey|394/661|[from] Sandstorm","|-heal|p2a: Blissey|435/661|[from] item: Leftovers","|upkeep","|turn|30","||adding 10 for new turn","|","|t:|1752925927","|move|p2a: Blissey|Soft-Boiled|p2a: Blissey","|-heal|p2a: Blissey|661/661","|move|p1a: Swampert|Earthquake|p2a: Blissey","|-damage|p2a: Blissey|442/661","|","|-weather|Sandstorm|[upkeep]","|-damage|p2a: Blissey|401/661|[from] Sandstorm","|-heal|p2a: Blissey|442/661|[from] item: Leftovers","|upkeep","|turn|31","||adding 10 for new turn","|","|t:|1752925928","|move|p2a: Blissey|Soft-Boiled|p2a: Blissey","|-heal|p2a: Blissey|661/661","|move|p1a: Swampert|Earthquake|p2a: Blissey","|-damage|p2a: Blissey|406/661","|","|-weather|Sandstorm|[upkeep]","|-damage|p2a: Blissey|365/661|[from] Sandstorm","|-heal|p2a: Blissey|406/661|[from] item: Leftovers","|upkeep","|turn|32","||adding 10 for new turn","|","|t:|1752925929","|move|p2a: Blissey|Soft-Boiled|p2a: Blissey","|-heal|p2a: Blissey|661/661","|move|p1a: Swampert|Earthquake|p2a: Blissey","|-damage|p2a: Blissey|409/661","|","|-weather|Sandstorm|[upkeep]","|-damage|p2a: Blissey|368/661|[from] Sandstorm","|-heal|p2a: Blissey|409/661|[from] item: Leftovers","|upkeep","|turn|33","||adding 10 for new turn","|","|t:|1752925930","|move|p2a: Blissey|Ice Beam|p1a: Swampert","|-damage|p1a: Swampert|315/401","|move|p1a: Swampert|Hydro Pump|p2a: Blissey","|-damage|p2a: Blissey|267/661","|","|-weather|Sandstorm|[upkeep]","|-damage|p2a: Blissey|226/661|[from] Sandstorm","|-heal|p2a: Blissey|267/661|[from] item: Leftovers","|-heal|p1a: Swampert|340/401|[from] item: Leftovers","|upkeep","|turn|34","||adding 10 for new turn","|","|t:|1752925931","|move|p2a: Blissey|Ice Beam|p1a: Swampert","|-damage|p1a: Swampert|260/401","|move|p1a: Swampert|Hydro Pump|p2a: Blissey","|-damage|p2a: Blissey|131/661","|","|-weather|Sandstorm|[upkeep]","|-damage|p2a: Blissey|90/661|[from] Sandstorm","|-heal|p2a: Blissey|131/661|[from] item: Leftovers","|-heal|p1a: Swampert|285/401|[from] item: Leftovers","|upkeep","|turn|35","||adding 10 for new turn","|","|t:|1752925932","|move|p2a: Blissey|Ice Beam|p1a: Swampert","|-damage|p1a: Swampert|202/401","|move|p1a: Swampert|Hydro Pump|p2a: Blissey","|-damage|p2a: Blissey|0 fnt","|faint|p2a: Blissey","||adding 5 to each for mid turn request","|","|t:|1752925932","|switch|p2a: Milotic|Milotic, F|263/393","|","|-weather|Sandstorm|[upkeep]","|-damage|p2a: Milotic|239/393|[from] Sandstorm","|-heal|p2a: Milotic|263/393|[from] item: Leftovers","|-heal|p1a: Swampert|227/401|[from] item: Leftovers","|upkeep","|turn|36","||adding 10 for new turn","|","|t:|1752925933","|move|p2a: Milotic|Recover|p2a: Milotic","|-heal|p2a: Milotic|393/393","|move|p1a: Swampert|Hydro Pump|p2a: Milotic|[miss]","|-miss|p1a: Swampert|p2a: Milotic","|","|-weather|Sandstorm|[upkeep]","|-damage|p2a: Milotic|369/393|[from] Sandstorm","|-heal|p2a: Milotic|393/393|[from] item: Leftovers","|-heal|p1a: Swampert|252/401|[from] item: Leftovers","|upkeep","|turn|37","||adding 10 for new turn","|","|t:|1752925934","|move|p2a: Milotic|Surf|p1a: Swampert","|-damage|p1a: Swampert|138/401","|move|p1a: Swampert|Hydro Pump|p2a: Milotic","|-resisted|p2a: Milotic","|-crit|p2a: Milotic","|-damage|p2a: Milotic|248/393","|","|-weather|Sandstorm|[upkeep]","|-damage|p2a: Milotic|224/393|[from] Sandstorm","|-heal|p2a: Milotic|248/393|[from] item: Leftovers","|-heal|p1a: Swampert|163/401|[from] item: Leftovers","|upkeep","|turn|38","||adding 10 for new turn","|","|t:|1752925935","|move|p2a: Milotic|Recover|p2a: Milotic","|-heal|p2a: Milotic|393/393","|move|p1a: Swampert|Hydro Pump|p2a: Milotic","|-resisted|p2a: Milotic","|-damage|p2a: Milotic|327/393","|","|-weather|Sandstorm|[upkeep]","|-damage|p2a: Milotic|303/393|[from] Sandstorm","|-heal|p2a: Milotic|327/393|[from] item: Leftovers","|-heal|p1a: Swampert|188/401|[from] item: Leftovers","|upkeep","|turn|39","||adding 10 for new turn","|","|t:|1752925936","|move|p2a: Milotic|Surf|p1a: Swampert","|-damage|p1a: Swampert|67/401","|move|p1a: Swampert|Hydro Pump|p2a: Milotic|[miss]","|-miss|p1a: Swampert|p2a: Milotic","|","|-weather|Sandstorm|[upkeep]","|-damage|p2a: Milotic|303/393|[from] Sandstorm","|-heal|p2a: Milotic|327/393|[from] item: Leftovers","|-heal|p1a: Swampert|92/401|[from] item: Leftovers","|upkeep","|turn|40","||adding 10 for new turn","|","|t:|1752925937","|move|p2a: Milotic|Surf|p1a: Swampert","|-damage|p1a: Swampert|0 fnt","|faint|p1a: Swampert","||adding 5 to each for mid turn request","|","|t:|1752925938","|switch|p1a: Celebi|Celebi|87/393","|-damage|p1a: Celebi|38/393|[from] Spikes","|","|-weather|Sandstorm|[upkeep]","|-damage|p1a: Celebi|14/393|[from] Sandstorm","|-damage|p2a: Milotic|303/393|[from] Sandstorm","|-heal|p1a: Celebi|38/393|[from] item: Leftovers","|-heal|p2a: Milotic|327/393|[from] item: Leftovers","|upkeep","|turn|41","||adding 10 for new turn","|","|t:|1752925938","|move|p1a: Celebi|Giga Drain|p2a: Milotic","|-supereffective|p2a: Milotic","|-damage|p2a: Milotic|210/393","|-heal|p1a: Celebi|96/393|[from] drain|[of] p2a: Milotic","|move|p2a: Milotic|Toxic|p1a: Celebi|[miss]","|-miss|p2a: Milotic|p1a: Celebi","|","|-weather|Sandstorm|[upkeep]","|-damage|p1a: Celebi|72/393|[from] Sandstorm","|-damage|p2a: Milotic|186/393|[from] Sandstorm","|-heal|p1a: Celebi|96/393|[from] item: Leftovers","|-heal|p2a: Milotic|210/393|[from] item: Leftovers","|upkeep","|turn|42","||adding 10 for new turn","|","|t:|1752925939","|move|p1a: Celebi|Giga Drain|p2a: Milotic","|-supereffective|p2a: Milotic","|-damage|p2a: Milotic|94/393","|-heal|p1a: Celebi|154/393|[from] drain|[of] p2a: Milotic","|move|p2a: Milotic|Recover|p2a: Milotic","|-heal|p2a: Milotic|290/393","|","|-weather|Sandstorm|[upkeep]","|-damage|p1a: Celebi|130/393|[from] Sandstorm","|-damage|p2a: Milotic|266/393|[from] Sandstorm","|-heal|p1a: Celebi|154/393|[from] item: Leftovers","|-heal|p2a: Milotic|290/393|[from] item: Leftovers","|upkeep","|turn|43","||adding 10 for new turn","|","|t:|1752925940","|move|p1a: Celebi|Giga Drain|p2a: Milotic","|-supereffective|p2a: Milotic","|-damage|p2a: Milotic|158/393","|-heal|p1a: Celebi|220/393|[from] drain|[of] p2a: Milotic","|move|p2a: Milotic|Toxic|p1a: Celebi","|-status|p1a: Celebi|tox","|","|-weather|Sandstorm|[upkeep]","|-damage|p1a: Celebi|196/393 tox|[from] Sandstorm","|-damage|p2a: Milotic|134/393|[from] Sandstorm","|-heal|p1a: Celebi|220/393 tox|[from] item: Leftovers","|-damage|p1a: Celebi|196/393 tox|[from] psn","|-heal|p2a: Milotic|158/393|[from] item: Leftovers","|upkeep","|turn|44","||adding 10 for new turn","|","|t:|1752925941","|move|p1a: Celebi|Calm Mind|p1a: Celebi","|-boost|p1a: Celebi|spa|1","|-boost|p1a: Celebi|spd|1","|move|p2a: Milotic|Recover|p2a: Milotic","|-heal|p2a: Milotic|354/393","|","|-weather|Sandstorm|[upkeep]","|-damage|p1a: Celebi|172/393 tox|[from] Sandstorm","|-damage|p2a: Milotic|330/393|[from] Sandstorm","|-heal|p1a: Celebi|196/393 tox|[from] item: Leftovers","|-damage|p1a: Celebi|148/393 tox|[from] psn","|-heal|p2a: Milotic|354/393|[from] item: Leftovers","|upkeep","|turn|45","||adding 10 for new turn","|","|t:|1752925941","|move|p1a: Celebi|Giga Drain|p2a: Milotic","|-supereffective|p2a: Milotic","|-damage|p2a: Milotic|176/393","|-heal|p1a: Celebi|237/393 tox|[from] drain|[of] p2a: Milotic","|move|p2a: Milotic|Recover|p2a: Milotic","|-heal|p2a: Milotic|372/393","|","|-weather|Sandstorm|[upkeep]","|-damage|p1a: Celebi|213/393 tox|[from] Sandstorm","|-damage|p2a: Milotic|348/393|[from] Sandstorm","|-heal|p1a: Celebi|237/393 tox|[from] item: Leftovers","|-damage|p1a: Celebi|165/393 tox|[from] psn","|-heal|p2a: Milotic|372/393|[from] item: Leftovers","|upkeep","|turn|46","||adding 10 for new turn","|","|t:|1752925942","|move|p1a: Celebi|Baton Pass|p1a: Celebi","||adding 5 to each for mid turn request","|","|t:|1752925943","|-curestatus|p1a: Celebi|tox|[from] ability: Natural Cure","|switch|p1a: Gengar|Gengar, F|263/263|[from] Baton Pass","|move|p2a: Milotic|Recover|p2a: Milotic","|-heal|p2a: Milotic|393/393","|","|-weather|Sandstorm|[upkeep]","|-damage|p1a: Gengar|247/263|[from] Sandstorm","|-damage|p2a: Milotic|369/393|[from] Sandstorm","|-heal|p1a: Gengar|263/263|[from] item: Leftovers","|-heal|p2a: Milotic|393/393|[from] item: Leftovers","|upkeep","|turn|47","||adding 10 for new turn","|","|t:|1752925944","|move|p1a: Gengar|Thunderbolt|p2a: Milotic","|-supereffective|p2a: Milotic","|-crit|p2a: Milotic","|-damage|p2a: Milotic|0 fnt","|faint|p2a: Milotic","||adding 5 to each for mid turn request","|","|t:|1752925945","|switch|p2a: Tyranitar|Tyranitar, M|222/387","|","|-weather|Sandstorm|[upkeep]","|-damage|p1a: Gengar|247/263|[from] Sandstorm","|-heal|p1a: Gengar|263/263|[from] item: Leftovers","|-heal|p2a: Tyranitar|246/387|[from] item: Leftovers","|upkeep","|turn|48","||adding 10 for new turn","|","|t:|1752925945","|move|p1a: Gengar|Giga Drain|p2a: Tyranitar","|-supereffective|p2a: Tyranitar","|-damage|p2a: Tyranitar|45/387","|move|p2a: Tyranitar|Rock Slide|p1a: Gengar","|-damage|p1a: Gengar|100/263","|","|-weather|Sandstorm|[upkeep]","|-damage|p1a: Gengar|84/263|[from] Sandstorm","|-heal|p1a: Gengar|100/263|[from] item: Leftovers","|-heal|p2a: Tyranitar|69/387|[from] item: Leftovers","|upkeep","|turn|49","||adding 10 for new turn","|","|t:|1752925947","|move|p1a: Gengar|Giga Drain|p2a: Tyranitar","|-supereffective|p2a: Tyranitar","|-damage|p2a: Tyranitar|0 fnt","|-heal|p1a: Gengar|134/263|[from] drain|[of] p2a: Tyranitar","|faint|p2a: Tyranitar","||adding 5 to each for mid turn request","|","|t:|1752925947","|switch|p2a: Claydol|Claydol|317/317","|","|-weather|Sandstorm|[upkeep]","|-damage|p1a: Gengar|118/263|[from] Sandstorm","|-heal|p1a: Gengar|134/263|[from] item: Leftovers","|upkeep","|turn|50","||adding 10 for new turn","|","|t:|1752925948","|move|p1a: Gengar|Giga Drain|p2a: Claydol","|-supereffective|p2a: Claydol","|-damage|p2a: Claydol|143/317","|-heal|p1a: Gengar|221/263|[from] drain|[of] p2a: Claydol","|move|p2a: Claydol|Psychic|p1a: Gengar","|-supereffective|p1a: Gengar","|-damage|p1a: Gengar|95/263","|","|-weather|Sandstorm|[upkeep]","|-damage|p1a: Gengar|79/263|[from] Sandstorm","|-heal|p1a: Gengar|95/263|[from] item: Leftovers","|-heal|p2a: Claydol|162/317|[from] item: Leftovers","|upkeep","|turn|51","||adding 10 for new turn","|","|t:|1752925949","|move|p1a: Gengar|Ice Punch|p2a: Claydol","|-supereffective|p2a: Claydol","|-damage|p2a: Claydol|0 fnt","|faint|p2a: Claydol","||adding 5 to each for mid turn request","|","|t:|1752925950","|switch|p2a: Dugtrio|Dugtrio, M|211/211","|","|-weather|Sandstorm|[upkeep]","|-damage|p1a: Gengar|79/263|[from] Sandstorm","|-heal|p1a: Gengar|95/263|[from] item: Leftovers","|upkeep","|turn|52","||adding 10 for new turn","|","|t:|1752925951","|switch|p1a: Celebi|Celebi|165/393","|-damage|p1a: Celebi|116/393|[from] Spikes","|move|p2a: Dugtrio|Screech|p1a: Celebi","|-unboost|p1a: Celebi|def|2","|","|-weather|Sandstorm|[upkeep]","|-damage|p1a: Celebi|92/393|[from] Sandstorm","|-heal|p1a: Celebi|116/393|[from] item: Leftovers","|upkeep","|turn|53","||adding 10 for new turn","|","|t:|1752925951","|move|p2a: Dugtrio|Screech|p1a: Celebi","|-unboost|p1a: Celebi|def|2","|move|p1a: Celebi|Giga Drain|p2a: Dugtrio","|-supereffective|p2a: Dugtrio","|-damage|p2a: Dugtrio|19/211","|-heal|p1a: Celebi|212/393|[from] drain|[of] p2a: Dugtrio","|","|-weather|Sandstorm|[upkeep]","|-damage|p1a: Celebi|188/393|[from] Sandstorm","|-heal|p1a: Celebi|212/393|[from] item: Leftovers","|upkeep","|turn|54","||adding 10 for new turn","|","|t:|1752925952","|move|p2a: Dugtrio|Screech|p1a: Celebi|[miss]","|-miss|p2a: Dugtrio|p1a: Celebi","|move|p1a: Celebi|Hidden Power|p2a: Dugtrio","|-supereffective|p2a: Dugtrio","|-damage|p2a: Dugtrio|0 fnt","|faint|p2a: Dugtrio","|","|win|foultestchallenge1",""],"p1rating":null,"p2rating":null,"endType":"normal","ladderError":true,"timestamp":"Sat Jul 19 2025 04:52:32 GMT-0700 (アメリカ太平洋夏時間)","roomid":"battle-gen3ou-974","format":"gen3ou"}