{"winner":"foultestchallenge1","seed":"sodium,915ed46ad85a0a25b34780f353f6b005","turns":38,"p1":"foultestchallenge1","p2":"foultestacceptor1","p1team":[{"name":"Tyranitar","species":"Tyranitar","item":"Leftovers","ability":"Sand Stream","moves":["Rock Slide","Earthquake","Hidden Power Bug","Roar"],"nature":"Adamant","evs":{"hp":184,"atk":196,"def":120,"spa":0,"spd":0,"spe":8},"gender":"M","ivs":{"hp":31,"atk":30,"def":30,"spa":31,"spd":30,"spe":31},"happiness":255,"hpType":"Bug","pokeball":"","gigantamax":false,"dynamaxLevel":10,"teraType":"","level":100},{"name":"Milotic","species":"Milotic","item":"Leftovers","ability":"Marvel Scale","moves":["Surf","Toxic","Recover","Refresh"],"nature":"Bold","evs":{"hp":248,"atk":0,"def":212,"spa":0,"spd":0,"spe":48},"gender":"F","ivs":{"hp":31,"atk":0,"def":31,"spa":31,"spd":31,"spe":31},"level":100},{"name":"Blissey","species":"Blissey","item":"Leftovers","ability":"Natural Cure","moves":["Seismic Toss","Ice Beam","Thunder Wave","Soft-Boiled"],"nature":"Bold","evs":{"hp":40,"atk":0,"def":244,"spa":208,"spd":0,"spe":16},"gender":"F","level":100,"ivs":{"hp":31,"atk":31,"def":31,"spa":31,"spd":31,"spe":31}},{"name":"Skarmory","species":"Skarmory","item":"Leftovers","ability":"Keen Eye","moves":["Drill Peck","Toxic","Spikes","Roar"],"nature":"Careful","evs":{"hp":248,"atk":0,"def":0,"spa":0,"spd":236,"spe":24},"gender":"M","level":100,"ivs":{"hp":31,"atk":31,"def":31,"spa":31,"spd":31,"spe":31}},{"name":"Claydol","species":"Claydol","item":"Leftovers","ability":"Levitate","moves":["Earthquake","Psychic","Refresh","Rapid Spin"],"nature":"Adamant","evs":{"hp":224,"atk":228,"def":0,"spa":36,"spd":0,"spe":20},"gender":"N","level":100,"ivs":{"hp":31,"atk":31,"def":31,"spa":31,"spd":31,"spe":31}},{"name":"Dugtrio","species":"Dugtrio","item":"Choice Band","ability":"Arena Trap","moves":["Earthquake","Aerial Ace","Hidden Power Bug","Screech"],"nature":"Jolly","evs":{"hp":0,"atk":252,"def":0,"spa":0,"spd":4,"spe":252},"gender":"F","ivs":{"hp":31,"atk":30,"def":30,"spa":31,"spd":30,"spe":31},"happiness":255,"hpType":"Bug","pokeball":"","gigantamax":false,"dynamaxLevel":10,"teraType":"","level":100}],"p2team":[{"name":"Zapdos","species":"Zapdos","item":"Leftovers","ability":"Pressure","moves":["Thunderbolt","Hidden Power Grass","Baton Pass","Roar"],"nature":"Modest","evs":{"hp":0,"atk":0,"def":0,"spa":220,"spd":48,"spe":240},"gender":"N","ivs":{"hp":31,"atk":2,"def":31,"spa":30,"spd":31,"spe":31},"happiness":255,"hpType":"Grass","pokeball":"","gigantamax":false,"dynamaxLevel":10,"teraType":"","level":100},{"name":"Metagross","species":"Metagross","item":"Choice Band","ability":"Clear Body","moves":["Meteor Mash","Explosion","Earthquake","Rock Slide"],"nature":"Adamant","evs":{"hp":128,"atk":252,"def":0,"spa":0,"spd":0,"spe":128},"gender":"N","level":100,"ivs":{"hp":31,"atk":31,"def":31,"spa":31,"spd":31,"spe":31}},{"name":"Celebi","species":"Celebi","item":"Leftovers","ability":"Natural Cure","moves":["Calm Mind","Giga Drain","Hidden Power Ice","Baton Pass"],"nature":"Timid","evs":{"hp":208,"atk":0,"def":84,"spa":36,"spd":0,"spe":180},"gender":"N","ivs":{"hp":31,"atk":3,"def":31,"spa":31,"spd":31,"spe":30},"happiness":255,"hpType":"Ice","pokeball":"","gigantamax":false,"dynamaxLevel":10,"teraType":"","level":100},{"name":"Gengar","species":"Gengar","item":"Leftovers","ability":"Levitate","moves":["Thunderbolt","Ice Punch","Giga Drain","Explosion"],"nature":"Timid","evs":{"hp":8,"atk":0,"def":200,"spa":116,"spd":0,"spe":184},"gender":"F","level":100,"ivs":{"hp":31,"atk":31,"def":31,"spa":31,"spd":31,"spe":31}},{"name":"Swampert","species":"Swampert","item":"Leftovers","ability":"Torrent","moves":["Hydro Pump","Earthquake","Ice Beam","Refresh"],"nature":"Quiet","evs":{"hp":240,"atk":0,"def":12,"spa":216,"spd":0,"spe":40},"gender":"M","level":100,"ivs":{"hp":31,"atk":31,"def":31,"spa":31,"spd":31,"spe":31}},{"name":"Charizard","species":"Charizard","item":"Leftovers","ability":"Blaze","moves":["Substitute","Hidden Power Grass","Fire Blast","Focus Punch"],"nature":"Mild","evs":{"hp":0,"atk":4,"def":0,"spa":252,"spd":0,"spe":252},"gender":"M","ivs":{"hp":31,"atk":30,"def":31,"spa":30,"spd":31,"spe":31},"happiness":255,"hpType":"Grass","pokeball":"","gigantamax":false,"dynamaxLevel":10,"teraType":"","level":100}],"score":[4,0],"inputLog":[">version 372d05e49c92a79eecdf6c8dddb208bd1765c00f",">start {\"formatid\":\"gen3ou\",\"seed\":\"sodium,915ed46ad85a0a25b34780f353f6b005\"}",">player p1 {\"name\":\"foultestchallenge1\",\"avatar\":\"1\",\"team\":\"Tyranitar||Leftovers|SandStream|RockSlide,Earthquake,HiddenPowerBug,Roar|Adamant|184,196,120,,,8|M|,30,30,,30,|||,Bug,,,,]Milotic||Leftovers|MarvelScale|Surf,Toxic,Recover,Refresh|Bold|248,,212,,,48|F|,0,,,,|||]Blissey||Leftovers|NaturalCure|SeismicToss,IceBeam,ThunderWave,SoftBoiled|Bold|40,,244,208,,16|F||||]Skarmory||Leftovers|KeenEye|DrillPeck,Toxic,Spikes,Roar|Careful|248,,,,236,24|M||||]Claydol||Leftovers|Levitate|Earthquake,Psychic,Refresh,RapidSpin|Adamant|224,228,,36,,20|N||||]Dugtrio||ChoiceBand|ArenaTrap|Earthquake,AerialAce,HiddenPowerBug,Screech|Jolly|,252,,,4,252|F|,30,30,,30,|||,Bug,,,,\",\"rating\":0}",">player p2 {\"name\":\"foultestacceptor1\",\"avatar\":\"1\",\"team\":\"Zapdos||Leftovers|Pressure|Thunderbolt,HiddenPowerGrass,BatonPass,Roar|Modest|,,,220,48,240|N|,2,,30,,|||,Grass,,,,]Metagross||ChoiceBand|ClearBody|MeteorMash,Explosion,Earthquake,RockSlide|Adamant|128,252,,,,128|N||||]Celebi||Leftovers|NaturalCure|CalmMind,GigaDrain,HiddenPowerIce,BatonPass|Timid|208,,84,36,,180|N|,3,,,,30|||,Ice,,,,]Gengar||Leftovers|Levitate|Thunderbolt,IcePunch,GigaDrain,Explosion|Timid|8,,200,116,,184|F||||]Swampert||Leftovers|Torrent|HydroPump,Earthquake,IceBeam,Refresh|Quiet|240,,12,216,,40|M||||]Charizard||Leftovers|Blaze|Substitute,HiddenPowerGrass,FireBlast,FocusPunch|Mild|,4,,252,,252|M|,30,,30,,|||,Grass,,,,\",\"rating\":0}",">p1 move rockslide",">p2 switch 2",">p1 switch 4",">p2 move meteormash",">p1 move spikes",">p2 move meteormash",">p1 move roar",">p2 move meteormash",">p1 switch 3",">p2 move thunderbolt",">p1 move icebeam",">p2 switch 2",">p1 switch 2",">p2 move meteormash",">p1 move recover",">p2 move meteormash",">p1 move surf",">p2 move meteormash",">p1 move surf",">p2 move meteormash",">p2 switch 2",">p1 switch 2",">p2 move thunderbolt",">p1 move icebeam",">p2 move thunderbolt",">p1 move softboiled",">p2 switch 5",">p1 move icebeam",">p2 move earthquake",">p1 move softboiled",">p2 move earthquake",">p1 move icebeam",">p2 move earthquake",">p1 move softboiled",">p2 move earthquake",">p1 move seismictoss",">p2 move earthquake",">p1 move icebeam",">p2 move earthquake",">p1 move seismictoss",">p2 move earthquake",">p1 move seismictoss",">p2 move hydropump",">p2 switch 6",">p1 move icebeam",">p2 move fireblast",">p1 move icebeam",">p2 move focuspunch",">p1 move icebeam",">p2 move fireblast",">p1 move icebeam",">p2 move fireblast",">p1 switch 2",">p1 move recover",">p2 move hiddenpower",">p1 move recover",">p2 move hiddenpower",">p1 move recover",">p2 move hiddenpower",">p1 move surf",">p2 move hiddenpower",">p2 switch 5",">p1 switch 5",">p2 move thunderbolt",">p1 move psychic",">p2 move hiddenpower",">p1 move psychic",">p2 move hiddenpower",">p2 switch 4",">p1 switch 4",">p2 move gigadrain",">p1 move rockslide",">p2 move gigadrain",">p1 move rockslide",">p2 move gigadrain",">p2 switch 3",">p1 move hiddenpower",">p2 move gigadrain",">p1 switch 6",">p1 move hiddenpower",">p2 move gigadrain",">p1 move hiddenpower",">p2 move calmmind"],"log":["|j|☆foultestchallenge1","|j|☆foultestacceptor1","|t:|1752923467","|gametype|singles","|player|p1|foultestchallenge1|1|","|player|p2|foultestacceptor1|1|","|teamsize|p1|6","|teamsize|p2|6","|gen|3","|tier|[Gen 3] OU","|rule|Sleep Clause Mod: Limit one foe put to sleep","|rule|Switch Priority Clause Mod: Faster Pokémon switch first","|rule|Species Clause: Limit one of each Pokémon","|rule|OHKO Clause: OHKO moves are banned","|rule|Evasion Items Clause: Evasion items are banned","|rule|Evasion Moves Clause: Evasion moves are banned","|rule|Endless Battle Clause: Forcing endless battles is banned","|rule|HP Percentage Mod: HP is shown in percentages","|rule|One Boost Passer Clause: Limit one Baton Passer that has a way to boost its stats","|rule|Freeze Clause Mod: Limit one foe frozen","|","|t:|1752923467","|start","|switch|p1a: Tyranitar|Tyranitar, M|387/387","|switch|p2a: Zapdos|Zapdos|321/321","|-ability|p2a: Zapdos|Pressure|[silent]","|-weather|Sandstorm|[from] ability: Sand Stream|[of] p1a: Tyranitar","|turn|1","|inactive|Battle timer is ON: inactive players will automatically lose when time's up. (requested by foultestchallenge1)","|inactive|foultestacceptor1 also wants the timer to be on.","|","|t:|1752923469","|switch|p2a: Metagross|Metagross|333/333","|move|p1a: Tyranitar|Rock Slide|p2a: Metagross","|-resisted|p2a: Metagross","|-damage|p2a: Metagross|277/333","|","|-weather|Sandstorm|[upkeep]","|upkeep","|turn|2","||adding 10 for new turn","|","|t:|1752923470","|switch|p1a: Skarmory|Skarmory, M|333/333","|move|p2a: Metagross|Meteor Mash|p1a: Skarmory","|-resisted|p1a: Skarmory","|-damage|p1a: Skarmory|220/333","|","|-weather|Sandstorm|[upkeep]","|-heal|p1a: Skarmory|240/333|[from] item: Leftovers","|upkeep","|turn|3","||adding 10 for new turn","|","|t:|1752923471","|move|p2a: Metagross|Meteor Mash|p1a: Skarmory","|-resisted|p1a: Skarmory","|-damage|p1a: Skarmory|131/333","|move|p1a: Skarmory|Spikes|p2a: Metagross","|-sidestart|p2: foultestacceptor1|Spikes","|","|-weather|Sandstorm|[upkeep]","|-heal|p1a: Skarmory|151/333|[from] item: Leftovers","|upkeep","|turn|4","||adding 10 for new turn","|","|t:|1752923472","|move|p2a: Metagross|Meteor Mash|p1a: Skarmory|[miss]","|-miss|p2a: Metagross|p1a: Skarmory","|move|p1a: Skarmory|Roar|p2a: Metagross","|drag|p2a: Zapdos|Zapdos|321/321","|-ability|p2a: Zapdos|Pressure|[silent]","|","|-weather|Sandstorm|[upkeep]","|-damage|p2a: Zapdos|301/321|[from] Sandstorm","|-heal|p2a: Zapdos|321/321|[from] item: Leftovers","|-heal|p1a: Skarmory|171/333|[from] item: Leftovers","|upkeep","|turn|5","||adding 10 for new turn","|","|t:|1752923473","|switch|p1a: Blissey|Blissey, F|661/661","|move|p2a: Zapdos|Thunderbolt|p1a: Blissey","|-damage|p1a: Blissey|527/661","|","|-weather|Sandstorm|[upkeep]","|-damage|p2a: Zapdos|301/321|[from] Sandstorm","|-damage|p1a: Blissey|486/661|[from] Sandstorm","|-heal|p2a: Zapdos|321/321|[from] item: Leftovers","|-heal|p1a: Blissey|527/661|[from] item: Leftovers","|upkeep","|turn|6","||adding 10 for new turn","|","|t:|1752923474","|switch|p2a: Metagross|Metagross|277/333","|-damage|p2a: Metagross|236/333|[from] Spikes","|move|p1a: Blissey|Ice Beam|p2a: Metagross","|-resisted|p2a: Metagross","|-damage|p2a: Metagross|195/333","|","|-weather|Sandstorm|[upkeep]","|-damage|p1a: Blissey|486/661|[from] Sandstorm","|-heal|p1a: Blissey|527/661|[from] item: Leftovers","|upkeep","|turn|7","||adding 10 for new turn","|","|t:|1752923475","|switch|p1a: Milotic|Milotic, F|393/393","|move|p2a: Metagross|Meteor Mash|p1a: Milotic","|-resisted|p1a: Milotic","|-damage|p1a: Milotic|271/393","|","|-weather|Sandstorm|[upkeep]","|-damage|p1a: Milotic|247/393|[from] Sandstorm","|-heal|p1a: Milotic|271/393|[from] item: Leftovers","|upkeep","|turn|8","||adding 10 for new turn","|","|t:|1752923476","|move|p1a: Milotic|Recover|p1a: Milotic","|-heal|p1a: Milotic|393/393","|move|p2a: Metagross|Meteor Mash|p1a: Milotic","|-resisted|p1a: Milotic","|-damage|p1a: Milotic|270/393","|","|-weather|Sandstorm|[upkeep]","|-damage|p1a: Milotic|246/393|[from] Sandstorm","|-heal|p1a: Milotic|270/393|[from] item: Leftovers","|upkeep","|turn|9","||adding 10 for new turn","|","|t:|1752923477","|move|p1a: Milotic|Surf|p2a: Metagross","|-damage|p2a: Metagross|76/333","|move|p2a: Metagross|Meteor Mash|p1a: Milotic","|-resisted|p1a: Milotic","|-damage|p1a: Milotic|144/393","|-boost|p2a: Metagross|atk|1","|","|-weather|Sandstorm|[upkeep]","|-damage|p1a: Milotic|120/393|[from] Sandstorm","|-heal|p1a: Milotic|144/393|[from] item: Leftovers","|upkeep","|turn|10","||adding 10 for new turn","|","|t:|1752923478","|move|p1a: Milotic|Surf|p2a: Metagross","|-damage|p2a: Metagross|0 fnt","|faint|p2a: Metagross","||adding 5 to each for mid turn request","|","|t:|1752923479","|switch|p2a: Zapdos|Zapdos|321/321","|-ability|p2a: Zapdos|Pressure|[silent]","|","|-weather|Sandstorm|[upkeep]","|-damage|p2a: Zapdos|301/321|[from] Sandstorm","|-damage|p1a: Milotic|120/393|[from] Sandstorm","|-heal|p2a: Zapdos|321/321|[from] item: Leftovers","|-heal|p1a: Milotic|144/393|[from] item: Leftovers","|upkeep","|turn|11","||adding 10 for new turn","|","|t:|1752923480","|switch|p1a: Blissey|Blissey, F|527/661","|move|p2a: Zapdos|Thunderbolt|p1a: Blissey","|-damage|p1a: Blissey|397/661","|","|-weather|Sandstorm|[upkeep]","|-damage|p2a: Zapdos|301/321|[from] Sandstorm","|-damage|p1a: Blissey|356/661|[from] Sandstorm","|-heal|p2a: Zapdos|321/321|[from] item: Leftovers","|-heal|p1a: Blissey|397/661|[from] item: Leftovers","|upkeep","|turn|12","||adding 10 for new turn","|","|t:|1752923481","|move|p2a: Zapdos|Thunderbolt|p1a: Blissey","|-damage|p1a: Blissey|258/661","|move|p1a: Blissey|Ice Beam|p2a: Zapdos","|-supereffective|p2a: Zapdos","|-damage|p2a: Zapdos|165/321","|","|-weather|Sandstorm|[upkeep]","|-damage|p2a: Zapdos|145/321|[from] Sandstorm","|-damage|p1a: Blissey|217/661|[from] Sandstorm","|-heal|p2a: Zapdos|165/321|[from] item: Leftovers","|-heal|p1a: Blissey|258/661|[from] item: Leftovers","|upkeep","|turn|13","||adding 10 for new turn","|","|t:|1752923482","|switch|p2a: Swampert|Swampert, M|401/401","|-damage|p2a: Swampert|351/401|[from] Spikes","|move|p1a: Blissey|Soft-Boiled|p1a: Blissey","|-heal|p1a: Blissey|588/661","|","|-weather|Sandstorm|[upkeep]","|-damage|p1a: Blissey|547/661|[from] Sandstorm","|-heal|p1a: Blissey|588/661|[from] item: Leftovers","|-heal|p2a: Swampert|376/401|[from] item: Leftovers","|upkeep","|turn|14","||adding 10 for new turn","|","|t:|1752923483","|move|p1a: Blissey|Ice Beam|p2a: Swampert","|-damage|p2a: Swampert|287/401","|move|p2a: Swampert|Earthquake|p1a: Blissey","|-damage|p1a: Blissey|333/661","|","|-weather|Sandstorm|[upkeep]","|-damage|p1a: Blissey|292/661|[from] Sandstorm","|-heal|p1a: Blissey|333/661|[from] item: Leftovers","|-heal|p2a: Swampert|312/401|[from] item: Leftovers","|upkeep","|turn|15","||adding 10 for new turn","|","|t:|1752923484","|move|p1a: Blissey|Soft-Boiled|p1a: Blissey","|-heal|p1a: Blissey|661/661","|move|p2a: Swampert|Earthquake|p1a: Blissey","|-damage|p1a: Blissey|440/661","|","|-weather|Sandstorm|[upkeep]","|-damage|p1a: Blissey|399/661|[from] Sandstorm","|-heal|p1a: Blissey|440/661|[from] item: Leftovers","|-heal|p2a: Swampert|337/401|[from] item: Leftovers","|upkeep","|turn|16","||adding 10 for new turn","|","|t:|1752923485","|move|p1a: Blissey|Ice Beam|p2a: Swampert","|-damage|p2a: Swampert|252/401","|-status|p2a: Swampert|frz","|cant|p2a: Swampert|frz","|","|-weather|Sandstorm|[upkeep]","|-damage|p1a: Blissey|399/661|[from] Sandstorm","|-heal|p1a: Blissey|440/661|[from] item: Leftovers","|-heal|p2a: Swampert|277/401 frz|[from] item: Leftovers","|upkeep","|turn|17","||adding 10 for new turn","|","|t:|1752923486","|move|p1a: Blissey|Soft-Boiled|p1a: Blissey","|-heal|p1a: Blissey|661/661","|cant|p2a: Swampert|frz","|","|-weather|Sandstorm|[upkeep]","|-damage|p1a: Blissey|620/661|[from] Sandstorm","|-heal|p1a: Blissey|661/661|[from] item: Leftovers","|-heal|p2a: Swampert|302/401 frz|[from] item: Leftovers","|upkeep","|turn|18","||adding 10 for new turn","|","|t:|1752923487","|move|p1a: Blissey|Seismic Toss|p2a: Swampert","|-damage|p2a: Swampert|202/401 frz","|cant|p2a: Swampert|frz","|","|-weather|Sandstorm|[upkeep]","|-damage|p1a: Blissey|620/661|[from] Sandstorm","|-heal|p1a: Blissey|661/661|[from] item: Leftovers","|-heal|p2a: Swampert|227/401 frz|[from] item: Leftovers","|upkeep","|turn|19","||adding 10 for new turn","|","|t:|1752923488","|move|p1a: Blissey|Ice Beam|p2a: Swampert","|-damage|p2a: Swampert|142/401 frz","|cant|p2a: Swampert|frz","|","|-weather|Sandstorm|[upkeep]","|-damage|p1a: Blissey|620/661|[from] Sandstorm","|-heal|p1a: Blissey|661/661|[from] item: Leftovers","|-heal|p2a: Swampert|167/401 frz|[from] item: Leftovers","|upkeep","|turn|20","||adding 10 for new turn","|","|t:|1752923489","|move|p1a: Blissey|Seismic Toss|p2a: Swampert","|-damage|p2a: Swampert|67/401 frz","|cant|p2a: Swampert|frz","|","|-weather|Sandstorm|[upkeep]","|-damage|p1a: Blissey|620/661|[from] Sandstorm","|-heal|p1a: Blissey|661/661|[from] item: Leftovers","|-heal|p2a: Swampert|92/401 frz|[from] item: Leftovers","|upkeep","|turn|21","||adding 10 for new turn","|","|t:|1752923490","|move|p1a: Blissey|Seismic Toss|p2a: Swampert","|-damage|p2a: Swampert|0 fnt","|faint|p2a: Swampert","||adding 5 to each for mid turn request","|","|t:|1752923491","|switch|p2a: Charizard|Charizard, M|297/297","|","|-weather|Sandstorm|[upkeep]","|-damage|p2a: Charizard|279/297|[from] Sandstorm","|-damage|p1a: Blissey|620/661|[from] Sandstorm","|-heal|p2a: Charizard|297/297|[from] item: Leftovers","|-heal|p1a: Blissey|661/661|[from] item: Leftovers","|upkeep","|turn|22","||adding 10 for new turn","|","|t:|1752923492","|move|p2a: Charizard|Fire Blast|p1a: Blissey","|-crit|p1a: Blissey","|-damage|p1a: Blissey|327/661","|move|p1a: Blissey|Ice Beam|p2a: Charizard","|-damage|p2a: Charizard|217/297","|","|-weather|Sandstorm|[upkeep]","|-damage|p2a: Charizard|199/297|[from] Sandstorm","|-damage|p1a: Blissey|286/661|[from] Sandstorm","|-heal|p2a: Charizard|217/297|[from] item: Leftovers","|-heal|p1a: Blissey|327/661|[from] item: Leftovers","|upkeep","|turn|23","||adding 10 for new turn","|","|t:|1752923493","|-singleturn|p2a: Charizard|move: Focus Punch","|move|p1a: Blissey|Ice Beam|p2a: Charizard","|-damage|p2a: Charizard|124/297","|move|p2a: Charizard|Focus Punch||[still]","|cant|p2a: Charizard|Focus Punch|Focus Punch","|","|-weather|Sandstorm|[upkeep]","|-damage|p2a: Charizard|106/297|[from] Sandstorm","|-damage|p1a: Blissey|286/661|[from] Sandstorm","|-heal|p2a: Charizard|124/297|[from] item: Leftovers","|-heal|p1a: Blissey|327/661|[from] item: Leftovers","|upkeep","|turn|24","||adding 10 for new turn","|","|t:|1752923494","|move|p2a: Charizard|Fire Blast|p1a: Blissey","|-damage|p1a: Blissey|176/661","|move|p1a: Blissey|Ice Beam|p2a: Charizard","|-damage|p2a: Charizard|41/297","|","|-weather|Sandstorm|[upkeep]","|-damage|p2a: Charizard|23/297|[from] Sandstorm","|-damage|p1a: Blissey|135/661|[from] Sandstorm","|-heal|p2a: Charizard|41/297|[from] item: Leftovers","|-heal|p1a: Blissey|176/661|[from] item: Leftovers","|upkeep","|turn|25","||adding 10 for new turn","|","|t:|1752923495","|move|p2a: Charizard|Fire Blast|p1a: Blissey","|-damage|p1a: Blissey|0 fnt","|faint|p1a: Blissey","||adding 5 to each for mid turn request","|","|t:|1752923495","|switch|p1a: Milotic|Milotic, F|144/393","|","|-weather|Sandstorm|[upkeep]","|-damage|p2a: Charizard|23/297|[from] Sandstorm","|-damage|p1a: Milotic|120/393|[from] Sandstorm","|-heal|p2a: Charizard|41/297|[from] item: Leftovers","|-heal|p1a: Milotic|144/393|[from] item: Leftovers","|upkeep","|turn|26","||adding 10 for new turn","|","|t:|1752923496","|move|p2a: Charizard|Hidden Power|p1a: Milotic","|-supereffective|p1a: Milotic","|-damage|p1a: Milotic|1/393","|move|p1a: Milotic|Recover|p1a: Milotic","|-heal|p1a: Milotic|197/393","|","|-weather|Sandstorm|[upkeep]","|-damage|p2a: Charizard|23/297|[from] Sandstorm","|-damage|p1a: Milotic|173/393|[from] Sandstorm","|-heal|p2a: Charizard|41/297|[from] item: Leftovers","|-heal|p1a: Milotic|197/393|[from] item: Leftovers","|upkeep","|turn|27","||adding 10 for new turn","|","|t:|1752923497","|move|p2a: Charizard|Hidden Power|p1a: Milotic","|-supereffective|p1a: Milotic","|-damage|p1a: Milotic|69/393","|move|p1a: Milotic|Recover|p1a: Milotic","|-heal|p1a: Milotic|265/393","|","|-weather|Sandstorm|[upkeep]","|-damage|p2a: Charizard|23/297|[from] Sandstorm","|-damage|p1a: Milotic|241/393|[from] Sandstorm","|-heal|p2a: Charizard|41/297|[from] item: Leftovers","|-heal|p1a: Milotic|265/393|[from] item: Leftovers","|upkeep","|turn|28","||adding 10 for new turn","|","|t:|1752923498","|move|p2a: Charizard|Hidden Power|p1a: Milotic","|-supereffective|p1a: Milotic","|-damage|p1a: Milotic|137/393","|move|p1a: Milotic|Recover|p1a: Milotic","|-heal|p1a: Milotic|333/393","|","|-weather|Sandstorm|[upkeep]","|-damage|p2a: Charizard|23/297|[from] Sandstorm","|-damage|p1a: Milotic|309/393|[from] Sandstorm","|-heal|p2a: Charizard|41/297|[from] item: Leftovers","|-heal|p1a: Milotic|333/393|[from] item: Leftovers","|upkeep","|turn|29","||adding 10 for new turn","|","|t:|1752923499","|move|p2a: Charizard|Hidden Power|p1a: Milotic","|-supereffective|p1a: Milotic","|-damage|p1a: Milotic|187/393","|move|p1a: Milotic|Surf|p2a: Charizard","|-supereffective|p2a: Charizard","|-damage|p2a: Charizard|0 fnt","|faint|p2a: Charizard","||adding 5 to each for mid turn request","|","|t:|1752923500","|switch|p2a: Zapdos|Zapdos|165/321","|-ability|p2a: Zapdos|Pressure|[silent]","|","|-weather|Sandstorm|[upkeep]","|-damage|p2a: Zapdos|145/321|[from] Sandstorm","|-damage|p1a: Milotic|163/393|[from] Sandstorm","|-heal|p2a: Zapdos|165/321|[from] item: Leftovers","|-heal|p1a: Milotic|187/393|[from] item: Leftovers","|upkeep","|turn|30","||adding 10 for new turn","|","|t:|1752923500","|switch|p1a: Claydol|Claydol|317/317","|move|p2a: Zapdos|Thunderbolt|p1a: Claydol","|-immune|p1a: Claydol","|","|-weather|Sandstorm|[upkeep]","|-damage|p2a: Zapdos|145/321|[from] Sandstorm","|-heal|p2a: Zapdos|165/321|[from] item: Leftovers","|upkeep","|turn|31","||adding 10 for new turn","|","|t:|1752923501","|move|p2a: Zapdos|Hidden Power|p1a: Claydol","|-supereffective|p1a: Claydol","|-damage|p1a: Claydol|172/317","|move|p1a: Claydol|Psychic|p2a: Zapdos","|-damage|p2a: Zapdos|92/321","|","|-weather|Sandstorm|[upkeep]","|-damage|p2a: Zapdos|72/321|[from] Sandstorm","|-heal|p2a: Zapdos|92/321|[from] item: Leftovers","|-heal|p1a: Claydol|191/317|[from] item: Leftovers","|upkeep","|turn|32","||adding 10 for new turn","|","|t:|1752923502","|move|p2a: Zapdos|Hidden Power|p1a: Claydol","|-supereffective|p1a: Claydol","|-damage|p1a: Claydol|52/317","|move|p1a: Claydol|Psychic|p2a: Zapdos","|-damage|p2a: Zapdos|10/321","|","|-weather|Sandstorm|[upkeep]","|-damage|p2a: Zapdos|0 fnt|[from] Sandstorm","|faint|p2a: Zapdos","|-heal|p1a: Claydol|71/317|[from] item: Leftovers","|upkeep","||adding 5 to each for mid turn request","|","|t:|1752923503","|switch|p2a: Gengar|Gengar, F|263/263","|turn|33","||adding 10 for new turn","|","|t:|1752923504","|switch|p1a: Tyranitar|Tyranitar, M|387/387","|move|p2a: Gengar|Giga Drain|p1a: Tyranitar","|-supereffective|p1a: Tyranitar","|-damage|p1a: Tyranitar|267/387","|","|-weather|Sandstorm|[upkeep]","|-damage|p2a: Gengar|247/263|[from] Sandstorm","|-heal|p2a: Gengar|263/263|[from] item: Leftovers","|-heal|p1a: Tyranitar|291/387|[from] item: Leftovers","|upkeep","|turn|34","||adding 10 for new turn","|","|t:|1752923505","|move|p2a: Gengar|Giga Drain|p1a: Tyranitar","|-supereffective|p1a: Tyranitar","|-damage|p1a: Tyranitar|171/387","|move|p1a: Tyranitar|Rock Slide|p2a: Gengar","|-damage|p2a: Gengar|109/263","|","|-weather|Sandstorm|[upkeep]","|-damage|p2a: Gengar|93/263|[from] Sandstorm","|-heal|p2a: Gengar|109/263|[from] item: Leftovers","|-heal|p1a: Tyranitar|195/387|[from] item: Leftovers","|upkeep","|turn|35","||adding 10 for new turn","|","|t:|1752923506","|move|p2a: Gengar|Giga Drain|p1a: Tyranitar","|-supereffective|p1a: Tyranitar","|-damage|p1a: Tyranitar|63/387","|-heal|p2a: Gengar|175/263|[from] drain|[of] p1a: Tyranitar","|move|p1a: Tyranitar|Rock Slide|p2a: Gengar","|-damage|p2a: Gengar|1/263","|","|-weather|Sandstorm|[upkeep]","|-damage|p2a: Gengar|0 fnt|[from] Sandstorm","|faint|p2a: Gengar","|-heal|p1a: Tyranitar|87/387|[from] item: Leftovers","|upkeep","||adding 5 to each for mid turn request","|","|t:|1752923507","|switch|p2a: Celebi|Celebi|393/393","|-damage|p2a: Celebi|344/393|[from] Spikes","|turn|36","||adding 10 for new turn","|","|t:|1752923508","|move|p2a: Celebi|Giga Drain|p1a: Tyranitar","|-supereffective|p1a: Tyranitar","|-damage|p1a: Tyranitar|0 fnt","|-heal|p2a: Celebi|387/393|[from] drain|[of] p1a: Tyranitar","|faint|p1a: Tyranitar","||adding 5 to each for mid turn request","|","|t:|1752923509","|switch|p1a: Dugtrio|Dugtrio, F|211/211","|","|-weather|Sandstorm|[upkeep]","|-damage|p2a: Celebi|363/393|[from] Sandstorm","|-heal|p2a: Celebi|387/393|[from] item: Leftovers","|upkeep","|turn|37","||adding 10 for new turn","|","|t:|1752923510","|move|p1a: Dugtrio|Hidden Power|p2a: Celebi","|-supereffective|p2a: Celebi","|-damage|p2a: Celebi|31/393","|move|p2a: Celebi|Giga Drain|p1a: Dugtrio","|-supereffective|p1a: Dugtrio","|-damage|p1a: Dugtrio|17/211","|-heal|p2a: Celebi|128/393|[from] drain|[of] p1a: Dugtrio","|","|-weather|Sandstorm|[upkeep]","|-damage|p2a: Celebi|104/393|[from] Sandstorm","|-heal|p2a: Celebi|128/393|[from] item: Leftovers","|upkeep","|turn|38","||adding 10 for new turn","|","|t:|1752923511","|move|p1a: Dugtrio|Hidden Power|p2a: Celebi","|-supereffective|p2a: Celebi","|-damage|p2a: Celebi|0 fnt","|faint|p2a: Celebi","|","|win|foultestchallenge1",""],"p1rating":null,"p2rating":null,"endType":"normal","ladderError":true,"timestamp":"Sat Jul 19 2025 04:11:51 GMT-0700 (アメリカ太平洋夏時間)","roomid":"battle-gen3ou-931","format":"gen3ou"}