{"winner":"foultestacceptor1","seed":"sodium,7c21104a013694e68e70986c6b199d14","turns":32,"p1":"foultestchallenge1","p2":"foultestacceptor1","p1team":[{"name":"Metagross","species":"Metagross","item":"Leftovers","ability":"Clear Body","moves":["Meteor Mash","Earthquake","Agility","Explosion"],"nature":"Adamant","evs":{"hp":152,"atk":252,"def":0,"spa":0,"spd":0,"spe":104},"gender":"N","level":100,"ivs":{"hp":31,"atk":31,"def":31,"spa":31,"spd":31,"spe":31}},{"name":"Milotic","species":"Milotic","item":"Leftovers","ability":"Marvel Scale","moves":["Hypnosis","Surf","Ice Beam","Recover"],"nature":"Bold","evs":{"hp":248,"atk":0,"def":212,"spa":0,"spd":0,"spe":48},"gender":"F","ivs":{"hp":31,"atk":0,"def":31,"spa":31,"spd":31,"spe":31},"level":100},{"name":"Celebi","species":"Celebi","item":"Leftovers","ability":"Natural Cure","moves":["Swords Dance","Hidden Power Rock","Baton Pass","Recover"],"nature":"Jolly","evs":{"hp":240,"atk":0,"def":44,"spa":0,"spd":4,"spe":220},"gender":"N","ivs":{"hp":31,"atk":31,"def":30,"spa":31,"spd":30,"spe":30},"happiness":255,"hpType":"Rock","pokeball":"","gigantamax":false,"dynamaxLevel":10,"teraType":"","level":100},{"name":"Magneton","species":"Magneton","item":"Leftovers","ability":"Magnet Pull","moves":["Thunderbolt","Hidden Power Fire","Thunder Wave","Toxic"],"nature":"Timid","evs":{"hp":144,"atk":0,"def":0,"spa":112,"spd":0,"spe":252},"gender":"N","ivs":{"hp":31,"atk":2,"def":31,"spa":30,"spd":31,"spe":30},"happiness":255,"hpType":"Fire","pokeball":"","gigantamax":false,"dynamaxLevel":10,"teraType":"","level":100},{"name":"Heracross","species":"Heracross","item":"Leftovers","ability":"Guts","moves":["Megahorn","Rock Slide","Hidden Power Ghost","Brick Break"],"nature":"Adamant","evs":{"hp":144,"atk":16,"def":0,"spa":0,"spd":184,"spe":164},"gender":"F","ivs":{"hp":31,"atk":31,"def":30,"spa":31,"spd":30,"spe":31},"happiness":255,"hpType":"Ghost","pokeball":"","gigantamax":false,"dynamaxLevel":10,"teraType":"","level":100},{"name":"Gyarados","species":"Gyarados","item":"Leftovers","ability":"Intimidate","moves":["Hidden Power Flying","Double-Edge","Earthquake","Dragon Dance"],"nature":"Jolly","evs":{"hp":0,"atk":252,"def":4,"spa":0,"spd":0,"spe":252},"gender":"F","ivs":{"hp":30,"atk":30,"def":30,"spa":30,"spd":30,"spe":31},"happiness":255,"hpType":"Flying","pokeball":"","gigantamax":false,"dynamaxLevel":10,"teraType":"","level":100}],"p2team":[{"name":"Skarmory","species":"Skarmory","item":"Leftovers","ability":"Keen Eye","moves":["Spikes","Protect","Roar","Toxic"],"nature":"Careful","evs":{"hp":252,"atk":0,"def":8,"spa":0,"spd":248,"spe":0},"gender":"F","ivs":{"hp":31,"atk":0,"def":31,"spa":31,"spd":31,"spe":31},"level":100},{"name":"Blissey","species":"Blissey","item":"Leftovers","ability":"Natural Cure","moves":["Soft-Boiled","Ice Beam","Toxic","Fire Blast"],"nature":"Modest","evs":{"hp":0,"atk":0,"def":252,"spa":252,"spd":0,"spe":4},"gender":"F","ivs":{"hp":31,"atk":0,"def":31,"spa":31,"spd":31,"spe":31},"shiny":true,"level":100},{"name":"Tyranitar","species":"Tyranitar","item":"Leftovers","ability":"Sand Stream","moves":["Focus Punch","Rock Slide","Hidden Power Bug","Earthquake"],"nature":"Adamant","evs":{"hp":248,"atk":196,"def":12,"spa":0,"spd":52,"spe":0},"gender":"F","ivs":{"hp":31,"atk":30,"def":30,"spa":31,"spd":30,"spe":31},"happiness":255,"hpType":"Bug","pokeball":"","gigantamax":false,"dynamaxLevel":10,"teraType":"","level":100},{"name":"Swampert","species":"Swampert","item":"Leftovers","ability":"Torrent","moves":["Earthquake","Ice Beam","Hydro Pump","Protect"],"nature":"Relaxed","evs":{"hp":240,"atk":0,"def":136,"spa":40,"spd":48,"spe":44},"gender":"F","level":100,"ivs":{"hp":31,"atk":31,"def":31,"spa":31,"spd":31,"spe":31}},{"name":"Gengar","species":"Gengar","item":"Leftovers","ability":"Levitate","moves":["Will-O-Wisp","Thunderbolt","Ice Punch","Explosion"],"nature":"Timid","evs":{"hp":168,"atk":0,"def":0,"spa":0,"spd":164,"spe":176},"gender":"F","level":100,"ivs":{"hp":31,"atk":31,"def":31,"spa":31,"spd":31,"spe":31}},{"name":"Starmie","species":"Starmie","item":"Leftovers","ability":"Natural Cure","moves":["Hydro Pump","Ice Beam","Thunderbolt","Rapid Spin"],"nature":"Timid","evs":{"hp":4,"atk":0,"def":0,"spa":252,"spd":0,"spe":252},"gender":"N","ivs":{"hp":31,"atk":0,"def":31,"spa":31,"spd":31,"spe":31},"level":100}],"score":[0,2],"inputLog":[">version 372d05e49c92a79eecdf6c8dddb208bd1765c00f",">start {\"formatid\":\"gen3ou\",\"seed\":\"sodium,7c21104a013694e68e70986c6b199d14\"}",">player p1 {\"name\":\"foultestchallenge1\",\"avatar\":\"1\",\"team\":\"Metagross||Leftovers|ClearBody|MeteorMash,Earthquake,Agility,Explosion|Adamant|152,252,,,,104|N||||]Milotic||Leftovers|MarvelScale|Hypnosis,Surf,IceBeam,Recover|Bold|248,,212,,,48|F|,0,,,,|||]Celebi||Leftovers|NaturalCure|SwordsDance,HiddenPowerRock,BatonPass,Recover|Jolly|240,,44,,4,220|N|,,30,,30,30|||,Rock,,,,]Magneton||Leftovers|MagnetPull|Thunderbolt,HiddenPowerFire,ThunderWave,Toxic|Timid|144,,,112,,252|N|,2,,30,,30|||,Fire,,,,]Heracross||Leftovers|Guts|Megahorn,RockSlide,HiddenPowerGhost,BrickBreak|Adamant|144,16,,,184,164|F|,,30,,30,|||,Ghost,,,,]Gyarados||Leftovers|Intimidate|HiddenPowerFlying,DoubleEdge,Earthquake,DragonDance|Jolly|,252,4,,,252|F|30,30,30,30,30,|||,Flying,,,,\",\"rating\":0}",">player p2 {\"name\":\"foultestacceptor1\",\"avatar\":\"1\",\"team\":\"Skarmory||Leftovers|KeenEye|Spikes,Protect,Roar,Toxic|Careful|252,,8,,248,|F|,0,,,,|||]Blissey||Leftovers|NaturalCure|SoftBoiled,IceBeam,Toxic,FireBlast|Modest|,,252,252,,4|F|,0,,,,|S||]Tyranitar||Leftovers|SandStream|FocusPunch,RockSlide,HiddenPowerBug,Earthquake|Adamant|248,196,12,,52,|F|,30,30,,30,|||,Bug,,,,]Swampert||Leftovers|Torrent|Earthquake,IceBeam,HydroPump,Protect|Relaxed|240,,136,40,48,44|F||||]Gengar||Leftovers|Levitate|WillOWisp,Thunderbolt,IcePunch,Explosion|Timid|168,,,,164,176|F||||]Starmie||Leftovers|NaturalCure|HydroPump,IceBeam,Thunderbolt,RapidSpin|Timid|4,,,252,,252|N|,0,,,,|||\",\"rating\":0}",">p1 switch 4",">p2 move spikes",">p1 move thunderbolt",">p2 move protect",">p1 move thunderbolt",">p2 move protect",">p1 move thunderbolt",">p2 move protect",">p1 move hiddenpower",">p2 move protect",">p1 move thunderbolt",">p2 move protect",">p2 switch 4",">p1 switch 6",">p2 move earthquake",">p1 move dragondance",">p2 switch 3",">p1 move earthquake",">p2 move rockslide",">p1 switch 4",">p1 move earthquake",">p2 switch 3",">p1 move earthquake",">p2 move earthquake",">p1 move explosion",">p2 move earthquake",">p1 switch 2",">p2 switch 2",">p1 move hypnosis",">p2 move icebeam",">p1 move surf",">p2 move icebeam",">p1 move surf",">p2 move icebeam",">p1 move surf",">p2 move softboiled",">p1 move hypnosis",">p2 move icebeam",">p1 move surf",">p2 move icebeam",">p1 move hypnosis",">p2 switch 3",">p1 move surf",">p2 move focuspunch",">p1 move surf",">p2 move focuspunch",">p1 move surf",">p2 move focuspunch",">p1 switch 5",">p1 move megahorn",">p2 switch 5",">p1 switch 6",">p2 move explosion",">p2 switch 3",">p1 switch 6",">p2 move fireblast",">p1 move brickbreak",">p2 move icebeam",">p1 switch 6",">p1 move thunderbolt",">p2 move softboiled",">p2 switch 6",">p1 switch 3",">p2 move hydropump",">p1 move recover",">p2 move icebeam",">p1 switch 3",">p2 move icebeam",">p1 move thunderwave",">p2 move hydropump",">p1 switch 3",">p1 move recover",">p2 move icebeam"],"log":["|j|☆foultestchallenge1","|j|☆foultestacceptor1","|t:|1752925655","|gametype|singles","|player|p1|foultestchallenge1|1|","|player|p2|foultestacceptor1|1|","|teamsize|p1|6","|teamsize|p2|6","|gen|3","|tier|[Gen 3] OU","|rule|Sleep Clause Mod: Limit one foe put to sleep","|rule|Switch Priority Clause Mod: Faster Pokémon switch first","|rule|Species Clause: Limit one of each Pokémon","|rule|OHKO Clause: OHKO moves are banned","|rule|Evasion Items Clause: Evasion items are banned","|rule|Evasion Moves Clause: Evasion moves are banned","|rule|Endless Battle Clause: Forcing endless battles is banned","|rule|HP Percentage Mod: HP is shown in percentages","|rule|One Boost Passer Clause: Limit one Baton Passer that has a way to boost its stats","|rule|Freeze Clause Mod: Limit one foe frozen","|","|t:|1752925655","|start","|switch|p1a: Metagross|Metagross|339/339","|switch|p2a: Skarmory|Skarmory, F|334/334","|turn|1","|inactive|Battle timer is ON: inactive players will automatically lose when time's up. (requested by foultestchallenge1)","|inactive|foultestacceptor1 also wants the timer to be on.","|","|t:|1752925656","|switch|p1a: Magneton|Magneton|277/277","|move|p2a: Skarmory|Spikes|p1a: Magneton","|-sidestart|p1: foultestchallenge1|Spikes","|","|upkeep","|turn|2","||adding 10 for new turn","|","|t:|1752925657","|move|p2a: Skarmory|Protect|p2a: Skarmory","|-singleturn|p2a: Skarmory|Protect","|move|p1a: Magneton|Thunderbolt|p2a: Skarmory","|-activate|p2a: Skarmory|Protect","|","|upkeep","|turn|3","||adding 10 for new turn","|","|t:|1752925658","|move|p2a: Skarmory|Protect|p2a: Skarmory","|-singleturn|p2a: Skarmory|Protect","|move|p1a: Magneton|Thunderbolt|p2a: Skarmory","|-activate|p2a: Skarmory|Protect","|","|upkeep","|turn|4","||adding 10 for new turn","|","|t:|1752925659","|move|p2a: Skarmory|Protect||[still]","|-fail|p2a: Skarmory","|move|p1a: Magneton|Thunderbolt|p2a: Skarmory","|-supereffective|p2a: Skarmory","|-damage|p2a: Skarmory|86/334","|","|-heal|p2a: Skarmory|106/334|[from] item: Leftovers","|upkeep","|turn|5","||adding 10 for new turn","|","|t:|1752925660","|move|p2a: Skarmory|Protect|p2a: Skarmory","|-singleturn|p2a: Skarmory|Protect","|move|p1a: Magneton|Hidden Power|p2a: Skarmory","|-activate|p2a: Skarmory|Protect","|","|-heal|p2a: Skarmory|126/334|[from] item: Leftovers","|upkeep","|turn|6","||adding 10 for new turn","|","|t:|1752925661","|move|p2a: Skarmory|Protect||[still]","|-fail|p2a: Skarmory","|move|p1a: Magneton|Thunderbolt|p2a: Skarmory","|-supereffective|p2a: Skarmory","|-damage|p2a: Skarmory|0 fnt","|faint|p2a: Skarmory","||adding 5 to each for mid turn request","|","|t:|1752925662","|switch|p2a: Swampert|Swampert, F|401/401","|","|upkeep","|turn|7","||adding 10 for new turn","|","|t:|1752925663","|switch|p1a: Gyarados|Gyarados, F|330/330","|-ability|p1a: Gyarados|Intimidate|boost","|-unboost|p2a: Swampert|atk|1","|move|p2a: Swampert|Earthquake|p1a: Gyarados","|-immune|p1a: Gyarados","|","|upkeep","|turn|8","||adding 10 for new turn","|","|t:|1752925664","|switch|p2a: Tyranitar|Tyranitar, F|403/403","|-weather|Sandstorm|[from] ability: Sand Stream|[of] p2a: Tyranitar","|move|p1a: Gyarados|Dragon Dance|p1a: Gyarados","|-boost|p1a: Gyarados|atk|1","|-boost|p1a: Gyarados|spe|1","|","|-weather|Sandstorm|[upkeep]","|-damage|p1a: Gyarados|310/330|[from] Sandstorm","|-heal|p1a: Gyarados|330/330|[from] item: Leftovers","|upkeep","|turn|9","||adding 10 for new turn","|","|t:|1752925665","|move|p1a: Gyarados|Earthquake|p2a: Tyranitar","|-supereffective|p2a: Tyranitar","|-damage|p2a: Tyranitar|96/403","|move|p2a: Tyranitar|Rock Slide|p1a: Gyarados","|-supereffective|p1a: Gyarados","|-damage|p1a: Gyarados|0 fnt","|faint|p1a: Gyarados","||adding 5 to each for mid turn request","|","|t:|1752925666","|switch|p1a: Metagross|Metagross|339/339","|-damage|p1a: Metagross|297/339|[from] Spikes","|","|-weather|Sandstorm|[upkeep]","|-heal|p1a: Metagross|318/339|[from] item: Leftovers","|-heal|p2a: Tyranitar|121/403|[from] item: Leftovers","|upkeep","|turn|10","||adding 10 for new turn","|","|t:|1752925667","|switch|p2a: Swampert|Swampert, F|401/401","|move|p1a: Metagross|Earthquake|p2a: Swampert","|-damage|p2a: Swampert|290/401","|","|-weather|Sandstorm|[upkeep]","|-heal|p1a: Metagross|339/339|[from] item: Leftovers","|-heal|p2a: Swampert|315/401|[from] item: Leftovers","|upkeep","|turn|11","||adding 10 for new turn","|","|t:|1752925668","|move|p1a: Metagross|Earthquake|p2a: Swampert","|-damage|p2a: Swampert|205/401","|move|p2a: Swampert|Earthquake|p1a: Metagross","|-supereffective|p1a: Metagross","|-damage|p1a: Metagross|122/339","|","|-weather|Sandstorm|[upkeep]","|-heal|p1a: Metagross|143/339|[from] item: Leftovers","|-heal|p2a: Swampert|230/401|[from] item: Leftovers","|upkeep","|turn|12","||adding 10 for new turn","|","|t:|1752925669","|move|p1a: Metagross|Explosion|p2a: Swampert","|-damage|p2a: Swampert|0 fnt","|faint|p1a: Metagross","|faint|p2a: Swampert","||adding 5 to each for mid turn request","|","|t:|1752925670","|switch|p1a: Milotic|Milotic, F|393/393","|switch|p2a: Blissey|Blissey, F, shiny|651/651","|-damage|p1a: Milotic|344/393|[from] Spikes","|","|-weather|Sandstorm|[upkeep]","|-damage|p1a: Milotic|320/393|[from] Sandstorm","|-damage|p2a: Blissey|611/651|[from] Sandstorm","|-heal|p1a: Milotic|344/393|[from] item: Leftovers","|-heal|p2a: Blissey|651/651|[from] item: Leftovers","|upkeep","|turn|13","||adding 10 for new turn","|","|t:|1752925671","|move|p1a: Milotic|Hypnosis|p2a: Blissey","|-status|p2a: Blissey|slp|[from] move: Hypnosis","|cant|p2a: Blissey|slp","|","|-weather|Sandstorm|[upkeep]","|-damage|p1a: Milotic|320/393|[from] Sandstorm","|-damage|p2a: Blissey|611/651 slp|[from] Sandstorm","|-heal|p1a: Milotic|344/393|[from] item: Leftovers","|-heal|p2a: Blissey|651/651 slp|[from] item: Leftovers","|upkeep","|turn|14","||adding 10 for new turn","|","|t:|1752925672","|move|p1a: Milotic|Surf|p2a: Blissey","|-damage|p2a: Blissey|568/651 slp","|cant|p2a: Blissey|slp","|","|-weather|Sandstorm|[upkeep]","|-damage|p1a: Milotic|320/393|[from] Sandstorm","|-damage|p2a: Blissey|528/651 slp|[from] Sandstorm","|-heal|p1a: Milotic|344/393|[from] item: Leftovers","|-heal|p2a: Blissey|568/651 slp|[from] item: Leftovers","|upkeep","|turn|15","||adding 10 for new turn","|","|t:|1752925673","|move|p1a: Milotic|Surf|p2a: Blissey","|-damage|p2a: Blissey|476/651 slp","|cant|p2a: Blissey|slp","|","|-weather|Sandstorm|[upkeep]","|-damage|p1a: Milotic|320/393|[from] Sandstorm","|-damage|p2a: Blissey|436/651 slp|[from] Sandstorm","|-heal|p1a: Milotic|344/393|[from] item: Leftovers","|-heal|p2a: Blissey|476/651 slp|[from] item: Leftovers","|upkeep","|turn|16","||adding 10 for new turn","|","|t:|1752925674","|move|p1a: Milotic|Surf|p2a: Blissey","|-damage|p2a: Blissey|387/651 slp","|-curestatus|p2a: Blissey|slp|[msg]","|move|p2a: Blissey|Soft-Boiled|p2a: Blissey","|-heal|p2a: Blissey|651/651","|","|-weather|Sandstorm|[upkeep]","|-damage|p1a: Milotic|320/393|[from] Sandstorm","|-damage|p2a: Blissey|611/651|[from] Sandstorm","|-heal|p1a: Milotic|344/393|[from] item: Leftovers","|-heal|p2a: Blissey|651/651|[from] item: Leftovers","|upkeep","|turn|17","||adding 10 for new turn","|","|t:|1752925676","|move|p1a: Milotic|Hypnosis|p2a: Blissey","|-status|p2a: Blissey|slp|[from] move: Hypnosis","|cant|p2a: Blissey|slp","|","|-weather|Sandstorm|[upkeep]","|-damage|p1a: Milotic|320/393|[from] Sandstorm","|-damage|p2a: Blissey|611/651 slp|[from] Sandstorm","|-heal|p1a: Milotic|344/393|[from] item: Leftovers","|-heal|p2a: Blissey|651/651 slp|[from] item: Leftovers","|upkeep","|turn|18","||adding 10 for new turn","|","|t:|1752925676","|move|p1a: Milotic|Surf|p2a: Blissey","|-damage|p2a: Blissey|560/651 slp","|-curestatus|p2a: Blissey|slp|[msg]","|move|p2a: Blissey|Ice Beam|p1a: Milotic","|-resisted|p1a: Milotic","|-damage|p1a: Milotic|308/393","|-status|p1a: Milotic|frz","|","|-weather|Sandstorm|[upkeep]","|-damage|p1a: Milotic|284/393 frz|[from] Sandstorm","|-damage|p2a: Blissey|520/651|[from] Sandstorm","|-heal|p1a: Milotic|308/393 frz|[from] item: Leftovers","|-heal|p2a: Blissey|560/651|[from] item: Leftovers","|upkeep","|turn|19","||adding 10 for new turn","|","|t:|1752925678","|switch|p2a: Tyranitar|Tyranitar, F|121/403","|cant|p1a: Milotic|frz","|","|-weather|Sandstorm|[upkeep]","|-damage|p1a: Milotic|284/393 frz|[from] Sandstorm","|-heal|p1a: Milotic|308/393 frz|[from] item: Leftovers","|-heal|p2a: Tyranitar|146/403|[from] item: Leftovers","|upkeep","|turn|20","||adding 10 for new turn","|","|t:|1752925679","|-singleturn|p2a: Tyranitar|move: Focus Punch","|cant|p1a: Milotic|frz","|move|p2a: Tyranitar|Focus Punch|p1a: Milotic","|-damage|p1a: Milotic|195/393 frz","|","|-weather|Sandstorm|[upkeep]","|-damage|p1a: Milotic|171/393 frz|[from] Sandstorm","|-heal|p1a: Milotic|195/393 frz|[from] item: Leftovers","|-heal|p2a: Tyranitar|171/403|[from] item: Leftovers","|upkeep","|turn|21","||adding 10 for new turn","|","|t:|1752925680","|-singleturn|p2a: Tyranitar|move: Focus Punch","|cant|p1a: Milotic|frz","|move|p2a: Tyranitar|Focus Punch|p1a: Milotic","|-damage|p1a: Milotic|86/393 frz","|","|-weather|Sandstorm|[upkeep]","|-damage|p1a: Milotic|62/393 frz|[from] Sandstorm","|-heal|p1a: Milotic|86/393 frz|[from] item: Leftovers","|-heal|p2a: Tyranitar|196/403|[from] item: Leftovers","|upkeep","|turn|22","||adding 10 for new turn","|","|t:|1752925681","|-singleturn|p2a: Tyranitar|move: Focus Punch","|cant|p1a: Milotic|frz","|move|p2a: Tyranitar|Focus Punch|p1a: Milotic","|-damage|p1a: Milotic|0 fnt","|faint|p1a: Milotic","||adding 5 to each for mid turn request","|","|t:|1752925681","|switch|p1a: Heracross|Heracross, F|337/337","|-damage|p1a: Heracross|295/337|[from] Spikes","|","|-weather|Sandstorm|[upkeep]","|-damage|p1a: Heracross|274/337|[from] Sandstorm","|-heal|p1a: Heracross|295/337|[from] item: Leftovers","|-heal|p2a: Tyranitar|221/403|[from] item: Leftovers","|upkeep","|turn|23","||adding 10 for new turn","|","|t:|1752925682","|switch|p2a: Gengar|Gengar, F|303/303","|move|p1a: Heracross|Megahorn|p2a: Gengar","|-resisted|p2a: Gengar","|-damage|p2a: Gengar|228/303","|","|-weather|Sandstorm|[upkeep]","|-damage|p2a: Gengar|210/303|[from] Sandstorm","|-damage|p1a: Heracross|274/337|[from] Sandstorm","|-heal|p2a: Gengar|228/303|[from] item: Leftovers","|-heal|p1a: Heracross|295/337|[from] item: Leftovers","|upkeep","|turn|24","||adding 10 for new turn","|","|t:|1752925684","|switch|p1a: Magneton|Magneton|277/277","|-damage|p1a: Magneton|243/277|[from] Spikes","|move|p2a: Gengar|Explosion|p1a: Magneton","|-resisted|p1a: Magneton","|-damage|p1a: Magneton|121/277","|faint|p2a: Gengar","||adding 5 to each for mid turn request","|","|t:|1752925684","|switch|p2a: Blissey|Blissey, F, shiny|560/651","|","|-weather|Sandstorm|[upkeep]","|-damage|p2a: Blissey|520/651|[from] Sandstorm","|-heal|p1a: Magneton|138/277|[from] item: Leftovers","|-heal|p2a: Blissey|560/651|[from] item: Leftovers","|upkeep","|turn|25","||adding 10 for new turn","|","|t:|1752925685","|switch|p1a: Heracross|Heracross, F|295/337","|-damage|p1a: Heracross|253/337|[from] Spikes","|move|p2a: Blissey|Fire Blast|p1a: Heracross","|-supereffective|p1a: Heracross","|-damage|p1a: Heracross|60/337","|","|-weather|Sandstorm|[upkeep]","|-damage|p1a: Heracross|39/337|[from] Sandstorm","|-damage|p2a: Blissey|520/651|[from] Sandstorm","|-heal|p1a: Heracross|60/337|[from] item: Leftovers","|-heal|p2a: Blissey|560/651|[from] item: Leftovers","|upkeep","|turn|26","||adding 10 for new turn","|","|t:|1752925686","|move|p1a: Heracross|Brick Break|p2a: Blissey","|-supereffective|p2a: Blissey","|-damage|p2a: Blissey|81/651","|move|p2a: Blissey|Ice Beam|p1a: Heracross","|-damage|p1a: Heracross|0 fnt","|faint|p1a: Heracross","||adding 5 to each for mid turn request","|","|t:|1752925687","|switch|p1a: Magneton|Magneton|138/277","|-damage|p1a: Magneton|104/277|[from] Spikes","|","|-weather|Sandstorm|[upkeep]","|-damage|p2a: Blissey|41/651|[from] Sandstorm","|-heal|p1a: Magneton|121/277|[from] item: Leftovers","|-heal|p2a: Blissey|81/651|[from] item: Leftovers","|upkeep","|turn|27","||adding 10 for new turn","|","|t:|1752925688","|move|p1a: Magneton|Thunderbolt|p2a: Blissey","|-damage|p2a: Blissey|0 fnt","|faint|p2a: Blissey","||adding 5 to each for mid turn request","|","|t:|1752925688","|switch|p2a: Starmie|Starmie|262/262","|","|-weather|Sandstorm|[upkeep]","|-damage|p2a: Starmie|246/262|[from] Sandstorm","|-heal|p2a: Starmie|262/262|[from] item: Leftovers","|-heal|p1a: Magneton|138/277|[from] item: Leftovers","|upkeep","|turn|28","||adding 10 for new turn","|","|t:|1752925689","|switch|p1a: Celebi|Celebi|401/401","|-damage|p1a: Celebi|351/401|[from] Spikes","|move|p2a: Starmie|Hydro Pump|p1a: Celebi|[miss]","|-miss|p2a: Starmie|p1a: Celebi","|","|-weather|Sandstorm|[upkeep]","|-damage|p2a: Starmie|246/262|[from] Sandstorm","|-damage|p1a: Celebi|326/401|[from] Sandstorm","|-heal|p2a: Starmie|262/262|[from] item: Leftovers","|-heal|p1a: Celebi|351/401|[from] item: Leftovers","|upkeep","|turn|29","||adding 10 for new turn","|","|t:|1752925690","|move|p2a: Starmie|Ice Beam|p1a: Celebi","|-supereffective|p1a: Celebi","|-damage|p1a: Celebi|150/401","|-status|p1a: Celebi|frz","|cant|p1a: Celebi|frz","|","|-weather|Sandstorm|[upkeep]","|-damage|p2a: Starmie|246/262|[from] Sandstorm","|-damage|p1a: Celebi|125/401 frz|[from] Sandstorm","|-heal|p2a: Starmie|262/262|[from] item: Leftovers","|-heal|p1a: Celebi|150/401 frz|[from] item: Leftovers","|upkeep","|turn|30","||adding 10 for new turn","|","|t:|1752925691","|-curestatus|p1a: Celebi|frz|[from] ability: Natural Cure","|switch|p1a: Magneton|Magneton|138/277","|-damage|p1a: Magneton|104/277|[from] Spikes","|move|p2a: Starmie|Ice Beam|p1a: Magneton","|-resisted|p1a: Magneton","|-damage|p1a: Magneton|42/277","|-status|p1a: Magneton|frz","|","|-weather|Sandstorm|[upkeep]","|-damage|p2a: Starmie|246/262|[from] Sandstorm","|-heal|p2a: Starmie|262/262|[from] item: Leftovers","|-heal|p1a: Magneton|59/277 frz|[from] item: Leftovers","|upkeep","|turn|31","||adding 10 for new turn","|","|t:|1752925692","|move|p2a: Starmie|Hydro Pump|p1a: Magneton","|-crit|p1a: Magneton","|-damage|p1a: Magneton|0 fnt","|faint|p1a: Magneton","||adding 5 to each for mid turn request","|","|t:|1752925693","|switch|p1a: Celebi|Celebi|150/401","|-damage|p1a: Celebi|100/401|[from] Spikes","|","|-weather|Sandstorm|[upkeep]","|-damage|p2a: Starmie|246/262|[from] Sandstorm","|-damage|p1a: Celebi|75/401|[from] Sandstorm","|-heal|p2a: Starmie|262/262|[from] item: Leftovers","|-heal|p1a: Celebi|100/401|[from] item: Leftovers","|upkeep","|turn|32","||adding 10 for new turn","|","|t:|1752925694","|move|p2a: Starmie|Ice Beam|p1a: Celebi","|-supereffective|p1a: Celebi","|-damage|p1a: Celebi|0 fnt","|faint|p1a: Celebi","|","|win|foultestacceptor1",""],"p1rating":null,"p2rating":null,"endType":"normal","ladderError":true,"timestamp":"Sat Jul 19 2025 04:48:14 GMT-0700 (アメリカ太平洋夏時間)","roomid":"battle-gen3ou-970","format":"gen3ou"}