{"winner":"foultestchallenge1","seed":"sodium,b688c651270ba06cf6d20604ceccff9c","turns":45,"p1":"foultestchallenge1","p2":"foultestacceptor1","p1team":[{"name":"Dugtrio","species":"Dugtrio","item":"Choice Band","ability":"Arena Trap","moves":["Earthquake","Hidden Power Bug","Aerial Ace","Sunny Day"],"nature":"Adamant","evs":{"hp":96,"atk":168,"def":20,"spa":0,"spd":0,"spe":224},"gender":"F","ivs":{"hp":31,"atk":30,"def":30,"spa":31,"spd":30,"spe":31},"happiness":255,"hpType":"Bug","pokeball":"","gigantamax":false,"dynamaxLevel":10,"teraType":"","level":100},{"name":"Forretress","species":"Forretress","item":"Leftovers","ability":"Sturdy","moves":["Spikes","Zap Cannon","Explosion","Hidden Power Bug"],"nature":"Careful","evs":{"hp":252,"atk":0,"def":4,"spa":0,"spd":252,"spe":0},"gender":"M","ivs":{"hp":31,"atk":30,"def":30,"spa":31,"spd":30,"spe":31},"happiness":255,"hpType":"Bug","pokeball":"","gigantamax":false,"dynamaxLevel":10,"teraType":"","level":100},{"name":"Snorlax","species":"Snorlax","item":"Leftovers","ability":"Immunity","moves":["Return","Curse","Rest","Shadow Ball"],"nature":"Careful","evs":{"hp":144,"atk":96,"def":132,"spa":0,"spd":136,"spe":0},"gender":"M","level":100,"ivs":{"hp":31,"atk":31,"def":31,"spa":31,"spd":31,"spe":31}},{"name":"Suicune","species":"Suicune","item":"Leftovers","ability":"Pressure","moves":["Calm Mind","Rest","Ice Beam","Surf"],"nature":"Bold","evs":{"hp":240,"atk":0,"def":252,"spa":0,"spd":0,"spe":16},"gender":"N","ivs":{"hp":31,"atk":0,"def":31,"spa":31,"spd":31,"spe":31},"level":100},{"name":"Claydol","species":"Claydol","item":"Leftovers","ability":"Levitate","moves":["Earthquake","Psychic","Rapid Spin","Rest"],"nature":"Lonely","evs":{"hp":252,"atk":224,"def":0,"spa":24,"spd":0,"spe":8},"gender":"N","level":100,"ivs":{"hp":31,"atk":31,"def":31,"spa":31,"spd":31,"spe":31}},{"name":"Blissey","species":"Blissey","item":"Leftovers","ability":"Natural Cure","moves":["Soft-Boiled","Seismic Toss","Thunder Wave","Aromatherapy"],"nature":"Bold","evs":{"hp":252,"atk":0,"def":252,"spa":0,"spd":0,"spe":4},"gender":"F","ivs":{"hp":31,"atk":0,"def":31,"spa":31,"spd":31,"spe":31},"level":100}],"p2team":[{"name":"Zapdos","species":"Zapdos","item":"Leftovers","ability":"Pressure","moves":["Thunderbolt","Hidden Power Grass","Baton Pass","Roar"],"nature":"Modest","evs":{"hp":0,"atk":0,"def":0,"spa":220,"spd":48,"spe":240},"gender":"N","ivs":{"hp":31,"atk":2,"def":31,"spa":30,"spd":31,"spe":31},"happiness":255,"hpType":"Grass","pokeball":"","gigantamax":false,"dynamaxLevel":10,"teraType":"","level":100},{"name":"Metagross","species":"Metagross","item":"Choice Band","ability":"Clear Body","moves":["Meteor Mash","Explosion","Earthquake","Rock Slide"],"nature":"Adamant","evs":{"hp":128,"atk":252,"def":0,"spa":0,"spd":0,"spe":128},"gender":"N","level":100,"ivs":{"hp":31,"atk":31,"def":31,"spa":31,"spd":31,"spe":31}},{"name":"Celebi","species":"Celebi","item":"Leftovers","ability":"Natural Cure","moves":["Calm Mind","Giga Drain","Hidden Power Ice","Baton Pass"],"nature":"Timid","evs":{"hp":208,"atk":0,"def":84,"spa":36,"spd":0,"spe":180},"gender":"N","ivs":{"hp":31,"atk":3,"def":31,"spa":31,"spd":31,"spe":30},"happiness":255,"hpType":"Ice","pokeball":"","gigantamax":false,"dynamaxLevel":10,"teraType":"","level":100},{"name":"Gengar","species":"Gengar","item":"Leftovers","ability":"Levitate","moves":["Thunderbolt","Ice Punch","Giga Drain","Explosion"],"nature":"Timid","evs":{"hp":8,"atk":0,"def":200,"spa":116,"spd":0,"spe":184},"gender":"M","level":100,"ivs":{"hp":31,"atk":31,"def":31,"spa":31,"spd":31,"spe":31}},{"name":"Swampert","species":"Swampert","item":"Leftovers","ability":"Torrent","moves":["Hydro Pump","Earthquake","Ice Beam","Refresh"],"nature":"Quiet","evs":{"hp":240,"atk":0,"def":12,"spa":216,"spd":0,"spe":40},"gender":"M","level":100,"ivs":{"hp":31,"atk":31,"def":31,"spa":31,"spd":31,"spe":31}},{"name":"Charizard","species":"Charizard","item":"Leftovers","ability":"Blaze","moves":["Substitute","Hidden Power Grass","Fire Blast","Focus Punch"],"nature":"Mild","evs":{"hp":0,"atk":4,"def":0,"spa":252,"spd":0,"spe":252},"gender":"M","ivs":{"hp":31,"atk":30,"def":31,"spa":30,"spd":31,"spe":31},"happiness":255,"hpType":"Grass","pokeball":"","gigantamax":false,"dynamaxLevel":10,"teraType":"","level":100}],"score":[4,0],"inputLog":[">version 372d05e49c92a79eecdf6c8dddb208bd1765c00f",">start {\"formatid\":\"gen3ou\",\"seed\":\"sodium,b688c651270ba06cf6d20604ceccff9c\"}",">player p1 {\"name\":\"foultestchallenge1\",\"avatar\":\"1\",\"team\":\"Dugtrio||ChoiceBand|ArenaTrap|Earthquake,HiddenPowerBug,AerialAce,SunnyDay|Adamant|96,168,20,,,224|F|,30,30,,30,|||,Bug,,,,]Forretress||Leftovers|Sturdy|Spikes,ZapCannon,Explosion,HiddenPowerBug|Careful|252,,4,,252,|M|,30,30,,30,|||,Bug,,,,]Snorlax||Leftovers|Immunity|Return,Curse,Rest,ShadowBall|Careful|144,96,132,,136,|M||||]Suicune||Leftovers|Pressure|CalmMind,Rest,IceBeam,Surf|Bold|240,,252,,,16|N|,0,,,,|||]Claydol||Leftovers|Levitate|Earthquake,Psychic,RapidSpin,Rest|Lonely|252,224,,24,,8|N||||]Blissey||Leftovers|NaturalCure|SoftBoiled,SeismicToss,ThunderWave,Aromatherapy|Bold|252,,252,,,4|F|,0,,,,|||\",\"rating\":0}",">player p2 {\"name\":\"foultestacceptor1\",\"avatar\":\"1\",\"team\":\"Zapdos||Leftovers|Pressure|Thunderbolt,HiddenPowerGrass,BatonPass,Roar|Modest|,,,220,48,240|N|,2,,30,,|||,Grass,,,,]Metagross||ChoiceBand|ClearBody|MeteorMash,Explosion,Earthquake,RockSlide|Adamant|128,252,,,,128|N||||]Celebi||Leftovers|NaturalCure|CalmMind,GigaDrain,HiddenPowerIce,BatonPass|Timid|208,,84,36,,180|N|,3,,,,30|||,Ice,,,,]Gengar||Leftovers|Levitate|Thunderbolt,IcePunch,GigaDrain,Explosion|Timid|8,,200,116,,184|M||||]Swampert||Leftovers|Torrent|HydroPump,Earthquake,IceBeam,Refresh|Quiet|240,,12,216,,40|M||||]Charizard||Leftovers|Blaze|Substitute,HiddenPowerGrass,FireBlast,FocusPunch|Mild|,4,,252,,252|M|,30,,30,,|||,Grass,,,,\",\"rating\":0}",">p1 switch 6",">p2 move hiddenpower",">p1 move seismictoss",">p2 switch 2",">p1 switch 2",">p2 move meteormash",">p1 move spikes",">p2 move meteormash",">p1 move spikes",">p2 move meteormash",">p1 move spikes",">p2 move meteormash",">p1 switch 4",">p2 move meteormash",">p1 move calmmind",">p2 move meteormash",">p1 move surf",">p2 move meteormash",">p1 move surf",">p2 move meteormash",">p2 switch 2",">p1 move icebeam",">p2 move thunderbolt",">p2 switch 6",">p1 switch 3",">p2 move hiddenpower",">p1 move return",">p2 move substitute",">p1 move return",">p2 switch 4",">p1 move shadowball",">p2 move thunderbolt",">p1 move shadowball",">p2 move explosion",">p2 switch 4",">p1 move return",">p2 move fireblast",">p1 switch 2",">p2 move fireblast",">p1 move seismictoss",">p2 move fireblast",">p2 switch 5",">p1 move softboiled",">p2 move earthquake",">p1 move softboiled",">p2 move earthquake",">p1 move softboiled",">p2 move earthquake",">p1 move softboiled",">p2 move earthquake",">p1 move softboiled",">p2 move earthquake",">p1 move softboiled",">p2 move earthquake",">p1 move softboiled",">p2 move earthquake",">p1 move softboiled",">p2 move earthquake",">p1 move softboiled",">p2 move earthquake",">p1 move softboiled",">p2 move earthquake",">p1 move softboiled",">p2 move earthquake",">p1 move softboiled",">p2 move earthquake",">p1 move softboiled",">p2 move earthquake",">p1 move softboiled",">p2 move earthquake",">p1 move softboiled",">p2 move earthquake",">p1 move aromatherapy",">p2 move icebeam",">p1 move seismictoss",">p2 move earthquake",">p1 move seismictoss",">p2 move icebeam",">p1 move seismictoss",">p2 move icebeam",">p1 move seismictoss",">p2 move hydropump",">p1 move seismictoss",">p2 move hydropump",">p1 move seismictoss",">p2 move hydropump",">p1 switch 6",">p1 move aerialace",">p2 move hydropump",">p2 switch 3",">p1 switch 4",">p2 move gigadrain",">p1 move explosion",">p2 move gigadrain",">p1 switch 4",">p1 move hiddenpower",">p2 move gigadrain"],"log":["|j|☆foultestchallenge1","|j|☆foultestacceptor1","|t:|1752923177","|gametype|singles","|player|p1|foultestchallenge1|1|","|player|p2|foultestacceptor1|1|","|teamsize|p1|6","|teamsize|p2|6","|gen|3","|tier|[Gen 3] OU","|rule|Sleep Clause Mod: Limit one foe put to sleep","|rule|Switch Priority Clause Mod: Faster Pokémon switch first","|rule|Species Clause: Limit one of each Pokémon","|rule|OHKO Clause: OHKO moves are banned","|rule|Evasion Items Clause: Evasion items are banned","|rule|Evasion Moves Clause: Evasion moves are banned","|rule|Endless Battle Clause: Forcing endless battles is banned","|rule|HP Percentage Mod: HP is shown in percentages","|rule|One Boost Passer Clause: Limit one Baton Passer that has a way to boost its stats","|rule|Freeze Clause Mod: Limit one foe frozen","|","|t:|1752923177","|start","|switch|p1a: Dugtrio|Dugtrio, F|235/235","|switch|p2a: Zapdos|Zapdos|321/321","|-ability|p2a: Zapdos|Pressure|[silent]","|turn|1","|inactive|Battle timer is ON: inactive players will automatically lose when time's up. (requested by foultestchallenge1)","|inactive|foultestacceptor1 also wants the timer to be on.","|","|t:|1752923178","|switch|p1a: Blissey|Blissey, F|714/714","|move|p2a: Zapdos|Hidden Power|p1a: Blissey","|-damage|p1a: Blissey|642/714","|","|-heal|p1a: Blissey|686/714|[from] item: Leftovers","|upkeep","|turn|2","||adding 10 for new turn","|","|t:|1752923179","|switch|p2a: Metagross|Metagross|333/333","|move|p1a: Blissey|Seismic Toss|p2a: Metagross","|-damage|p2a: Metagross|233/333","|","|-heal|p1a: Blissey|714/714|[from] item: Leftovers","|upkeep","|turn|3","||adding 10 for new turn","|","|t:|1752923181","|switch|p1a: Forretress|Forretress, M|354/354","|move|p2a: Metagross|Meteor Mash|p1a: Forretress","|-resisted|p1a: Forretress","|-damage|p1a: Forretress|237/354","|","|-heal|p1a: Forretress|259/354|[from] item: Leftovers","|upkeep","|turn|4","||adding 10 for new turn","|","|t:|1752923182","|move|p2a: Metagross|Meteor Mash|p1a: Forretress|[miss]","|-miss|p2a: Metagross|p1a: Forretress","|move|p1a: Forretress|Spikes|p2a: Metagross","|-sidestart|p2: foultestacceptor1|Spikes","|","|-heal|p1a: Forretress|281/354|[from] item: Leftovers","|upkeep","|turn|5","||adding 10 for new turn","|","|t:|1752923183","|move|p2a: Metagross|Meteor Mash|p1a: Forretress","|-resisted|p1a: Forretress","|-damage|p1a: Forretress|159/354","|move|p1a: Forretress|Spikes|p2a: Metagross","|-sidestart|p2: foultestacceptor1|Spikes","|","|-heal|p1a: Forretress|181/354|[from] item: Leftovers","|upkeep","|turn|6","||adding 10 for new turn","|","|t:|1752923184","|move|p2a: Metagross|Meteor Mash|p1a: Forretress","|-resisted|p1a: Forretress","|-damage|p1a: Forretress|77/354","|move|p1a: Forretress|Spikes|p2a: Metagross","|-sidestart|p2: foultestacceptor1|Spikes","|","|-heal|p1a: Forretress|99/354|[from] item: Leftovers","|upkeep","|turn|7","||adding 10 for new turn","|","|t:|1752923184","|switch|p1a: Suicune|Suicune|401/401","|-ability|p1a: Suicune|Pressure|[silent]","|move|p2a: Metagross|Meteor Mash|p1a: Suicune","|-resisted|p1a: Suicune","|-damage|p1a: Suicune|297/401","|","|-heal|p1a: Suicune|322/401|[from] item: Leftovers","|upkeep","|turn|8","||adding 10 for new turn","|","|t:|1752923186","|move|p1a: Suicune|Calm Mind|p1a: Suicune","|-boost|p1a: Suicune|spa|1","|-boost|p1a: Suicune|spd|1","|move|p2a: Metagross|Meteor Mash|p1a: Suicune","|-resisted|p1a: Suicune","|-damage|p1a: Suicune|228/401","|","|-heal|p1a: Suicune|253/401|[from] item: Leftovers","|upkeep","|turn|9","||adding 10 for new turn","|","|t:|1752923187","|move|p1a: Suicune|Surf|p2a: Metagross","|-damage|p2a: Metagross|78/333","|move|p2a: Metagross|Meteor Mash|p1a: Suicune","|-resisted|p1a: Suicune","|-damage|p1a: Suicune|161/401","|","|-heal|p1a: Suicune|186/401|[from] item: Leftovers","|upkeep","|turn|10","||adding 10 for new turn","|","|t:|1752923188","|move|p1a: Suicune|Surf|p2a: Metagross","|-damage|p2a: Metagross|0 fnt","|faint|p2a: Metagross","||adding 5 to each for mid turn request","|","|t:|1752923189","|switch|p2a: Zapdos|Zapdos|321/321","|-ability|p2a: Zapdos|Pressure|[silent]","|","|-heal|p1a: Suicune|211/401|[from] item: Leftovers","|upkeep","|turn|11","||adding 10 for new turn","|","|t:|1752923189","|move|p2a: Zapdos|Thunderbolt|p1a: Suicune","|-supereffective|p1a: Suicune","|-damage|p1a: Suicune|13/401","|move|p1a: Suicune|Ice Beam|p2a: Zapdos","|-supereffective|p2a: Zapdos","|-crit|p2a: Zapdos","|-damage|p2a: Zapdos|0 fnt","|faint|p2a: Zapdos","||adding 5 to each for mid turn request","|","|t:|1752923190","|switch|p2a: Charizard|Charizard, M|297/297","|","|-heal|p1a: Suicune|38/401|[from] item: Leftovers","|upkeep","|turn|12","||adding 10 for new turn","|","|t:|1752923191","|switch|p1a: Snorlax|Snorlax, M|497/497","|move|p2a: Charizard|Hidden Power|p1a: Snorlax","|-damage|p1a: Snorlax|434/497","|","|-heal|p1a: Snorlax|465/497|[from] item: Leftovers","|upkeep","|turn|13","||adding 10 for new turn","|","|t:|1752923192","|move|p2a: Charizard|Substitute|p2a: Charizard","|-start|p2a: Charizard|Substitute","|-damage|p2a: Charizard|223/297","|move|p1a: Snorlax|Return|p2a: Charizard","|-end|p2a: Charizard|Substitute","|","|-heal|p2a: Charizard|241/297|[from] item: Leftovers","|-heal|p1a: Snorlax|496/497|[from] item: Leftovers","|upkeep","|turn|14","||adding 10 for new turn","|","|t:|1752923193","|switch|p2a: Gengar|Gengar, M|263/263","|move|p1a: Snorlax|Return|p2a: Gengar","|-immune|p2a: Gengar","|","|-heal|p1a: Snorlax|497/497|[from] item: Leftovers","|upkeep","|turn|15","||adding 10 for new turn","|","|t:|1752923194","|move|p2a: Gengar|Thunderbolt|p1a: Snorlax","|-damage|p1a: Snorlax|426/497","|move|p1a: Snorlax|Shadow Ball|p2a: Gengar","|-supereffective|p2a: Gengar","|-damage|p2a: Gengar|102/263","|","|-heal|p2a: Gengar|118/263|[from] item: Leftovers","|-heal|p1a: Snorlax|457/497|[from] item: Leftovers","|upkeep","|turn|16","||adding 10 for new turn","|","|t:|1752923196","|move|p2a: Gengar|Explosion|p1a: Snorlax","|-damage|p1a: Snorlax|168/497","|faint|p2a: Gengar","||adding 5 to each for mid turn request","|","|t:|1752923197","|switch|p2a: Charizard|Charizard, M|241/297","|","|-heal|p2a: Charizard|259/297|[from] item: Leftovers","|-heal|p1a: Snorlax|199/497|[from] item: Leftovers","|upkeep","|turn|17","||adding 10 for new turn","|","|t:|1752923198","|move|p2a: Charizard|Fire Blast|p1a: Snorlax","|-damage|p1a: Snorlax|47/497","|move|p1a: Snorlax|Return|p2a: Charizard","|-damage|p2a: Charizard|61/297","|","|-heal|p2a: Charizard|79/297|[from] item: Leftovers","|-heal|p1a: Snorlax|78/497|[from] item: Leftovers","|upkeep","|turn|18","||adding 10 for new turn","|","|t:|1752923199","|switch|p1a: Blissey|Blissey, F|714/714","|move|p2a: Charizard|Fire Blast|p1a: Blissey|[miss]","|-miss|p2a: Charizard|p1a: Blissey","|","|-heal|p2a: Charizard|97/297|[from] item: Leftovers","|upkeep","|turn|19","||adding 10 for new turn","|","|t:|1752923200","|move|p2a: Charizard|Fire Blast|p1a: Blissey","|-damage|p1a: Blissey|455/714","|-status|p1a: Blissey|brn","|move|p1a: Blissey|Seismic Toss|p2a: Charizard","|-damage|p2a: Charizard|0 fnt","|faint|p2a: Charizard","||adding 5 to each for mid turn request","|","|t:|1752923201","|switch|p2a: Swampert|Swampert, M|401/401","|-damage|p2a: Swampert|301/401|[from] Spikes","|","|-heal|p2a: Swampert|326/401|[from] item: Leftovers","|-heal|p1a: Blissey|499/714 brn|[from] item: Leftovers","|-damage|p1a: Blissey|410/714 brn|[from] brn","|upkeep","|turn|20","||adding 10 for new turn","|","|t:|1752923202","|move|p2a: Swampert|Earthquake|p1a: Blissey","|-damage|p1a: Blissey|180/714 brn","|move|p1a: Blissey|Soft-Boiled|p1a: Blissey","|-heal|p1a: Blissey|537/714 brn","|","|-heal|p2a: Swampert|351/401|[from] item: Leftovers","|-heal|p1a: Blissey|581/714 brn|[from] item: Leftovers","|-damage|p1a: Blissey|492/714 brn|[from] brn","|upkeep","|turn|21","||adding 10 for new turn","|","|t:|1752923203","|move|p2a: Swampert|Earthquake|p1a: Blissey","|-damage|p1a: Blissey|257/714 brn","|move|p1a: Blissey|Soft-Boiled|p1a: Blissey","|-heal|p1a: Blissey|614/714 brn","|","|-heal|p2a: Swampert|376/401|[from] item: Leftovers","|-heal|p1a: Blissey|658/714 brn|[from] item: Leftovers","|-damage|p1a: Blissey|569/714 brn|[from] brn","|upkeep","|turn|22","||adding 10 for new turn","|","|t:|1752923204","|move|p2a: Swampert|Earthquake|p1a: Blissey","|-damage|p1a: Blissey|327/714 brn","|move|p1a: Blissey|Soft-Boiled|p1a: Blissey","|-heal|p1a: Blissey|684/714 brn","|","|-heal|p2a: Swampert|401/401|[from] item: Leftovers","|-heal|p1a: Blissey|714/714 brn|[from] item: Leftovers","|-damage|p1a: Blissey|625/714 brn|[from] brn","|upkeep","|turn|23","||adding 10 for new turn","|","|t:|1752923205","|move|p2a: Swampert|Earthquake|p1a: Blissey","|-damage|p1a: Blissey|375/714 brn","|move|p1a: Blissey|Soft-Boiled|p1a: Blissey","|-heal|p1a: Blissey|714/714 brn","|","|-damage|p1a: Blissey|625/714 brn|[from] brn","|upkeep","|turn|24","||adding 10 for new turn","|","|t:|1752923206","|move|p2a: Swampert|Earthquake|p1a: Blissey","|-damage|p1a: Blissey|393/714 brn","|move|p1a: Blissey|Soft-Boiled|p1a: Blissey","|-heal|p1a: Blissey|714/714 brn","|","|-damage|p1a: Blissey|625/714 brn|[from] brn","|upkeep","|turn|25","||adding 10 for new turn","|","|t:|1752923207","|move|p2a: Swampert|Earthquake|p1a: Blissey","|-damage|p1a: Blissey|410/714 brn","|move|p1a: Blissey|Soft-Boiled|p1a: Blissey","|-heal|p1a: Blissey|714/714 brn","|","|-damage|p1a: Blissey|625/714 brn|[from] brn","|upkeep","|turn|26","||adding 10 for new turn","|","|t:|1752923208","|move|p2a: Swampert|Earthquake|p1a: Blissey","|-damage|p1a: Blissey|398/714 brn","|move|p1a: Blissey|Soft-Boiled|p1a: Blissey","|-heal|p1a: Blissey|714/714 brn","|","|-damage|p1a: Blissey|625/714 brn|[from] brn","|upkeep","|turn|27","||adding 10 for new turn","|","|t:|1752923210","|move|p2a: Swampert|Earthquake|p1a: Blissey","|-damage|p1a: Blissey|408/714 brn","|move|p1a: Blissey|Soft-Boiled|p1a: Blissey","|-heal|p1a: Blissey|714/714 brn","|","|-damage|p1a: Blissey|625/714 brn|[from] brn","|upkeep","|turn|28","||adding 10 for new turn","|","|t:|1752923211","|move|p2a: Swampert|Earthquake|p1a: Blissey","|-crit|p1a: Blissey","|-damage|p1a: Blissey|140/714 brn","|move|p1a: Blissey|Soft-Boiled|p1a: Blissey","|-heal|p1a: Blissey|497/714 brn","|","|-heal|p1a: Blissey|541/714 brn|[from] item: Leftovers","|-damage|p1a: Blissey|452/714 brn|[from] brn","|upkeep","|turn|29","||adding 10 for new turn","|","|t:|1752923212","|move|p2a: Swampert|Earthquake|p1a: Blissey","|-damage|p1a: Blissey|210/714 brn","|move|p1a: Blissey|Soft-Boiled|p1a: Blissey","|-heal|p1a: Blissey|567/714 brn","|","|-heal|p1a: Blissey|611/714 brn|[from] item: Leftovers","|-damage|p1a: Blissey|522/714 brn|[from] brn","|upkeep","|turn|30","||adding 10 for new turn","|","|t:|1752923213","|move|p2a: Swampert|Earthquake|p1a: Blissey","|-damage|p1a: Blissey|297/714 brn","|move|p1a: Blissey|Soft-Boiled|p1a: Blissey","|-heal|p1a: Blissey|654/714 brn","|","|-heal|p1a: Blissey|698/714 brn|[from] item: Leftovers","|-damage|p1a: Blissey|609/714 brn|[from] brn","|upkeep","|turn|31","||adding 10 for new turn","|","|t:|1752923214","|move|p2a: Swampert|Earthquake|p1a: Blissey","|-damage|p1a: Blissey|364/714 brn","|move|p1a: Blissey|Soft-Boiled|p1a: Blissey","|-heal|p1a: Blissey|714/714 brn","|","|-damage|p1a: Blissey|625/714 brn|[from] brn","|upkeep","|turn|32","||adding 10 for new turn","|","|t:|1752923215","|move|p2a: Swampert|Earthquake|p1a: Blissey","|-damage|p1a: Blissey|385/714 brn","|move|p1a: Blissey|Soft-Boiled|p1a: Blissey","|-heal|p1a: Blissey|714/714 brn","|","|-damage|p1a: Blissey|625/714 brn|[from] brn","|upkeep","|turn|33","||adding 10 for new turn","|","|t:|1752923216","|move|p2a: Swampert|Earthquake|p1a: Blissey","|-damage|p1a: Blissey|393/714 brn","|move|p1a: Blissey|Soft-Boiled|p1a: Blissey","|-heal|p1a: Blissey|714/714 brn","|","|-damage|p1a: Blissey|625/714 brn|[from] brn","|upkeep","|turn|34","||adding 10 for new turn","|","|t:|1752923217","|move|p2a: Swampert|Earthquake|p1a: Blissey","|-damage|p1a: Blissey|375/714 brn","|move|p1a: Blissey|Soft-Boiled|p1a: Blissey","|-heal|p1a: Blissey|714/714 brn","|","|-damage|p1a: Blissey|625/714 brn|[from] brn","|upkeep","|turn|35","||adding 10 for new turn","|","|t:|1752923218","|move|p2a: Swampert|Ice Beam|p1a: Blissey","|-damage|p1a: Blissey|550/714 brn","|move|p1a: Blissey|Aromatherapy|p1a: Blissey","|-cureteam|p1a: Blissey|[from] move: Aromatherapy","|","|-heal|p1a: Blissey|594/714|[from] item: Leftovers","|upkeep","|turn|36","||adding 10 for new turn","|","|t:|1752923219","|move|p2a: Swampert|Earthquake|p1a: Blissey","|-damage|p1a: Blissey|379/714","|move|p1a: Blissey|Seismic Toss|p2a: Swampert","|-damage|p2a: Swampert|301/401","|","|-heal|p2a: Swampert|326/401|[from] item: Leftovers","|-heal|p1a: Blissey|423/714|[from] item: Leftovers","|upkeep","|turn|37","||adding 10 for new turn","|","|t:|1752923220","|move|p2a: Swampert|Ice Beam|p1a: Blissey","|-damage|p1a: Blissey|355/714","|move|p1a: Blissey|Seismic Toss|p2a: Swampert","|-damage|p2a: Swampert|226/401","|","|-heal|p2a: Swampert|251/401|[from] item: Leftovers","|-heal|p1a: Blissey|399/714|[from] item: Leftovers","|upkeep","|turn|38","||adding 10 for new turn","|","|t:|1752923221","|move|p2a: Swampert|Ice Beam|p1a: Blissey","|-damage|p1a: Blissey|331/714","|move|p1a: Blissey|Seismic Toss|p2a: Swampert","|-damage|p2a: Swampert|151/401","|","|-heal|p2a: Swampert|176/401|[from] item: Leftovers","|-heal|p1a: Blissey|375/714|[from] item: Leftovers","|upkeep","|turn|39","||adding 10 for new turn","|","|t:|1752923222","|move|p2a: Swampert|Hydro Pump|p1a: Blissey","|-damage|p1a: Blissey|236/714","|move|p1a: Blissey|Seismic Toss|p2a: Swampert","|-damage|p2a: Swampert|76/401","|","|-heal|p2a: Swampert|101/401|[from] item: Leftovers","|-heal|p1a: Blissey|280/714|[from] item: Leftovers","|upkeep","|turn|40","||adding 10 for new turn","|","|t:|1752923223","|move|p2a: Swampert|Hydro Pump|p1a: Blissey","|-damage|p1a: Blissey|84/714","|move|p1a: Blissey|Seismic Toss|p2a: Swampert","|-damage|p2a: Swampert|1/401","|","|-heal|p2a: Swampert|26/401|[from] item: Leftovers","|-heal|p1a: Blissey|128/714|[from] item: Leftovers","|upkeep","|turn|41","||adding 10 for new turn","|","|t:|1752923224","|move|p2a: Swampert|Hydro Pump|p1a: Blissey","|-damage|p1a: Blissey|0 fnt","|faint|p1a: Blissey","||adding 5 to each for mid turn request","|","|t:|1752923224","|switch|p1a: Dugtrio|Dugtrio, F|235/235","|","|-heal|p2a: Swampert|51/401|[from] item: Leftovers","|upkeep","|turn|42","||adding 10 for new turn","|","|t:|1752923225","|move|p1a: Dugtrio|Aerial Ace|p2a: Swampert","|-damage|p2a: Swampert|0 fnt","|faint|p2a: Swampert","||adding 5 to each for mid turn request","|","|t:|1752923226","|switch|p2a: Celebi|Celebi|393/393","|-damage|p2a: Celebi|295/393|[from] Spikes","|","|-heal|p2a: Celebi|319/393|[from] item: Leftovers","|upkeep","|turn|43","||adding 10 for new turn","|","|t:|1752923227","|switch|p1a: Forretress|Forretress, M|99/354","|move|p2a: Celebi|Giga Drain|p1a: Forretress","|-resisted|p1a: Forretress","|-damage|p1a: Forretress|81/354","|-heal|p2a: Celebi|328/393|[from] drain|[of] p1a: Forretress","|","|-heal|p2a: Celebi|352/393|[from] item: Leftovers","|-heal|p1a: Forretress|103/354|[from] item: Leftovers","|upkeep","|turn|44","||adding 10 for new turn","|","|t:|1752923228","|move|p2a: Celebi|Giga Drain|p1a: Forretress","|-resisted|p1a: Forretress","|-damage|p1a: Forretress|86/354","|-heal|p2a: Celebi|360/393|[from] drain|[of] p1a: Forretress","|move|p1a: Forretress|Explosion|p2a: Celebi","|-damage|p2a: Celebi|60/393","|faint|p1a: Forretress","||adding 5 to each for mid turn request","|","|t:|1752923229","|switch|p1a: Dugtrio|Dugtrio, F|235/235","|","|-heal|p2a: Celebi|84/393|[from] item: Leftovers","|upkeep","|turn|45","||adding 10 for new turn","|","|t:|1752923230","|move|p1a: Dugtrio|Hidden Power|p2a: Celebi","|-supereffective|p2a: Celebi","|-damage|p2a: Celebi|0 fnt","|faint|p2a: Celebi","|","|win|foultestchallenge1",""],"p1rating":null,"p2rating":null,"endType":"normal","ladderError":true,"timestamp":"Sat Jul 19 2025 04:07:10 GMT-0700 (アメリカ太平洋夏時間)","roomid":"battle-gen3ou-925","format":"gen3ou"}