{"winner":"foultestacceptor1","seed":"sodium,f4e6c19cde34cfa520ee355292e0d91c","turns":35,"p1":"foultestchallenge1","p2":"foultestacceptor1","p1team":[{"name":"Medicham","species":"Medicham","item":"Salac Berry","ability":"Pure Power","moves":["Brick Break","Focus Punch","Rock Slide","Shadow Ball"],"nature":"Jolly","evs":{"hp":4,"atk":252,"def":0,"spa":0,"spd":0,"spe":252},"gender":"M","level":100,"ivs":{"hp":31,"atk":31,"def":31,"spa":31,"spd":31,"spe":31}},{"name":"Magneton","species":"Magneton","item":"Magnet","ability":"Magnet Pull","moves":["Thunderbolt","Hidden Power Fire","Toxic","Rain Dance"],"nature":"Modest","evs":{"hp":4,"atk":0,"def":0,"spa":252,"spd":0,"spe":252},"gender":"N","ivs":{"hp":31,"atk":2,"def":31,"spa":30,"spd":31,"spe":30},"happiness":255,"hpType":"Fire","pokeball":"","gigantamax":false,"dynamaxLevel":10,"teraType":"","level":100},{"name":"Snorlax","species":"Snorlax","item":"Leftovers","ability":"Immunity","moves":["Self-Destruct","Body Slam","Shadow Ball","Earthquake"],"nature":"Adamant","evs":{"hp":92,"atk":116,"def":144,"spa":0,"spd":144,"spe":12},"gender":"F","level":100,"ivs":{"hp":31,"atk":31,"def":31,"spa":31,"spd":31,"spe":31}},{"name":"Suicune","species":"Suicune","item":"Leftovers","ability":"Pressure","moves":["Calm Mind","Surf","Rest","Ice Beam"],"nature":"Calm","evs":{"hp":252,"atk":0,"def":0,"spa":180,"spd":68,"spe":8},"gender":"N","ivs":{"hp":31,"atk":0,"def":31,"spa":31,"spd":31,"spe":31},"level":100},{"name":"Salamence","species":"Salamence","item":"Leftovers","ability":"Intimidate","moves":["Dragon Dance","Hidden Power Flying","Rock Slide","Earthquake"],"nature":"Adamant","evs":{"hp":0,"atk":156,"def":0,"spa":0,"spd":140,"spe":212},"gender":"F","ivs":{"hp":31,"atk":31,"def":31,"spa":30,"spd":30,"spe":30},"happiness":255,"hpType":"Flying","pokeball":"","gigantamax":false,"dynamaxLevel":10,"teraType":"","level":100},{"name":"Metagross","species":"Metagross","item":"Leftovers","ability":"Clear Body","moves":["Agility","Meteor Mash","Earthquake","Explosion"],"nature":"Adamant","evs":{"hp":252,"atk":144,"def":24,"spa":0,"spd":0,"spe":88},"gender":"N","level":100,"ivs":{"hp":31,"atk":31,"def":31,"spa":31,"spd":31,"spe":31}}],"p2team":[{"name":"Tyranitar","species":"Tyranitar","item":"Leftovers","ability":"Sand Stream","moves":["Rock Slide","Earthquake","Hidden Power Bug","Roar"],"nature":"Adamant","evs":{"hp":184,"atk":196,"def":120,"spa":0,"spd":0,"spe":8},"gender":"M","ivs":{"hp":31,"atk":30,"def":30,"spa":31,"spd":30,"spe":31},"happiness":255,"hpType":"Bug","pokeball":"","gigantamax":false,"dynamaxLevel":10,"teraType":"","level":100},{"name":"Milotic","species":"Milotic","item":"Leftovers","ability":"Marvel Scale","moves":["Surf","Toxic","Recover","Refresh"],"nature":"Bold","evs":{"hp":248,"atk":0,"def":212,"spa":0,"spd":0,"spe":48},"gender":"F","ivs":{"hp":31,"atk":0,"def":31,"spa":31,"spd":31,"spe":31},"level":100},{"name":"Blissey","species":"Blissey","item":"Leftovers","ability":"Natural Cure","moves":["Seismic Toss","Ice Beam","Thunder Wave","Soft-Boiled"],"nature":"Bold","evs":{"hp":40,"atk":0,"def":244,"spa":208,"spd":0,"spe":16},"gender":"F","level":100,"ivs":{"hp":31,"atk":31,"def":31,"spa":31,"spd":31,"spe":31}},{"name":"Skarmory","species":"Skarmory","item":"Leftovers","ability":"Keen Eye","moves":["Drill Peck","Toxic","Spikes","Roar"],"nature":"Careful","evs":{"hp":248,"atk":0,"def":0,"spa":0,"spd":236,"spe":24},"gender":"F","level":100,"ivs":{"hp":31,"atk":31,"def":31,"spa":31,"spd":31,"spe":31}},{"name":"Claydol","species":"Claydol","item":"Leftovers","ability":"Levitate","moves":["Earthquake","Psychic","Refresh","Rapid Spin"],"nature":"Adamant","evs":{"hp":224,"atk":228,"def":0,"spa":36,"spd":0,"spe":20},"gender":"N","level":100,"ivs":{"hp":31,"atk":31,"def":31,"spa":31,"spd":31,"spe":31}},{"name":"Dugtrio","species":"Dugtrio","item":"Choice Band","ability":"Arena Trap","moves":["Earthquake","Aerial Ace","Hidden Power Bug","Screech"],"nature":"Jolly","evs":{"hp":0,"atk":252,"def":0,"spa":0,"spd":4,"spe":252},"gender":"F","ivs":{"hp":31,"atk":30,"def":30,"spa":31,"spd":30,"spe":31},"happiness":255,"hpType":"Bug","pokeball":"","gigantamax":false,"dynamaxLevel":10,"teraType":"","level":100}],"score":[0,3],"inputLog":[">version 372d05e49c92a79eecdf6c8dddb208bd1765c00f",">start {\"formatid\":\"gen3ou\",\"seed\":\"sodium,f4e6c19cde34cfa520ee355292e0d91c\"}",">player p1 {\"name\":\"foultestchallenge1\",\"avatar\":\"1\",\"team\":\"Medicham||SalacBerry|PurePower|BrickBreak,FocusPunch,RockSlide,ShadowBall|Jolly|4,252,,,,252|M||||]Magneton||Magnet|MagnetPull|Thunderbolt,HiddenPowerFire,Toxic,RainDance|Modest|4,,,252,,252|N|,2,,30,,30|||,Fire,,,,]Snorlax||Leftovers|Immunity|SelfDestruct,BodySlam,ShadowBall,Earthquake|Adamant|92,116,144,,144,12|F||||]Suicune||Leftovers|Pressure|CalmMind,Surf,Rest,IceBeam|Calm|252,,,180,68,8|N|,0,,,,|||]Salamence||Leftovers|Intimidate|DragonDance,HiddenPowerFlying,RockSlide,Earthquake|Adamant|,156,,,140,212|F|,,,30,30,30|||,Flying,,,,]Metagross||Leftovers|ClearBody|Agility,MeteorMash,Earthquake,Explosion|Adamant|252,144,24,,,88|N||||\",\"rating\":0}",">player p2 {\"name\":\"foultestacceptor1\",\"avatar\":\"169\",\"team\":\"Tyranitar||Leftovers|SandStream|RockSlide,Earthquake,HiddenPowerBug,Roar|Adamant|184,196,120,,,8|M|,30,30,,30,|||,Bug,,,,]Milotic||Leftovers|MarvelScale|Surf,Toxic,Recover,Refresh|Bold|248,,212,,,48|F|,0,,,,|||]Blissey||Leftovers|NaturalCure|SeismicToss,IceBeam,ThunderWave,SoftBoiled|Bold|40,,244,208,,16|F||||]Skarmory||Leftovers|KeenEye|DrillPeck,Toxic,Spikes,Roar|Careful|248,,,,236,24|F||||]Claydol||Leftovers|Levitate|Earthquake,Psychic,Refresh,RapidSpin|Adamant|224,228,,36,,20|N||||]Dugtrio||ChoiceBand|ArenaTrap|Earthquake,AerialAce,HiddenPowerBug,Screech|Jolly|,252,,,4,252|F|,30,30,,30,|||,Bug,,,,\",\"rating\":0}",">p1 move brickbreak",">p2 switch 4",">p1 move focuspunch",">p2 move spikes",">p2 switch 6",">p1 move brickbreak",">p2 move earthquake",">p1 switch 3",">p1 move bodyslam",">p2 switch 4",">p1 move earthquake",">p2 move rockslide",">p1 move selfdestruct",">p2 move rockslide",">p1 move selfdestruct",">p2 move rockslide",">p1 switch 6",">p1 move meteormash",">p2 switch 2",">p1 move meteormash",">p2 move surf",">p1 move earthquake",">p2 move surf",">p1 move explosion",">p2 move recover",">p1 switch 4",">p2 switch 3",">p1 move calmmind",">p2 move seismictoss",">p1 move calmmind",">p2 move seismictoss",">p1 move icebeam",">p2 move seismictoss",">p1 move rest",">p2 move seismictoss",">p1 move icebeam",">p2 switch 2",">p1 move rest",">p2 move roar",">p1 move earthquake",">p2 move rockslide",">p1 move earthquake",">p2 switch 2",">p1 move rockslide",">p2 move softboiled",">p1 move hiddenpower",">p2 switch 2",">p1 move hiddenpower",">p2 switch 5",">p1 move hiddenpower",">p2 move psychic",">p1 move hiddenpower",">p2 switch 5",">p2 switch 4",">p1 move hiddenpower",">p2 move hiddenpower",">p1 switch 5",">p1 move calmmind",">p2 move hiddenpower",">p1 move rest",">p2 switch 2",">p1 move rest",">p2 move seismictoss",">p1 move rest",">p2 move softboiled",">p1 move calmmind",">p2 move seismictoss",">p1 move icebeam",">p2 move seismictoss",">p1 switch 2",">p2 move seismictoss",">p1 move hiddenpower",">p2 switch 2",">p1 move toxic",">p2 move earthquake",">p1 switch 2",">p1 move rest",">p2 move earthquake"],"log":["|j|☆foultestchallenge1","|j|☆foultestacceptor1","|t:|1752976574","|gametype|singles","|player|p1|foultestchallenge1|1|","|player|p2|foultestacceptor1|169|","|teamsize|p1|6","|teamsize|p2|6","|gen|3","|tier|[Gen 3] OU","|rule|Sleep Clause Mod: Limit one foe put to sleep","|rule|Switch Priority Clause Mod: Faster Pokémon switch first","|rule|Species Clause: Limit one of each Pokémon","|rule|OHKO Clause: OHKO moves are banned","|rule|Evasion Items Clause: Evasion items are banned","|rule|Evasion Moves Clause: Evasion moves are banned","|rule|Endless Battle Clause: Forcing endless battles is banned","|rule|HP Percentage Mod: HP is shown in percentages","|rule|One Boost Passer Clause: Limit one Baton Passer that has a way to boost its stats","|rule|Freeze Clause Mod: Limit one foe frozen","|","|t:|1752976574","|start","|switch|p1a: Medicham|Medicham, M|262/262","|switch|p2a: Tyranitar|Tyranitar, M|387/387","|-weather|Sandstorm|[from] ability: Sand Stream|[of] p2a: Tyranitar","|turn|1","|inactive|Battle timer is ON: inactive players will automatically lose when time's up. (requested by foultestacceptor1)","|inactive|foultestchallenge1 also wants the timer to be on.","|","|t:|1752976583","|switch|p2a: Skarmory|Skarmory, F|333/333","|move|p1a: Medicham|Brick Break|p2a: Skarmory","|-damage|p2a: Skarmory|212/333","|","|-weather|Sandstorm|[upkeep]","|-damage|p1a: Medicham|246/262|[from] Sandstorm","|-heal|p2a: Skarmory|232/333|[from] item: Leftovers","|upkeep","|turn|2","||adding 10 for new turn","|","|t:|1752976591","|-singleturn|p1a: Medicham|move: Focus Punch","|move|p2a: Skarmory|Spikes|p1a: Medicham","|-sidestart|p1: foultestchallenge1|Spikes","|move|p1a: Medicham|Focus Punch|p2a: Skarmory","|-damage|p2a: Skarmory|0 fnt","|faint|p2a: Skarmory","||adding 5 to each for mid turn request","|","|t:|1752976598","|switch|p2a: Dugtrio|Dugtrio, F|211/211","|","|-weather|Sandstorm|[upkeep]","|-damage|p1a: Medicham|230/262|[from] Sandstorm","|upkeep","|turn|3","||adding 10 for new turn","|","|t:|1752976606","|move|p2a: Dugtrio|Earthquake|p1a: Medicham","|-damage|p1a: Medicham|0 fnt","|faint|p1a: Medicham","||adding 5 to each for mid turn request","|","|t:|1752976614","|switch|p1a: Snorlax|Snorlax, F|484/484","|-damage|p1a: Snorlax|424/484|[from] Spikes","|","|-weather|Sandstorm|[upkeep]","|-damage|p1a: Snorlax|394/484|[from] Sandstorm","|-heal|p1a: Snorlax|424/484|[from] item: Leftovers","|upkeep","|turn|4","||adding 10 for new turn","|","|t:|1752976622","|switch|p2a: Tyranitar|Tyranitar, M|387/387","|move|p1a: Snorlax|Body Slam|p2a: Tyranitar","|-resisted|p2a: Tyranitar","|-damage|p2a: Tyranitar|334/387","|","|-weather|Sandstorm|[upkeep]","|-damage|p1a: Snorlax|394/484|[from] Sandstorm","|-heal|p2a: Tyranitar|358/387|[from] item: Leftovers","|-heal|p1a: Snorlax|424/484|[from] item: Leftovers","|upkeep","|turn|5","||adding 10 for new turn","|","|t:|1752976630","|move|p2a: Tyranitar|Rock Slide|p1a: Snorlax","|-damage|p1a: Snorlax|258/484","|move|p1a: Snorlax|Earthquake|p2a: Tyranitar","|-supereffective|p2a: Tyranitar","|-damage|p2a: Tyranitar|193/387","|","|-weather|Sandstorm|[upkeep]","|-damage|p1a: Snorlax|228/484|[from] Sandstorm","|-heal|p2a: Tyranitar|217/387|[from] item: Leftovers","|-heal|p1a: Snorlax|258/484|[from] item: Leftovers","|upkeep","|turn|6","||adding 10 for new turn","|","|t:|1752976638","|move|p2a: Tyranitar|Rock Slide|p1a: Snorlax","|-damage|p1a: Snorlax|75/484","|cant|p1a: Snorlax|flinch","|","|-weather|Sandstorm|[upkeep]","|-damage|p1a: Snorlax|45/484|[from] Sandstorm","|-heal|p2a: Tyranitar|241/387|[from] item: Leftovers","|-heal|p1a: Snorlax|75/484|[from] item: Leftovers","|upkeep","|turn|7","||adding 10 for new turn","|","|t:|1752976646","|move|p2a: Tyranitar|Rock Slide|p1a: Snorlax","|-damage|p1a: Snorlax|0 fnt","|faint|p1a: Snorlax","||adding 5 to each for mid turn request","|","|t:|1752976654","|switch|p1a: Metagross|Metagross|364/364","|-damage|p1a: Metagross|319/364|[from] Spikes","|","|-weather|Sandstorm|[upkeep]","|-heal|p1a: Metagross|341/364|[from] item: Leftovers","|-heal|p2a: Tyranitar|265/387|[from] item: Leftovers","|upkeep","|turn|8","||adding 10 for new turn","|","|t:|1752976662","|switch|p2a: Milotic|Milotic, F|393/393","|move|p1a: Metagross|Meteor Mash|p2a: Milotic","|-resisted|p2a: Milotic","|-damage|p2a: Milotic|305/393","|","|-weather|Sandstorm|[upkeep]","|-damage|p2a: Milotic|281/393|[from] Sandstorm","|-heal|p2a: Milotic|305/393|[from] item: Leftovers","|-heal|p1a: Metagross|363/364|[from] item: Leftovers","|upkeep","|turn|9","||adding 10 for new turn","|","|t:|1752976670","|move|p2a: Milotic|Surf|p1a: Metagross","|-damage|p1a: Metagross|232/364","|move|p1a: Metagross|Meteor Mash|p2a: Milotic","|-resisted|p2a: Milotic","|-damage|p2a: Milotic|228/393","|","|-weather|Sandstorm|[upkeep]","|-damage|p2a: Milotic|204/393|[from] Sandstorm","|-heal|p2a: Milotic|228/393|[from] item: Leftovers","|-heal|p1a: Metagross|254/364|[from] item: Leftovers","|upkeep","|turn|10","||adding 10 for new turn","|","|t:|1752976678","|move|p2a: Milotic|Surf|p1a: Metagross","|-damage|p1a: Metagross|127/364","|move|p1a: Metagross|Earthquake|p2a: Milotic","|-damage|p2a: Milotic|110/393","|","|-weather|Sandstorm|[upkeep]","|-damage|p2a: Milotic|86/393|[from] Sandstorm","|-heal|p2a: Milotic|110/393|[from] item: Leftovers","|-heal|p1a: Metagross|149/364|[from] item: Leftovers","|upkeep","|turn|11","||adding 10 for new turn","|","|t:|1752976686","|move|p2a: Milotic|Recover|p2a: Milotic","|-heal|p2a: Milotic|306/393","|move|p1a: Metagross|Explosion|p2a: Milotic","|-damage|p2a: Milotic|0 fnt","|faint|p1a: Metagross","|faint|p2a: Milotic","||adding 5 to each for mid turn request","|","|t:|1752976694","|switch|p2a: Blissey|Blissey, F|661/661","|switch|p1a: Suicune|Suicune|404/404","|-damage|p1a: Suicune|354/404|[from] Spikes","|-ability|p1a: Suicune|Pressure|[silent]","|","|-weather|Sandstorm|[upkeep]","|-damage|p1a: Suicune|329/404|[from] Sandstorm","|-damage|p2a: Blissey|620/661|[from] Sandstorm","|-heal|p1a: Suicune|354/404|[from] item: Leftovers","|-heal|p2a: Blissey|661/661|[from] item: Leftovers","|upkeep","|turn|12","||adding 10 for new turn","|","|t:|1752976702","|move|p1a: Suicune|Calm Mind|p1a: Suicune","|-boost|p1a: Suicune|spa|1","|-boost|p1a: Suicune|spd|1","|move|p2a: Blissey|Seismic Toss|p1a: Suicune","|-damage|p1a: Suicune|254/404","|","|-weather|Sandstorm|[upkeep]","|-damage|p1a: Suicune|229/404|[from] Sandstorm","|-damage|p2a: Blissey|620/661|[from] Sandstorm","|-heal|p1a: Suicune|254/404|[from] item: Leftovers","|-heal|p2a: Blissey|661/661|[from] item: Leftovers","|upkeep","|turn|13","||adding 10 for new turn","|","|t:|1752976710","|move|p1a: Suicune|Calm Mind|p1a: Suicune","|-boost|p1a: Suicune|spa|1","|-boost|p1a: Suicune|spd|1","|move|p2a: Blissey|Seismic Toss|p1a: Suicune","|-damage|p1a: Suicune|154/404","|","|-weather|Sandstorm|[upkeep]","|-damage|p1a: Suicune|129/404|[from] Sandstorm","|-damage|p2a: Blissey|620/661|[from] Sandstorm","|-heal|p1a: Suicune|154/404|[from] item: Leftovers","|-heal|p2a: Blissey|661/661|[from] item: Leftovers","|upkeep","|turn|14","||adding 10 for new turn","|","|t:|1752976718","|move|p1a: Suicune|Ice Beam|p2a: Blissey","|-damage|p2a: Blissey|535/661","|move|p2a: Blissey|Seismic Toss|p1a: Suicune","|-damage|p1a: Suicune|54/404","|","|-weather|Sandstorm|[upkeep]","|-damage|p1a: Suicune|29/404|[from] Sandstorm","|-damage|p2a: Blissey|494/661|[from] Sandstorm","|-heal|p1a: Suicune|54/404|[from] item: Leftovers","|-heal|p2a: Blissey|535/661|[from] item: Leftovers","|upkeep","|turn|15","||adding 10 for new turn","|","|t:|1752976727","|move|p1a: Suicune|Rest|p1a: Suicune","|-status|p1a: Suicune|slp|[from] move: Rest","|-heal|p1a: Suicune|404/404 slp|[silent]","|move|p2a: Blissey|Seismic Toss|p1a: Suicune","|-damage|p1a: Suicune|304/404 slp","|","|-weather|Sandstorm|[upkeep]","|-damage|p1a: Suicune|279/404 slp|[from] Sandstorm","|-damage|p2a: Blissey|494/661|[from] Sandstorm","|-heal|p1a: Suicune|304/404 slp|[from] item: Leftovers","|-heal|p2a: Blissey|535/661|[from] item: Leftovers","|upkeep","|turn|16","||adding 10 for new turn","|","|t:|1752976735","|switch|p2a: Tyranitar|Tyranitar, M|265/387","|cant|p1a: Suicune|slp","|","|-weather|Sandstorm|[upkeep]","|-damage|p1a: Suicune|279/404 slp|[from] Sandstorm","|-heal|p1a: Suicune|304/404 slp|[from] item: Leftovers","|-heal|p2a: Tyranitar|289/387|[from] item: Leftovers","|upkeep","|turn|17","||adding 10 for new turn","|","|t:|1752976742","|cant|p1a: Suicune|slp","|move|p2a: Tyranitar|Roar|p1a: Suicune","|drag|p1a: Salamence|Salamence, F|331/331","|-ability|p1a: Salamence|Intimidate|boost","|-unboost|p2a: Tyranitar|atk|1","|","|-weather|Sandstorm|[upkeep]","|-damage|p1a: Salamence|311/331|[from] Sandstorm","|-heal|p1a: Salamence|331/331|[from] item: Leftovers","|-heal|p2a: Tyranitar|313/387|[from] item: Leftovers","|upkeep","|turn|18","||adding 10 for new turn","|","|t:|1752976751","|move|p1a: Salamence|Earthquake|p2a: Tyranitar","|-supereffective|p2a: Tyranitar","|-damage|p2a: Tyranitar|103/387","|move|p2a: Tyranitar|Rock Slide|p1a: Salamence","|-supereffective|p1a: Salamence","|-damage|p1a: Salamence|112/331","|","|-weather|Sandstorm|[upkeep]","|-damage|p1a: Salamence|92/331|[from] Sandstorm","|-heal|p1a: Salamence|112/331|[from] item: Leftovers","|-heal|p2a: Tyranitar|127/387|[from] item: Leftovers","|upkeep","|turn|19","||adding 10 for new turn","|","|t:|1752976759","|switch|p2a: Blissey|Blissey, F|535/661","|move|p1a: Salamence|Earthquake|p2a: Blissey","|-damage|p2a: Blissey|313/661","|","|-weather|Sandstorm|[upkeep]","|-damage|p1a: Salamence|92/331|[from] Sandstorm","|-damage|p2a: Blissey|272/661|[from] Sandstorm","|-heal|p1a: Salamence|112/331|[from] item: Leftovers","|-heal|p2a: Blissey|313/661|[from] item: Leftovers","|upkeep","|turn|20","||adding 10 for new turn","|","|t:|1752976767","|move|p1a: Salamence|Rock Slide|p2a: Blissey","|-damage|p2a: Blissey|141/661","|cant|p2a: Blissey|flinch","|","|-weather|Sandstorm|[upkeep]","|-damage|p1a: Salamence|92/331|[from] Sandstorm","|-damage|p2a: Blissey|100/661|[from] Sandstorm","|-heal|p1a: Salamence|112/331|[from] item: Leftovers","|-heal|p2a: Blissey|141/661|[from] item: Leftovers","|upkeep","|turn|21","||adding 10 for new turn","|","|t:|1752976775","|switch|p2a: Tyranitar|Tyranitar, M|127/387","|move|p1a: Salamence|Hidden Power|p2a: Tyranitar","|-resisted|p2a: Tyranitar","|-crit|p2a: Tyranitar","|-damage|p2a: Tyranitar|11/387","|","|-weather|Sandstorm|[upkeep]","|-damage|p1a: Salamence|92/331|[from] Sandstorm","|-heal|p1a: Salamence|112/331|[from] item: Leftovers","|-heal|p2a: Tyranitar|35/387|[from] item: Leftovers","|upkeep","|turn|22","||adding 10 for new turn","|","|t:|1752976783","|switch|p2a: Claydol|Claydol|317/317","|move|p1a: Salamence|Hidden Power|p2a: Claydol","|-damage|p2a: Claydol|200/317","|","|-weather|Sandstorm|[upkeep]","|-damage|p1a: Salamence|92/331|[from] Sandstorm","|-heal|p1a: Salamence|112/331|[from] item: Leftovers","|-heal|p2a: Claydol|219/317|[from] item: Leftovers","|upkeep","|turn|23","||adding 10 for new turn","|","|t:|1752976791","|move|p1a: Salamence|Hidden Power|p2a: Claydol","|-damage|p2a: Claydol|94/317","|move|p2a: Claydol|Psychic|p1a: Salamence","|-damage|p1a: Salamence|33/331","|","|-weather|Sandstorm|[upkeep]","|-damage|p1a: Salamence|13/331|[from] Sandstorm","|-heal|p1a: Salamence|33/331|[from] item: Leftovers","|-heal|p2a: Claydol|113/317|[from] item: Leftovers","|upkeep","|turn|24","||adding 10 for new turn","|","|t:|1752976799","|switch|p2a: Tyranitar|Tyranitar, M|35/387","|move|p1a: Salamence|Hidden Power|p2a: Tyranitar","|-resisted|p2a: Tyranitar","|-damage|p2a: Tyranitar|0 fnt","|faint|p2a: Tyranitar","||adding 5 to each for mid turn request","|","|t:|1752976802","|switch|p2a: Dugtrio|Dugtrio, F|211/211","|","|-weather|Sandstorm|[upkeep]","|-damage|p1a: Salamence|13/331|[from] Sandstorm","|-heal|p1a: Salamence|33/331|[from] item: Leftovers","|upkeep","|turn|25","||adding 10 for new turn","|","|t:|1752976810","|move|p2a: Dugtrio|Hidden Power|p1a: Salamence","|-resisted|p1a: Salamence","|-damage|p1a: Salamence|0 fnt","|faint|p1a: Salamence","||adding 5 to each for mid turn request","|","|t:|1752976817","|switch|p1a: Suicune|Suicune|304/404 slp","|-damage|p1a: Suicune|254/404 slp|[from] Spikes","|-ability|p1a: Suicune|Pressure|[silent]","|","|-weather|Sandstorm|[upkeep]","|-damage|p1a: Suicune|229/404 slp|[from] Sandstorm","|-heal|p1a: Suicune|254/404 slp|[from] item: Leftovers","|upkeep","|turn|26","||adding 10 for new turn","|","|t:|1752976825","|move|p2a: Dugtrio|Hidden Power|p1a: Suicune","|-damage|p1a: Suicune|168/404 slp","|-curestatus|p1a: Suicune|slp|[msg]","|move|p1a: Suicune|Calm Mind|p1a: Suicune","|-boost|p1a: Suicune|spa|1","|-boost|p1a: Suicune|spd|1","|","|-weather|Sandstorm|[upkeep]","|-damage|p1a: Suicune|143/404|[from] Sandstorm","|-heal|p1a: Suicune|168/404|[from] item: Leftovers","|upkeep","|turn|27","||adding 10 for new turn","|","|t:|1752976832","|switch|p2a: Blissey|Blissey, F|141/661","|move|p1a: Suicune|Rest|p1a: Suicune","|-status|p1a: Suicune|slp|[from] move: Rest","|-heal|p1a: Suicune|404/404 slp|[silent]","|","|-weather|Sandstorm|[upkeep]","|-damage|p1a: Suicune|379/404 slp|[from] Sandstorm","|-damage|p2a: Blissey|100/661|[from] Sandstorm","|-heal|p1a: Suicune|404/404 slp|[from] item: Leftovers","|-heal|p2a: Blissey|141/661|[from] item: Leftovers","|upkeep","|turn|28","||adding 10 for new turn","|","|t:|1752976840","|cant|p1a: Suicune|slp","|move|p2a: Blissey|Seismic Toss|p1a: Suicune","|-damage|p1a: Suicune|304/404 slp","|","|-weather|Sandstorm|[upkeep]","|-damage|p1a: Suicune|279/404 slp|[from] Sandstorm","|-damage|p2a: Blissey|100/661|[from] Sandstorm","|-heal|p1a: Suicune|304/404 slp|[from] item: Leftovers","|-heal|p2a: Blissey|141/661|[from] item: Leftovers","|upkeep","|turn|29","||adding 10 for new turn","|","|t:|1752976848","|cant|p1a: Suicune|slp","|move|p2a: Blissey|Soft-Boiled|p2a: Blissey","|-heal|p2a: Blissey|471/661","|","|-weather|Sandstorm|[upkeep]","|-damage|p1a: Suicune|279/404 slp|[from] Sandstorm","|-damage|p2a: Blissey|430/661|[from] Sandstorm","|-heal|p1a: Suicune|304/404 slp|[from] item: Leftovers","|-heal|p2a: Blissey|471/661|[from] item: Leftovers","|upkeep","|turn|30","||adding 10 for new turn","|","|t:|1752976855","|-curestatus|p1a: Suicune|slp|[msg]","|move|p1a: Suicune|Calm Mind|p1a: Suicune","|-boost|p1a: Suicune|spa|1","|-boost|p1a: Suicune|spd|1","|move|p2a: Blissey|Seismic Toss|p1a: Suicune","|-damage|p1a: Suicune|204/404","|","|-weather|Sandstorm|[upkeep]","|-damage|p1a: Suicune|179/404|[from] Sandstorm","|-damage|p2a: Blissey|430/661|[from] Sandstorm","|-heal|p1a: Suicune|204/404|[from] item: Leftovers","|-heal|p2a: Blissey|471/661|[from] item: Leftovers","|upkeep","|turn|31","||adding 10 for new turn","|","|t:|1752976863","|move|p1a: Suicune|Ice Beam|p2a: Blissey","|-damage|p2a: Blissey|335/661","|move|p2a: Blissey|Seismic Toss|p1a: Suicune","|-damage|p1a: Suicune|104/404","|","|-weather|Sandstorm|[upkeep]","|-damage|p1a: Suicune|79/404|[from] Sandstorm","|-damage|p2a: Blissey|294/661|[from] Sandstorm","|-heal|p1a: Suicune|104/404|[from] item: Leftovers","|-heal|p2a: Blissey|335/661|[from] item: Leftovers","|upkeep","|turn|32","||adding 10 for new turn","|","|t:|1752976871","|switch|p1a: Magneton|Magneton|242/242","|-damage|p1a: Magneton|212/242|[from] Spikes","|move|p2a: Blissey|Seismic Toss|p1a: Magneton","|-damage|p1a: Magneton|112/242","|","|-weather|Sandstorm|[upkeep]","|-damage|p2a: Blissey|294/661|[from] Sandstorm","|-heal|p2a: Blissey|335/661|[from] item: Leftovers","|upkeep","|turn|33","||adding 10 for new turn","|","|t:|1752976878","|switch|p2a: Dugtrio|Dugtrio, F|211/211","|move|p1a: Magneton|Hidden Power|p2a: Dugtrio","|-damage|p2a: Dugtrio|91/211","|","|-weather|Sandstorm|[upkeep]","|upkeep","|turn|34","||adding 10 for new turn","|","|t:|1752976885","|move|p2a: Dugtrio|Earthquake|p1a: Magneton","|-supereffective|p1a: Magneton","|-damage|p1a: Magneton|0 fnt","|faint|p1a: Magneton","||adding 5 to each for mid turn request","|","|t:|1752976892","|switch|p1a: Suicune|Suicune|104/404","|-damage|p1a: Suicune|54/404|[from] Spikes","|-ability|p1a: Suicune|Pressure|[silent]","|","|-weather|Sandstorm|[upkeep]","|-damage|p1a: Suicune|29/404|[from] Sandstorm","|-heal|p1a: Suicune|54/404|[from] item: Leftovers","|upkeep","|turn|35","||adding 10 for new turn","|","|t:|1752976898","|move|p2a: Dugtrio|Earthquake|p1a: Suicune","|-damage|p1a: Suicune|0 fnt","|faint|p1a: Suicune","|","|win|foultestacceptor1","|l|☆foultestchallenge1","|inactive|foultestchallenge1 disconnected and has 300 seconds to reconnect!","|player|p1|",""],"p1rating":null,"p2rating":null,"endType":"normal","ladderError":true,"timestamp":"Sat Jul 19 2025 19:01:38 GMT-0700 (アメリカ太平洋夏時間)","roomid":"battle-gen3ou-1032","format":"gen3ou"}