{"winner":"foultestacceptor1","seed":"sodium,fdb64eec823ca3371b8f29416a8cf5b9","turns":28,"p1":"foultestchallenge1","p2":"foultestacceptor1","p1team":[{"name":"Skarmory","species":"Skarmory","item":"Leftovers","ability":"Keen Eye","moves":["Spikes","Roar","Toxic","Protect"],"nature":"Careful","evs":{"hp":252,"atk":0,"def":0,"spa":0,"spd":252,"spe":4},"gender":"F","ivs":{"hp":31,"atk":0,"def":31,"spa":31,"spd":31,"spe":31},"level":100},{"name":"Jolteon","species":"Jolteon","item":"Leftovers","ability":"Volt Absorb","moves":["Thunderbolt","Thunder Wave","Hidden Power Grass","Baton Pass"],"nature":"Timid","evs":{"hp":4,"atk":0,"def":0,"spa":252,"spd":0,"spe":252},"gender":"F","ivs":{"hp":31,"atk":2,"def":31,"spa":30,"spd":31,"spe":31},"happiness":255,"hpType":"Grass","pokeball":"","gigantamax":false,"dynamaxLevel":10,"teraType":"","level":100},{"name":"Tyranitar","species":"Tyranitar","item":"Leftovers","ability":"Sand Stream","moves":["Focus Punch","Earthquake","Hidden Power Bug","Rock Slide"],"nature":"Adamant","evs":{"hp":252,"atk":252,"def":4,"spa":0,"spd":0,"spe":0},"gender":"M","ivs":{"hp":31,"atk":31,"def":31,"spa":31,"spd":30,"spe":30},"happiness":255,"hpType":"Bug","pokeball":"","gigantamax":false,"dynamaxLevel":10,"teraType":"","level":100},{"name":"Gengar","species":"Gengar","item":"Leftovers","ability":"Levitate","moves":["Ice Punch","Fire Punch","Hidden Power Grass","Explosion"],"nature":"Hasty","evs":{"hp":40,"atk":0,"def":0,"spa":252,"spd":0,"spe":216},"gender":"F","ivs":{"hp":31,"atk":30,"def":31,"spa":30,"spd":31,"spe":31},"happiness":255,"hpType":"Grass","pokeball":"","gigantamax":false,"dynamaxLevel":10,"teraType":"","level":100},{"name":"Metagross","species":"Metagross","item":"Choice Band","ability":"Clear Body","moves":["Meteor Mash","Earthquake","Rock Slide","Explosion"],"nature":"Adamant","evs":{"hp":68,"atk":252,"def":0,"spa":0,"spd":0,"spe":188},"gender":"N","level":100,"ivs":{"hp":31,"atk":31,"def":31,"spa":31,"spd":31,"spe":31}},{"name":"Starmie","species":"Starmie","item":"Leftovers","ability":"Natural Cure","moves":["Hydro Pump","Thunderbolt","Ice Beam","Psychic"],"nature":"Timid","evs":{"hp":4,"atk":0,"def":0,"spa":252,"spd":0,"spe":252},"gender":"N","ivs":{"hp":31,"atk":0,"def":31,"spa":31,"spd":31,"spe":31},"level":100}],"p2team":[{"name":"Skarmory","species":"Skarmory","item":"Leftovers","ability":"Keen Eye","moves":["Spikes","Roar","Toxic","Protect"],"nature":"Careful","evs":{"hp":252,"atk":0,"def":0,"spa":0,"spd":252,"spe":4},"gender":"F","ivs":{"hp":31,"atk":0,"def":31,"spa":31,"spd":31,"spe":31},"level":100},{"name":"Jolteon","species":"Jolteon","item":"Leftovers","ability":"Volt Absorb","moves":["Thunderbolt","Thunder Wave","Hidden Power Grass","Baton Pass"],"nature":"Timid","evs":{"hp":4,"atk":0,"def":0,"spa":252,"spd":0,"spe":252},"gender":"F","ivs":{"hp":31,"atk":2,"def":31,"spa":30,"spd":31,"spe":31},"happiness":255,"hpType":"Grass","pokeball":"","gigantamax":false,"dynamaxLevel":10,"teraType":"","level":100},{"name":"Tyranitar","species":"Tyranitar","item":"Leftovers","ability":"Sand Stream","moves":["Focus Punch","Earthquake","Hidden Power Bug","Rock Slide"],"nature":"Adamant","evs":{"hp":252,"atk":252,"def":4,"spa":0,"spd":0,"spe":0},"gender":"F","ivs":{"hp":31,"atk":31,"def":31,"spa":31,"spd":30,"spe":30},"happiness":255,"hpType":"Bug","pokeball":"","gigantamax":false,"dynamaxLevel":10,"teraType":"","level":100},{"name":"Gengar","species":"Gengar","item":"Leftovers","ability":"Levitate","moves":["Ice Punch","Fire Punch","Hidden Power Grass","Explosion"],"nature":"Hasty","evs":{"hp":40,"atk":0,"def":0,"spa":252,"spd":0,"spe":216},"gender":"F","ivs":{"hp":31,"atk":30,"def":31,"spa":30,"spd":31,"spe":31},"happiness":255,"hpType":"Grass","pokeball":"","gigantamax":false,"dynamaxLevel":10,"teraType":"","level":100},{"name":"Metagross","species":"Metagross","item":"Choice Band","ability":"Clear Body","moves":["Meteor Mash","Earthquake","Rock Slide","Explosion"],"nature":"Adamant","evs":{"hp":68,"atk":252,"def":0,"spa":0,"spd":0,"spe":188},"gender":"N","level":100,"ivs":{"hp":31,"atk":31,"def":31,"spa":31,"spd":31,"spe":31}},{"name":"Starmie","species":"Starmie","item":"Leftovers","ability":"Natural Cure","moves":["Hydro Pump","Thunderbolt","Ice Beam","Psychic"],"nature":"Timid","evs":{"hp":4,"atk":0,"def":0,"spa":252,"spd":0,"spe":252},"gender":"N","ivs":{"hp":31,"atk":0,"def":31,"spa":31,"spd":31,"spe":31},"level":100}],"score":[0,3],"inputLog":[">version 372d05e49c92a79eecdf6c8dddb208bd1765c00f",">start {\"formatid\":\"gen3ou\",\"seed\":\"sodium,fdb64eec823ca3371b8f29416a8cf5b9\"}",">player p1 {\"name\":\"foultestchallenge1\",\"avatar\":\"266\",\"team\":\"Skarmory||Leftovers|KeenEye|Spikes,Roar,Toxic,Protect|Careful|252,,,,252,4|F|,0,,,,|||]Jolteon||Leftovers|VoltAbsorb|Thunderbolt,ThunderWave,HiddenPowerGrass,BatonPass|Timid|4,,,252,,252|F|,2,,30,,|||,Grass,,,,]Tyranitar||Leftovers|SandStream|FocusPunch,Earthquake,HiddenPowerBug,RockSlide|Adamant|252,252,4,,,|M|,,,,30,30|||,Bug,,,,]Gengar||Leftovers|Levitate|IcePunch,FirePunch,HiddenPowerGrass,Explosion|Hasty|40,,,252,,216|F|,30,,30,,|||,Grass,,,,]Metagross||ChoiceBand|ClearBody|MeteorMash,Earthquake,RockSlide,Explosion|Adamant|68,252,,,,188|N||||]Starmie||Leftovers|NaturalCure|HydroPump,Thunderbolt,IceBeam,Psychic|Timid|4,,,252,,252|N|,0,,,,|||\",\"rating\":0}",">player p2 {\"name\":\"foultestacceptor1\",\"avatar\":\"169\",\"team\":\"Skarmory||Leftovers|KeenEye|Spikes,Roar,Toxic,Protect|Careful|252,,,,252,4|F|,0,,,,|||]Jolteon||Leftovers|VoltAbsorb|Thunderbolt,ThunderWave,HiddenPowerGrass,BatonPass|Timid|4,,,252,,252|F|,2,,30,,|||,Grass,,,,]Tyranitar||Leftovers|SandStream|FocusPunch,Earthquake,HiddenPowerBug,RockSlide|Adamant|252,252,4,,,|F|,,,,30,30|||,Bug,,,,]Gengar||Leftovers|Levitate|IcePunch,FirePunch,HiddenPowerGrass,Explosion|Hasty|40,,,252,,216|F|,30,,30,,|||,Grass,,,,]Metagross||ChoiceBand|ClearBody|MeteorMash,Earthquake,RockSlide,Explosion|Adamant|68,252,,,,188|N||||]Starmie||Leftovers|NaturalCure|HydroPump,Thunderbolt,IceBeam,Psychic|Timid|4,,,252,,252|N|,0,,,,|||\",\"rating\":0}",">p1 move spikes",">p2 move spikes",">p1 move spikes",">p2 move spikes",">p1 move spikes",">p2 move spikes",">p1 move roar",">p2 move roar",">p1 move roar",">p2 move meteormash",">p1 move toxic",">p2 move focuspunch",">p1 move protect",">p2 move focuspunch",">p1 move protect",">p2 move focuspunch",">p1 switch 4",">p1 switch 5",">p2 move rockslide",">p1 move meteormash",">p2 move earthquake",">p2 switch 4",">p1 move meteormash",">p2 move firepunch",">p1 switch 2",">p1 move thunderbolt",">p2 switch 2",">p1 move thunderwave",">p2 move thunderwave",">p1 move hiddenpower",">p2 move hiddenpower",">p1 move hiddenpower",">p2 move hiddenpower",">p1 move hiddenpower",">p2 move hiddenpower",">p1 switch 3",">p1 move hiddenpower",">p2 switch 5",">p1 move focuspunch",">p2 move toxic",">p1 move rockslide",">p2 move protect",">p1 move focuspunch",">p2 move protect",">p1 switch 5",">p2 move protect",">p1 move firepunch",">p2 switch 5",">p1 move firepunch",">p2 move thunderbolt",">p2 switch 6",">p1 move hiddenpower",">p2 move psychic",">p1 switch 6",">p1 move thunderbolt",">p2 move thunderbolt",">p1 switch 5",">p1 move rockslide",">p2 move icebeam",">p1 move focuspunch",">p2 move hydropump",">p2 switch 2",">p1 move focuspunch",">p2 move icepunch"],"log":["|j|☆foultestchallenge1","|j|☆foultestacceptor1","|t:|1752912237","|gametype|singles","|player|p1|foultestchallenge1|266|","|player|p2|foultestacceptor1|169|","|teamsize|p1|6","|teamsize|p2|6","|gen|3","|tier|[Gen 3] OU","|rule|Sleep Clause Mod: Limit one foe put to sleep","|rule|Switch Priority Clause Mod: Faster Pokémon switch first","|rule|Species Clause: Limit one of each Pokémon","|rule|OHKO Clause: OHKO moves are banned","|rule|Evasion Items Clause: Evasion items are banned","|rule|Evasion Moves Clause: Evasion moves are banned","|rule|Endless Battle Clause: Forcing endless battles is banned","|rule|HP Percentage Mod: HP is shown in percentages","|rule|One Boost Passer Clause: Limit one Baton Passer that has a way to boost its stats","|rule|Freeze Clause Mod: Limit one foe frozen","|","|t:|1752912237","|start","|switch|p1a: Skarmory|Skarmory, F|334/334","|switch|p2a: Skarmory|Skarmory, F|334/334","|turn|1","|inactive|Battle timer is ON: inactive players will automatically lose when time's up. (requested by foultestacceptor1)","|inactive|foultestchallenge1 also wants the timer to be on.","|","|t:|1752912240","|move|p1a: Skarmory|Spikes|p2a: Skarmory","|-sidestart|p2: foultestacceptor1|Spikes","|move|p2a: Skarmory|Spikes|p1a: Skarmory","|-sidestart|p1: foultestchallenge1|Spikes","|","|upkeep","|turn|2","||adding 10 for new turn","|","|t:|1752912243","|move|p1a: Skarmory|Spikes|p2a: Skarmory","|-sidestart|p2: foultestacceptor1|Spikes","|move|p2a: Skarmory|Spikes|p1a: Skarmory","|-sidestart|p1: foultestchallenge1|Spikes","|","|upkeep","|turn|3","||adding 10 for new turn","|","|t:|1752912246","|move|p2a: Skarmory|Spikes|p1a: Skarmory","|-sidestart|p1: foultestchallenge1|Spikes","|move|p1a: Skarmory|Spikes|p2a: Skarmory","|-sidestart|p2: foultestacceptor1|Spikes","|","|upkeep","|turn|4","||adding 10 for new turn","|","|t:|1752912249","|move|p1a: Skarmory|Roar|p2a: Skarmory","|drag|p2a: Metagross|Metagross|318/318","|-damage|p2a: Metagross|239/318|[from] Spikes","|","|upkeep","|turn|5","||adding 10 for new turn","|","|t:|1752912253","|move|p2a: Metagross|Meteor Mash|p1a: Skarmory","|-resisted|p1a: Skarmory","|-damage|p1a: Skarmory|225/334","|-boost|p2a: Metagross|atk|1","|move|p1a: Skarmory|Roar|p2a: Metagross","|drag|p2a: Tyranitar|Tyranitar, F|404/404","|-damage|p2a: Tyranitar|303/404|[from] Spikes","|-weather|Sandstorm|[from] ability: Sand Stream|[of] p2a: Tyranitar","|","|-weather|Sandstorm|[upkeep]","|-heal|p1a: Skarmory|245/334|[from] item: Leftovers","|-heal|p2a: Tyranitar|328/404|[from] item: Leftovers","|upkeep","|turn|6","||adding 10 for new turn","|","|t:|1752912256","|-singleturn|p2a: Tyranitar|move: Focus Punch","|move|p1a: Skarmory|Toxic|p2a: Tyranitar","|-status|p2a: Tyranitar|tox","|move|p2a: Tyranitar|Focus Punch|p1a: Skarmory","|-damage|p1a: Skarmory|103/334","|","|-weather|Sandstorm|[upkeep]","|-heal|p1a: Skarmory|123/334|[from] item: Leftovers","|-heal|p2a: Tyranitar|353/404 tox|[from] item: Leftovers","|-damage|p2a: Tyranitar|328/404 tox|[from] psn","|upkeep","|turn|7","||adding 10 for new turn","|","|t:|1752912259","|-singleturn|p2a: Tyranitar|move: Focus Punch","|move|p1a: Skarmory|Protect|p1a: Skarmory","|-singleturn|p1a: Skarmory|Protect","|move|p2a: Tyranitar|Focus Punch|p1a: Skarmory","|-activate|p1a: Skarmory|Protect","|","|-weather|Sandstorm|[upkeep]","|-heal|p1a: Skarmory|143/334|[from] item: Leftovers","|-heal|p2a: Tyranitar|353/404 tox|[from] item: Leftovers","|-damage|p2a: Tyranitar|303/404 tox|[from] psn","|upkeep","|turn|8","||adding 10 for new turn","|","|t:|1752912262","|-singleturn|p2a: Tyranitar|move: Focus Punch","|move|p1a: Skarmory|Protect||[still]","|-fail|p1a: Skarmory","|move|p2a: Tyranitar|Focus Punch|p1a: Skarmory","|-damage|p1a: Skarmory|0 fnt","|faint|p1a: Skarmory","||adding 5 to each for mid turn request","|","|t:|1752912265","|switch|p1a: Gengar|Gengar, F|271/271","|","|-weather|Sandstorm|[upkeep]","|-damage|p1a: Gengar|255/271|[from] Sandstorm","|-heal|p1a: Gengar|271/271|[from] item: Leftovers","|-heal|p2a: Tyranitar|328/404 tox|[from] item: Leftovers","|-damage|p2a: Tyranitar|253/404 tox|[from] psn","|upkeep","|turn|9","||adding 10 for new turn","|","|t:|1752912268","|switch|p1a: Metagross|Metagross|318/318","|-damage|p1a: Metagross|239/318|[from] Spikes","|move|p2a: Tyranitar|Rock Slide|p1a: Metagross","|-resisted|p1a: Metagross","|-damage|p1a: Metagross|182/318","|","|-weather|Sandstorm|[upkeep]","|-heal|p2a: Tyranitar|278/404 tox|[from] item: Leftovers","|-damage|p2a: Tyranitar|178/404 tox|[from] psn","|upkeep","|turn|10","||adding 10 for new turn","|","|t:|1752912271","|move|p1a: Metagross|Meteor Mash|p2a: Tyranitar","|-supereffective|p2a: Tyranitar","|-damage|p2a: Tyranitar|0 fnt","|-boost|p1a: Metagross|atk|1","|faint|p2a: Tyranitar","||adding 5 to each for mid turn request","|","|t:|1752912272","|switch|p2a: Gengar|Gengar, F|271/271","|","|-weather|Sandstorm|[upkeep]","|-damage|p2a: Gengar|255/271|[from] Sandstorm","|-heal|p2a: Gengar|271/271|[from] item: Leftovers","|upkeep","|turn|11","||adding 10 for new turn","|","|t:|1752912276","|move|p2a: Gengar|Fire Punch|p1a: Metagross","|-supereffective|p1a: Metagross","|-damage|p1a: Metagross|0 fnt","|faint|p1a: Metagross","||adding 5 to each for mid turn request","|","|t:|1752912279","|switch|p1a: Jolteon|Jolteon, F|272/272","|-damage|p1a: Jolteon|204/272|[from] Spikes","|","|-weather|Sandstorm|[upkeep]","|-damage|p1a: Jolteon|187/272|[from] Sandstorm","|-damage|p2a: Gengar|255/271|[from] Sandstorm","|-heal|p1a: Jolteon|204/272|[from] item: Leftovers","|-heal|p2a: Gengar|271/271|[from] item: Leftovers","|upkeep","|turn|12","||adding 10 for new turn","|","|t:|1752912281","|switch|p2a: Jolteon|Jolteon, F|272/272","|-damage|p2a: Jolteon|204/272|[from] Spikes","|move|p1a: Jolteon|Thunderbolt|p2a: Jolteon","|-heal|p2a: Jolteon|272/272|[from] ability: Volt Absorb|[of] p1a: Jolteon","|","|-weather|Sandstorm|[upkeep]","|-damage|p1a: Jolteon|187/272|[from] Sandstorm","|-damage|p2a: Jolteon|255/272|[from] Sandstorm","|-heal|p2a: Jolteon|272/272|[from] item: Leftovers","|-heal|p1a: Jolteon|204/272|[from] item: Leftovers","|upkeep","|turn|13","||adding 10 for new turn","|","|t:|1752912284","|move|p2a: Jolteon|Thunder Wave|p1a: Jolteon","|-status|p1a: Jolteon|par","|move|p1a: Jolteon|Thunder Wave|p2a: Jolteon","|-status|p2a: Jolteon|par","|","|-weather|Sandstorm|[upkeep]","|-damage|p1a: Jolteon|187/272 par|[from] Sandstorm","|-damage|p2a: Jolteon|255/272 par|[from] Sandstorm","|-heal|p1a: Jolteon|204/272 par|[from] item: Leftovers","|-heal|p2a: Jolteon|272/272 par|[from] item: Leftovers","|upkeep","|turn|14","||adding 10 for new turn","|","|t:|1752912287","|move|p2a: Jolteon|Hidden Power|p1a: Jolteon","|-damage|p1a: Jolteon|122/272 par","|move|p1a: Jolteon|Hidden Power|p2a: Jolteon","|-damage|p2a: Jolteon|194/272 par","|","|-weather|Sandstorm|[upkeep]","|-damage|p2a: Jolteon|177/272 par|[from] Sandstorm","|-damage|p1a: Jolteon|105/272 par|[from] Sandstorm","|-heal|p1a: Jolteon|122/272 par|[from] item: Leftovers","|-heal|p2a: Jolteon|194/272 par|[from] item: Leftovers","|upkeep","|turn|15","||adding 10 for new turn","|","|t:|1752912290","|move|p2a: Jolteon|Hidden Power|p1a: Jolteon","|-damage|p1a: Jolteon|41/272 par","|cant|p1a: Jolteon|par","|","|-weather|Sandstorm|[upkeep]","|-damage|p2a: Jolteon|177/272 par|[from] Sandstorm","|-damage|p1a: Jolteon|24/272 par|[from] Sandstorm","|-heal|p1a: Jolteon|41/272 par|[from] item: Leftovers","|-heal|p2a: Jolteon|194/272 par|[from] item: Leftovers","|upkeep","|turn|16","||adding 10 for new turn","|","|t:|1752912293","|move|p2a: Jolteon|Hidden Power|p1a: Jolteon","|-damage|p1a: Jolteon|0 fnt","|faint|p1a: Jolteon","||adding 5 to each for mid turn request","|","|t:|1752912296","|switch|p1a: Tyranitar|Tyranitar, M|404/404","|-damage|p1a: Tyranitar|303/404|[from] Spikes","|","|-weather|Sandstorm|[upkeep]","|-damage|p2a: Jolteon|177/272 par|[from] Sandstorm","|-heal|p1a: Tyranitar|328/404|[from] item: Leftovers","|-heal|p2a: Jolteon|194/272 par|[from] item: Leftovers","|upkeep","|turn|17","||adding 10 for new turn","|","|t:|1752912299","|switch|p2a: Skarmory|Skarmory, F|334/334","|move|p1a: Tyranitar|Hidden Power|p2a: Skarmory","|-resisted|p2a: Skarmory","|-damage|p2a: Skarmory|318/334","|","|-weather|Sandstorm|[upkeep]","|-heal|p2a: Skarmory|334/334|[from] item: Leftovers","|-heal|p1a: Tyranitar|353/404|[from] item: Leftovers","|upkeep","|turn|18","||adding 10 for new turn","|","|t:|1752912302","|-singleturn|p1a: Tyranitar|move: Focus Punch","|move|p2a: Skarmory|Toxic|p1a: Tyranitar","|-status|p1a: Tyranitar|tox","|move|p1a: Tyranitar|Focus Punch|p2a: Skarmory","|-damage|p2a: Skarmory|189/334","|","|-weather|Sandstorm|[upkeep]","|-heal|p2a: Skarmory|209/334|[from] item: Leftovers","|-heal|p1a: Tyranitar|378/404 tox|[from] item: Leftovers","|-damage|p1a: Tyranitar|353/404 tox|[from] psn","|upkeep","|turn|19","||adding 10 for new turn","|","|t:|1752912305","|move|p2a: Skarmory|Protect|p2a: Skarmory","|-singleturn|p2a: Skarmory|Protect","|move|p1a: Tyranitar|Rock Slide|p2a: Skarmory","|-activate|p2a: Skarmory|Protect","|","|-weather|Sandstorm|[upkeep]","|-heal|p2a: Skarmory|229/334|[from] item: Leftovers","|-heal|p1a: Tyranitar|378/404 tox|[from] item: Leftovers","|-damage|p1a: Tyranitar|328/404 tox|[from] psn","|upkeep","|turn|20","||adding 10 for new turn","|","|t:|1752912307","|-singleturn|p1a: Tyranitar|move: Focus Punch","|move|p2a: Skarmory|Protect||[still]","|-fail|p2a: Skarmory","|move|p1a: Tyranitar|Focus Punch|p2a: Skarmory","|-damage|p2a: Skarmory|77/334","|","|-weather|Sandstorm|[upkeep]","|-heal|p2a: Skarmory|97/334|[from] item: Leftovers","|-heal|p1a: Tyranitar|353/404 tox|[from] item: Leftovers","|-damage|p1a: Tyranitar|278/404 tox|[from] psn","|upkeep","|turn|21","||adding 10 for new turn","|","|t:|1752912309","|switch|p1a: Gengar|Gengar, F|271/271","|move|p2a: Skarmory|Protect||[still]","|-fail|p2a: Skarmory","|","|-weather|Sandstorm|[upkeep]","|-damage|p1a: Gengar|255/271|[from] Sandstorm","|-heal|p1a: Gengar|271/271|[from] item: Leftovers","|-heal|p2a: Skarmory|117/334|[from] item: Leftovers","|upkeep","|turn|22","||adding 10 for new turn","|","|t:|1752912311","|switch|p2a: Jolteon|Jolteon, F|194/272 par","|-damage|p2a: Jolteon|126/272 par|[from] Spikes","|move|p1a: Gengar|Fire Punch|p2a: Jolteon","|-damage|p2a: Jolteon|37/272 par","|","|-weather|Sandstorm|[upkeep]","|-damage|p1a: Gengar|255/271|[from] Sandstorm","|-damage|p2a: Jolteon|20/272 par|[from] Sandstorm","|-heal|p1a: Gengar|271/271|[from] item: Leftovers","|-heal|p2a: Jolteon|37/272 par|[from] item: Leftovers","|upkeep","|turn|23","||adding 10 for new turn","|","|t:|1752912314","|move|p1a: Gengar|Fire Punch|p2a: Jolteon","|-damage|p2a: Jolteon|0 fnt","|faint|p2a: Jolteon","||adding 5 to each for mid turn request","|","|t:|1752912315","|switch|p2a: Starmie|Starmie|262/262","|-damage|p2a: Starmie|197/262|[from] Spikes","|","|-weather|Sandstorm|[upkeep]","|-damage|p2a: Starmie|181/262|[from] Sandstorm","|-damage|p1a: Gengar|255/271|[from] Sandstorm","|-heal|p2a: Starmie|197/262|[from] item: Leftovers","|-heal|p1a: Gengar|271/271|[from] item: Leftovers","|upkeep","|turn|24","||adding 10 for new turn","|","|t:|1752912318","|move|p2a: Starmie|Psychic|p1a: Gengar","|-supereffective|p1a: Gengar","|-damage|p1a: Gengar|0 fnt","|faint|p1a: Gengar","||adding 5 to each for mid turn request","|","|t:|1752912321","|switch|p1a: Starmie|Starmie|262/262","|-damage|p1a: Starmie|197/262|[from] Spikes","|","|-weather|Sandstorm|[upkeep]","|-damage|p1a: Starmie|181/262|[from] Sandstorm","|-damage|p2a: Starmie|181/262|[from] Sandstorm","|-heal|p2a: Starmie|197/262|[from] item: Leftovers","|-heal|p1a: Starmie|197/262|[from] item: Leftovers","|upkeep","|turn|25","||adding 10 for new turn","|","|t:|1752912324","|move|p2a: Starmie|Thunderbolt|p1a: Starmie","|-supereffective|p1a: Starmie","|-damage|p1a: Starmie|0 fnt","|faint|p1a: Starmie","||adding 5 to each for mid turn request","|","|t:|1752912327","|switch|p1a: Tyranitar|Tyranitar, M|278/404 tox","|-damage|p1a: Tyranitar|177/404 tox|[from] Spikes","|","|-weather|Sandstorm|[upkeep]","|-damage|p2a: Starmie|181/262|[from] Sandstorm","|-heal|p2a: Starmie|197/262|[from] item: Leftovers","|-heal|p1a: Tyranitar|202/404 tox|[from] item: Leftovers","|-damage|p1a: Tyranitar|177/404 tox|[from] psn","|upkeep","|turn|26","||adding 10 for new turn","|","|t:|1752912329","|move|p2a: Starmie|Ice Beam|p1a: Tyranitar","|-damage|p1a: Tyranitar|83/404 tox","|move|p1a: Tyranitar|Rock Slide|p2a: Starmie","|-damage|p2a: Starmie|27/262","|","|-weather|Sandstorm|[upkeep]","|-damage|p2a: Starmie|11/262|[from] Sandstorm","|-heal|p2a: Starmie|27/262|[from] item: Leftovers","|-heal|p1a: Tyranitar|108/404 tox|[from] item: Leftovers","|-damage|p1a: Tyranitar|58/404 tox|[from] psn","|upkeep","|turn|27","||adding 10 for new turn","|","|t:|1752912331","|-singleturn|p1a: Tyranitar|move: Focus Punch","|move|p2a: Starmie|Hydro Pump|p1a: Tyranitar|[miss]","|-miss|p2a: Starmie|p1a: Tyranitar","|move|p1a: Tyranitar|Focus Punch|p2a: Starmie","|-resisted|p2a: Starmie","|-damage|p2a: Starmie|0 fnt","|faint|p2a: Starmie","||adding 5 to each for mid turn request","|","|t:|1752912332","|switch|p2a: Gengar|Gengar, F|271/271","|","|-weather|Sandstorm|[upkeep]","|-damage|p2a: Gengar|255/271|[from] Sandstorm","|-heal|p2a: Gengar|271/271|[from] item: Leftovers","|-heal|p1a: Tyranitar|83/404 tox|[from] item: Leftovers","|-damage|p1a: Tyranitar|8/404 tox|[from] psn","|upkeep","|turn|28","||adding 10 for new turn","|","|t:|1752912335","|-singleturn|p1a: Tyranitar|move: Focus Punch","|move|p2a: Gengar|Ice Punch|p1a: Tyranitar","|-damage|p1a: Tyranitar|0 fnt","|faint|p1a: Tyranitar","|","|win|foultestacceptor1",""],"p1rating":null,"p2rating":null,"endType":"normal","ladderError":true,"timestamp":"Sat Jul 19 2025 01:05:35 GMT-0700 (アメリカ太平洋夏時間)","roomid":"battle-gen3ou-865","format":"gen3ou"}