{"winner":"foultestchallenge1","seed":"sodium,dde8cbccd5ff5cc38ffa23879a141067","turns":47,"p1":"foultestchallenge1","p2":"foultestacceptor1","p1team":[{"name":"Skarmory","species":"Skarmory","item":"Leftovers","ability":"Keen Eye","moves":["Spikes","Protect","Roar","Toxic"],"nature":"Careful","evs":{"hp":252,"atk":0,"def":8,"spa":0,"spd":248,"spe":0},"gender":"F","ivs":{"hp":31,"atk":0,"def":31,"spa":31,"spd":31,"spe":31},"level":100},{"name":"Blissey","species":"Blissey","item":"Leftovers","ability":"Natural Cure","moves":["Soft-Boiled","Ice Beam","Toxic","Fire Blast"],"nature":"Modest","evs":{"hp":0,"atk":0,"def":252,"spa":252,"spd":0,"spe":4},"gender":"F","ivs":{"hp":31,"atk":0,"def":31,"spa":31,"spd":31,"spe":31},"shiny":true,"level":100},{"name":"Tyranitar","species":"Tyranitar","item":"Leftovers","ability":"Sand Stream","moves":["Focus Punch","Rock Slide","Hidden Power Bug","Earthquake"],"nature":"Adamant","evs":{"hp":248,"atk":196,"def":12,"spa":0,"spd":52,"spe":0},"gender":"F","ivs":{"hp":31,"atk":30,"def":30,"spa":31,"spd":30,"spe":31},"happiness":255,"hpType":"Bug","pokeball":"","gigantamax":false,"dynamaxLevel":10,"teraType":"","level":100},{"name":"Swampert","species":"Swampert","item":"Leftovers","ability":"Torrent","moves":["Earthquake","Ice Beam","Hydro Pump","Protect"],"nature":"Relaxed","evs":{"hp":240,"atk":0,"def":136,"spa":40,"spd":48,"spe":44},"gender":"F","level":100,"ivs":{"hp":31,"atk":31,"def":31,"spa":31,"spd":31,"spe":31}},{"name":"Gengar","species":"Gengar","item":"Leftovers","ability":"Levitate","moves":["Will-O-Wisp","Thunderbolt","Ice Punch","Explosion"],"nature":"Timid","evs":{"hp":168,"atk":0,"def":0,"spa":0,"spd":164,"spe":176},"gender":"F","level":100,"ivs":{"hp":31,"atk":31,"def":31,"spa":31,"spd":31,"spe":31}},{"name":"Starmie","species":"Starmie","item":"Leftovers","ability":"Natural Cure","moves":["Hydro Pump","Ice Beam","Thunderbolt","Rapid Spin"],"nature":"Timid","evs":{"hp":4,"atk":0,"def":0,"spa":252,"spd":0,"spe":252},"gender":"N","ivs":{"hp":31,"atk":0,"def":31,"spa":31,"spd":31,"spe":31},"level":100}],"p2team":[{"name":"Medicham","species":"Medicham","item":"Salac Berry","ability":"Pure Power","moves":["Brick Break","Focus Punch","Rock Slide","Shadow Ball"],"nature":"Jolly","evs":{"hp":4,"atk":252,"def":0,"spa":0,"spd":0,"spe":252},"gender":"M","level":100,"ivs":{"hp":31,"atk":31,"def":31,"spa":31,"spd":31,"spe":31}},{"name":"Magneton","species":"Magneton","item":"Magnet","ability":"Magnet Pull","moves":["Thunderbolt","Hidden Power Fire","Toxic","Rain Dance"],"nature":"Modest","evs":{"hp":4,"atk":0,"def":0,"spa":252,"spd":0,"spe":252},"gender":"N","ivs":{"hp":31,"atk":2,"def":31,"spa":30,"spd":31,"spe":30},"happiness":255,"hpType":"Fire","pokeball":"","gigantamax":false,"dynamaxLevel":10,"teraType":"","level":100},{"name":"Snorlax","species":"Snorlax","item":"Leftovers","ability":"Immunity","moves":["Self-Destruct","Body Slam","Shadow Ball","Earthquake"],"nature":"Adamant","evs":{"hp":92,"atk":116,"def":144,"spa":0,"spd":144,"spe":12},"gender":"F","level":100,"ivs":{"hp":31,"atk":31,"def":31,"spa":31,"spd":31,"spe":31}},{"name":"Suicune","species":"Suicune","item":"Leftovers","ability":"Pressure","moves":["Calm Mind","Surf","Rest","Ice Beam"],"nature":"Calm","evs":{"hp":252,"atk":0,"def":0,"spa":180,"spd":68,"spe":8},"gender":"N","ivs":{"hp":31,"atk":0,"def":31,"spa":31,"spd":31,"spe":31},"level":100},{"name":"Salamence","species":"Salamence","item":"Leftovers","ability":"Intimidate","moves":["Dragon Dance","Hidden Power Flying","Rock Slide","Earthquake"],"nature":"Adamant","evs":{"hp":0,"atk":156,"def":0,"spa":0,"spd":140,"spe":212},"gender":"M","ivs":{"hp":31,"atk":31,"def":31,"spa":30,"spd":30,"spe":30},"happiness":255,"hpType":"Flying","pokeball":"","gigantamax":false,"dynamaxLevel":10,"teraType":"","level":100},{"name":"Metagross","species":"Metagross","item":"Leftovers","ability":"Clear Body","moves":["Agility","Meteor Mash","Earthquake","Explosion"],"nature":"Adamant","evs":{"hp":252,"atk":144,"def":24,"spa":0,"spd":0,"spe":88},"gender":"N","level":100,"ivs":{"hp":31,"atk":31,"def":31,"spa":31,"spd":31,"spe":31}}],"score":[1,0],"inputLog":[">version 372d05e49c92a79eecdf6c8dddb208bd1765c00f",">start {\"formatid\":\"gen3ou\",\"seed\":\"sodium,dde8cbccd5ff5cc38ffa23879a141067\"}",">player p1 {\"name\":\"foultestchallenge1\",\"avatar\":\"1\",\"team\":\"Skarmory||Leftovers|KeenEye|Spikes,Protect,Roar,Toxic|Careful|252,,8,,248,|F|,0,,,,|||]Blissey||Leftovers|NaturalCure|SoftBoiled,IceBeam,Toxic,FireBlast|Modest|,,252,252,,4|F|,0,,,,|S||]Tyranitar||Leftovers|SandStream|FocusPunch,RockSlide,HiddenPowerBug,Earthquake|Adamant|248,196,12,,52,|F|,30,30,,30,|||,Bug,,,,]Swampert||Leftovers|Torrent|Earthquake,IceBeam,HydroPump,Protect|Relaxed|240,,136,40,48,44|F||||]Gengar||Leftovers|Levitate|WillOWisp,Thunderbolt,IcePunch,Explosion|Timid|168,,,,164,176|F||||]Starmie||Leftovers|NaturalCure|HydroPump,IceBeam,Thunderbolt,RapidSpin|Timid|4,,,252,,252|N|,0,,,,|||\",\"rating\":0}",">player p2 {\"name\":\"foultestacceptor1\",\"avatar\":\"169\",\"team\":\"Medicham||SalacBerry|PurePower|BrickBreak,FocusPunch,RockSlide,ShadowBall|Jolly|4,252,,,,252|M||||]Magneton||Magnet|MagnetPull|Thunderbolt,HiddenPowerFire,Toxic,RainDance|Modest|4,,,252,,252|N|,2,,30,,30|||,Fire,,,,]Snorlax||Leftovers|Immunity|SelfDestruct,BodySlam,ShadowBall,Earthquake|Adamant|92,116,144,,144,12|F||||]Suicune||Leftovers|Pressure|CalmMind,Surf,Rest,IceBeam|Calm|252,,,180,68,8|N|,0,,,,|||]Salamence||Leftovers|Intimidate|DragonDance,HiddenPowerFlying,RockSlide,Earthquake|Adamant|,156,,,140,212|M|,,,30,30,30|||,Flying,,,,]Metagross||Leftovers|ClearBody|Agility,MeteorMash,Earthquake,Explosion|Adamant|252,144,24,,,88|N||||\",\"rating\":0}",">p1 move spikes",">p2 move focuspunch",">p1 move toxic",">p2 move brickbreak",">p1 switch 4",">p1 move icebeam",">p2 switch 4",">p1 switch 2",">p2 move calmmind",">p1 move toxic",">p2 move calmmind",">p1 move icebeam",">p2 move calmmind",">p1 move softboiled",">p2 move rest",">p1 switch 3",">p2 move surf",">p1 switch 3",">p2 move surf",">p1 move toxic",">p2 move surf",">p1 move softboiled",">p2 move rest",">p1 move icebeam",">p2 move icebeam",">p1 move softboiled",">p2 move rest",">p1 move toxic",">p2 move icebeam",">p1 move softboiled",">p2 move rest",">p1 move icebeam",">p2 switch 6",">p1 move fireblast",">p2 move meteormash",">p1 switch 2",">p2 move earthquake",">p1 move earthquake",">p2 move explosion",">p1 switch 5",">p2 switch 4",">p1 move thunderbolt",">p2 move shadowball",">p1 switch 6",">p1 move icebeam",">p2 switch 3",">p1 switch 3",">p2 move bodyslam",">p1 move rockslide",">p2 move earthquake",">p1 switch 2",">p2 move earthquake",">p1 move softboiled",">p2 move bodyslam",">p1 move softboiled",">p2 move bodyslam",">p1 move softboiled",">p2 move bodyslam",">p1 move softboiled",">p2 move bodyslam",">p1 move softboiled",">p2 move bodyslam",">p1 move softboiled",">p2 move bodyslam",">p1 move softboiled",">p2 move bodyslam",">p1 move softboiled",">p2 move bodyslam",">p1 move softboiled",">p2 move earthquake",">p1 move fireblast",">p2 move bodyslam",">p1 move softboiled",">p2 move bodyslam",">p1 move softboiled",">p2 move bodyslam",">p1 move icebeam",">p2 move bodyslam",">p1 switch 2",">p1 move earthquake",">p2 move selfdestruct",">p1 switch 3",">p2 switch 2",">p1 move hydropump",">p2 move thunderbolt",">p2 switch 5",">p1 move icebeam",">p2 switch 6",">p1 move thunderbolt",">p2 move surf",">p1 move thunderbolt",">p2 switch 6",">p1 move icebeam",">p2 switch 6",">p1 move thunderbolt",">p2 switch 6",">p1 move icebeam",">p2 switch 6",">p2 switch 3",">p1 move icebeam",">p2 move focuspunch",">p2 switch 6",">p1 move icebeam",">p2 move earthquake"],"log":["|j|☆foultestchallenge1","|j|☆foultestacceptor1","|t:|1752963824","|gametype|singles","|player|p1|foultestchallenge1|1|","|player|p2|foultestacceptor1|169|","|teamsize|p1|6","|teamsize|p2|6","|gen|3","|tier|[Gen 3] OU","|rule|Sleep Clause Mod: Limit one foe put to sleep","|rule|Switch Priority Clause Mod: Faster Pokémon switch first","|rule|Species Clause: Limit one of each Pokémon","|rule|OHKO Clause: OHKO moves are banned","|rule|Evasion Items Clause: Evasion items are banned","|rule|Evasion Moves Clause: Evasion moves are banned","|rule|Endless Battle Clause: Forcing endless battles is banned","|rule|HP Percentage Mod: HP is shown in percentages","|rule|One Boost Passer Clause: Limit one Baton Passer that has a way to boost its stats","|rule|Freeze Clause Mod: Limit one foe frozen","|","|t:|1752963824","|start","|switch|p1a: Skarmory|Skarmory, F|334/334","|switch|p2a: Medicham|Medicham, M|262/262","|turn|1","|inactive|Battle timer is ON: inactive players will automatically lose when time's up. (requested by foultestacceptor1)","|inactive|foultestchallenge1 also wants the timer to be on.","|","|t:|1752963832","|-singleturn|p2a: Medicham|move: Focus Punch","|move|p1a: Skarmory|Spikes|p2a: Medicham","|-sidestart|p2: foultestacceptor1|Spikes","|move|p2a: Medicham|Focus Punch|p1a: Skarmory","|-damage|p1a: Skarmory|78/334","|","|-heal|p1a: Skarmory|98/334|[from] item: Leftovers","|upkeep","|turn|2","||adding 10 for new turn","|","|t:|1752963840","|move|p2a: Medicham|Brick Break|p1a: Skarmory","|-damage|p1a: Skarmory|0 fnt","|faint|p1a: Skarmory","||adding 5 to each for mid turn request","|","|t:|1752963848","|switch|p1a: Swampert|Swampert, F|401/401","|","|upkeep","|turn|3","||adding 10 for new turn","|","|t:|1752963856","|switch|p2a: Suicune|Suicune|404/404","|-damage|p2a: Suicune|354/404|[from] Spikes","|-ability|p2a: Suicune|Pressure|[silent]","|move|p1a: Swampert|Ice Beam|p2a: Suicune","|-resisted|p2a: Suicune","|-damage|p2a: Suicune|328/404","|","|-heal|p2a: Suicune|353/404|[from] item: Leftovers","|upkeep","|turn|4","||adding 10 for new turn","|","|t:|1752963864","|switch|p1a: Blissey|Blissey, F, shiny|651/651","|move|p2a: Suicune|Calm Mind|p2a: Suicune","|-boost|p2a: Suicune|spa|1","|-boost|p2a: Suicune|spd|1","|","|-heal|p2a: Suicune|378/404|[from] item: Leftovers","|upkeep","|turn|5","||adding 10 for new turn","|","|t:|1752963871","|move|p2a: Suicune|Calm Mind|p2a: Suicune","|-boost|p2a: Suicune|spa|1","|-boost|p2a: Suicune|spd|1","|move|p1a: Blissey|Toxic|p2a: Suicune","|-status|p2a: Suicune|tox","|","|-heal|p2a: Suicune|403/404 tox|[from] item: Leftovers","|-damage|p2a: Suicune|378/404 tox|[from] psn","|upkeep","|turn|6","||adding 10 for new turn","|","|t:|1752963879","|move|p2a: Suicune|Calm Mind|p2a: Suicune","|-boost|p2a: Suicune|spa|1","|-boost|p2a: Suicune|spd|1","|move|p1a: Blissey|Ice Beam|p2a: Suicune","|-resisted|p2a: Suicune","|-damage|p2a: Suicune|365/404 tox","|","|-heal|p2a: Suicune|390/404 tox|[from] item: Leftovers","|-damage|p2a: Suicune|340/404 tox|[from] psn","|upkeep","|turn|7","||adding 10 for new turn","|","|t:|1752963887","|move|p2a: Suicune|Rest|p2a: Suicune","|-status|p2a: Suicune|slp|[from] move: Rest","|-heal|p2a: Suicune|404/404 slp|[silent]","|move|p1a: Blissey|Soft-Boiled||[still]","|-fail|p1a: Blissey|heal","|","|upkeep","|turn|8","||adding 10 for new turn","|","|t:|1752963895","|switch|p1a: Tyranitar|Tyranitar, F|403/403","|-weather|Sandstorm|[from] ability: Sand Stream|[of] p1a: Tyranitar","|cant|p2a: Suicune|slp","|","|-weather|Sandstorm|[upkeep]","|-damage|p2a: Suicune|379/404 slp|[from] Sandstorm","|-heal|p2a: Suicune|404/404 slp|[from] item: Leftovers","|upkeep","|turn|9","||adding 10 for new turn","|","|t:|1752963903","|switch|p1a: Blissey|Blissey, F, shiny|651/651","|cant|p2a: Suicune|slp","|","|-weather|Sandstorm|[upkeep]","|-damage|p2a: Suicune|379/404 slp|[from] Sandstorm","|-damage|p1a: Blissey|611/651|[from] Sandstorm","|-heal|p2a: Suicune|404/404 slp|[from] item: Leftovers","|-heal|p1a: Blissey|651/651|[from] item: Leftovers","|upkeep","|turn|10","||adding 10 for new turn","|","|t:|1752963910","|-curestatus|p2a: Suicune|slp|[msg]","|move|p2a: Suicune|Surf|p1a: Blissey","|-damage|p1a: Blissey|393/651","|move|p1a: Blissey|Toxic|p2a: Suicune","|-status|p2a: Suicune|tox","|","|-weather|Sandstorm|[upkeep]","|-damage|p2a: Suicune|379/404 tox|[from] Sandstorm","|-damage|p1a: Blissey|353/651|[from] Sandstorm","|-heal|p2a: Suicune|404/404 tox|[from] item: Leftovers","|-damage|p2a: Suicune|379/404 tox|[from] psn","|-heal|p1a: Blissey|393/651|[from] item: Leftovers","|upkeep","|turn|11","||adding 10 for new turn","|","|t:|1752963915","|move|p2a: Suicune|Rest|p2a: Suicune","|-status|p2a: Suicune|slp|[from] move: Rest","|-heal|p2a: Suicune|404/404 slp|[silent]","|move|p1a: Blissey|Soft-Boiled|p1a: Blissey","|-heal|p1a: Blissey|651/651","|","|-weather|Sandstorm|[upkeep]","|-damage|p2a: Suicune|379/404 slp|[from] Sandstorm","|-damage|p1a: Blissey|611/651|[from] Sandstorm","|-heal|p2a: Suicune|404/404 slp|[from] item: Leftovers","|-heal|p1a: Blissey|651/651|[from] item: Leftovers","|upkeep","|turn|12","||adding 10 for new turn","|","|t:|1752963919","|cant|p2a: Suicune|slp","|move|p1a: Blissey|Ice Beam|p2a: Suicune","|-resisted|p2a: Suicune","|-damage|p2a: Suicune|392/404 slp","|","|-weather|Sandstorm|[upkeep]","|-damage|p2a: Suicune|367/404 slp|[from] Sandstorm","|-damage|p1a: Blissey|611/651|[from] Sandstorm","|-heal|p2a: Suicune|392/404 slp|[from] item: Leftovers","|-heal|p1a: Blissey|651/651|[from] item: Leftovers","|upkeep","|turn|13","||adding 10 for new turn","|","|t:|1752963923","|cant|p2a: Suicune|slp","|move|p1a: Blissey|Soft-Boiled||[still]","|-fail|p1a: Blissey|heal","|","|-weather|Sandstorm|[upkeep]","|-damage|p2a: Suicune|367/404 slp|[from] Sandstorm","|-damage|p1a: Blissey|611/651|[from] Sandstorm","|-heal|p2a: Suicune|392/404 slp|[from] item: Leftovers","|-heal|p1a: Blissey|651/651|[from] item: Leftovers","|upkeep","|turn|14","||adding 10 for new turn","|","|t:|1752963927","|-curestatus|p2a: Suicune|slp|[msg]","|move|p2a: Suicune|Ice Beam|p1a: Blissey","|-damage|p1a: Blissey|486/651","|move|p1a: Blissey|Toxic|p2a: Suicune","|-status|p2a: Suicune|tox","|","|-weather|Sandstorm|[upkeep]","|-damage|p2a: Suicune|367/404 tox|[from] Sandstorm","|-damage|p1a: Blissey|446/651|[from] Sandstorm","|-heal|p2a: Suicune|392/404 tox|[from] item: Leftovers","|-damage|p2a: Suicune|367/404 tox|[from] psn","|-heal|p1a: Blissey|486/651|[from] item: Leftovers","|upkeep","|turn|15","||adding 10 for new turn","|","|t:|1752963931","|move|p2a: Suicune|Rest|p2a: Suicune","|-status|p2a: Suicune|slp|[from] move: Rest","|-heal|p2a: Suicune|404/404 slp|[silent]","|move|p1a: Blissey|Soft-Boiled|p1a: Blissey","|-heal|p1a: Blissey|651/651","|","|-weather|Sandstorm|[upkeep]","|-damage|p2a: Suicune|379/404 slp|[from] Sandstorm","|-damage|p1a: Blissey|611/651|[from] Sandstorm","|-heal|p2a: Suicune|404/404 slp|[from] item: Leftovers","|-heal|p1a: Blissey|651/651|[from] item: Leftovers","|upkeep","|turn|16","||adding 10 for new turn","|","|t:|1752963936","|switch|p2a: Metagross|Metagross|364/364","|-damage|p2a: Metagross|319/364|[from] Spikes","|move|p1a: Blissey|Ice Beam|p2a: Metagross","|-resisted|p2a: Metagross","|-damage|p2a: Metagross|272/364","|","|-weather|Sandstorm|[upkeep]","|-damage|p1a: Blissey|611/651|[from] Sandstorm","|-heal|p2a: Metagross|294/364|[from] item: Leftovers","|-heal|p1a: Blissey|651/651|[from] item: Leftovers","|upkeep","|turn|17","||adding 10 for new turn","|","|t:|1752963944","|move|p2a: Metagross|Meteor Mash|p1a: Blissey","|-damage|p1a: Blissey|283/651","|-boost|p2a: Metagross|atk|1","|move|p1a: Blissey|Fire Blast|p2a: Metagross","|-supereffective|p2a: Metagross","|-damage|p2a: Metagross|75/364","|","|-weather|Sandstorm|[upkeep]","|-damage|p1a: Blissey|243/651|[from] Sandstorm","|-heal|p2a: Metagross|97/364|[from] item: Leftovers","|-heal|p1a: Blissey|283/651|[from] item: Leftovers","|upkeep","|turn|18","||adding 10 for new turn","|","|t:|1752963952","|switch|p1a: Swampert|Swampert, F|401/401","|move|p2a: Metagross|Earthquake|p1a: Swampert","|-damage|p1a: Swampert|247/401","|","|-weather|Sandstorm|[upkeep]","|-heal|p2a: Metagross|119/364|[from] item: Leftovers","|-heal|p1a: Swampert|272/401|[from] item: Leftovers","|upkeep","|turn|19","||adding 10 for new turn","|","|t:|1752963959","|move|p2a: Metagross|Explosion|p1a: Swampert","|-damage|p1a: Swampert|0 fnt","|faint|p2a: Metagross","|faint|p1a: Swampert","||adding 5 to each for mid turn request","|","|t:|1752963967","|switch|p2a: Medicham|Medicham, M|262/262","|switch|p1a: Gengar|Gengar, F|303/303","|-damage|p2a: Medicham|230/262|[from] Spikes","|","|-weather|Sandstorm|[upkeep]","|-damage|p1a: Gengar|285/303|[from] Sandstorm","|-damage|p2a: Medicham|214/262|[from] Sandstorm","|-heal|p1a: Gengar|303/303|[from] item: Leftovers","|upkeep","|turn|20","||adding 10 for new turn","|","|t:|1752963975","|move|p1a: Gengar|Thunderbolt|p2a: Medicham","|-damage|p2a: Medicham|101/262","|move|p2a: Medicham|Shadow Ball|p1a: Gengar","|-supereffective|p1a: Gengar","|-damage|p1a: Gengar|0 fnt","|faint|p1a: Gengar","||adding 5 to each for mid turn request","|","|t:|1752963979","|switch|p1a: Starmie|Starmie|262/262","|","|-weather|Sandstorm|[upkeep]","|-damage|p1a: Starmie|246/262|[from] Sandstorm","|-damage|p2a: Medicham|85/262|[from] Sandstorm","|-heal|p1a: Starmie|262/262|[from] item: Leftovers","|upkeep","|turn|21","||adding 10 for new turn","|","|t:|1752963987","|switch|p2a: Snorlax|Snorlax, F|484/484","|-damage|p2a: Snorlax|424/484|[from] Spikes","|move|p1a: Starmie|Ice Beam|p2a: Snorlax","|-damage|p2a: Snorlax|352/484","|","|-weather|Sandstorm|[upkeep]","|-damage|p1a: Starmie|246/262|[from] Sandstorm","|-damage|p2a: Snorlax|322/484|[from] Sandstorm","|-heal|p1a: Starmie|262/262|[from] item: Leftovers","|-heal|p2a: Snorlax|352/484|[from] item: Leftovers","|upkeep","|turn|22","||adding 10 for new turn","|","|t:|1752963995","|switch|p1a: Tyranitar|Tyranitar, F|403/403","|move|p2a: Snorlax|Body Slam|p1a: Tyranitar","|-resisted|p1a: Tyranitar","|-damage|p1a: Tyranitar|341/403","|-status|p1a: Tyranitar|par","|","|-weather|Sandstorm|[upkeep]","|-damage|p2a: Snorlax|322/484|[from] Sandstorm","|-heal|p2a: Snorlax|352/484|[from] item: Leftovers","|-heal|p1a: Tyranitar|366/403 par|[from] item: Leftovers","|upkeep","|turn|23","||adding 10 for new turn","|","|t:|1752964003","|move|p2a: Snorlax|Earthquake|p1a: Tyranitar","|-supereffective|p1a: Tyranitar","|-damage|p1a: Tyranitar|189/403 par","|cant|p1a: Tyranitar|par","|","|-weather|Sandstorm|[upkeep]","|-damage|p2a: Snorlax|322/484|[from] Sandstorm","|-heal|p2a: Snorlax|352/484|[from] item: Leftovers","|-heal|p1a: Tyranitar|214/403 par|[from] item: Leftovers","|upkeep","|turn|24","||adding 10 for new turn","|","|t:|1752964011","|switch|p1a: Blissey|Blissey, F, shiny|283/651","|move|p2a: Snorlax|Earthquake|p1a: Blissey","|-damage|p1a: Blissey|79/651","|","|-weather|Sandstorm|[upkeep]","|-damage|p1a: Blissey|39/651|[from] Sandstorm","|-damage|p2a: Snorlax|322/484|[from] Sandstorm","|-heal|p1a: Blissey|79/651|[from] item: Leftovers","|-heal|p2a: Snorlax|352/484|[from] item: Leftovers","|upkeep","|turn|25","||adding 10 for new turn","|","|t:|1752964018","|move|p1a: Blissey|Soft-Boiled|p1a: Blissey","|-heal|p1a: Blissey|404/651","|move|p2a: Snorlax|Body Slam|p1a: Blissey","|-damage|p1a: Blissey|161/651","|","|-weather|Sandstorm|[upkeep]","|-damage|p1a: Blissey|121/651|[from] Sandstorm","|-damage|p2a: Snorlax|322/484|[from] Sandstorm","|-heal|p1a: Blissey|161/651|[from] item: Leftovers","|-heal|p2a: Snorlax|352/484|[from] item: Leftovers","|upkeep","|turn|26","||adding 10 for new turn","|","|t:|1752964026","|move|p1a: Blissey|Soft-Boiled|p1a: Blissey","|-heal|p1a: Blissey|486/651","|move|p2a: Snorlax|Body Slam|p1a: Blissey","|-damage|p1a: Blissey|206/651","|","|-weather|Sandstorm|[upkeep]","|-damage|p1a: Blissey|166/651|[from] Sandstorm","|-damage|p2a: Snorlax|322/484|[from] Sandstorm","|-heal|p1a: Blissey|206/651|[from] item: Leftovers","|-heal|p2a: Snorlax|352/484|[from] item: Leftovers","|upkeep","|turn|27","||adding 10 for new turn","|","|t:|1752964033","|move|p1a: Blissey|Soft-Boiled|p1a: Blissey","|-heal|p1a: Blissey|531/651","|move|p2a: Snorlax|Body Slam|p1a: Blissey","|-damage|p1a: Blissey|265/651","|","|-weather|Sandstorm|[upkeep]","|-damage|p1a: Blissey|225/651|[from] Sandstorm","|-damage|p2a: Snorlax|322/484|[from] Sandstorm","|-heal|p1a: Blissey|265/651|[from] item: Leftovers","|-heal|p2a: Snorlax|352/484|[from] item: Leftovers","|upkeep","|turn|28","||adding 10 for new turn","|","|t:|1752964041","|move|p1a: Blissey|Soft-Boiled|p1a: Blissey","|-heal|p1a: Blissey|590/651","|move|p2a: Snorlax|Body Slam|p1a: Blissey","|-damage|p1a: Blissey|344/651","|","|-weather|Sandstorm|[upkeep]","|-damage|p1a: Blissey|304/651|[from] Sandstorm","|-damage|p2a: Snorlax|322/484|[from] Sandstorm","|-heal|p1a: Blissey|344/651|[from] item: Leftovers","|-heal|p2a: Snorlax|352/484|[from] item: Leftovers","|upkeep","|turn|29","||adding 10 for new turn","|","|t:|1752964049","|move|p1a: Blissey|Soft-Boiled|p1a: Blissey","|-heal|p1a: Blissey|651/651","|move|p2a: Snorlax|Body Slam|p1a: Blissey","|-damage|p1a: Blissey|377/651","|","|-weather|Sandstorm|[upkeep]","|-damage|p1a: Blissey|337/651|[from] Sandstorm","|-damage|p2a: Snorlax|322/484|[from] Sandstorm","|-heal|p1a: Blissey|377/651|[from] item: Leftovers","|-heal|p2a: Snorlax|352/484|[from] item: Leftovers","|upkeep","|turn|30","||adding 10 for new turn","|","|t:|1752964056","|move|p1a: Blissey|Soft-Boiled|p1a: Blissey","|-heal|p1a: Blissey|651/651","|move|p2a: Snorlax|Body Slam|p1a: Blissey","|-damage|p1a: Blissey|391/651","|","|-weather|Sandstorm|[upkeep]","|-damage|p1a: Blissey|351/651|[from] Sandstorm","|-damage|p2a: Snorlax|322/484|[from] Sandstorm","|-heal|p1a: Blissey|391/651|[from] item: Leftovers","|-heal|p2a: Snorlax|352/484|[from] item: Leftovers","|upkeep","|turn|31","||adding 10 for new turn","|","|t:|1752964064","|move|p1a: Blissey|Soft-Boiled|p1a: Blissey","|-heal|p1a: Blissey|651/651","|move|p2a: Snorlax|Body Slam|p1a: Blissey","|-damage|p1a: Blissey|385/651","|","|-weather|Sandstorm|[upkeep]","|-damage|p1a: Blissey|345/651|[from] Sandstorm","|-damage|p2a: Snorlax|322/484|[from] Sandstorm","|-heal|p1a: Blissey|385/651|[from] item: Leftovers","|-heal|p2a: Snorlax|352/484|[from] item: Leftovers","|upkeep","|turn|32","||adding 10 for new turn","|","|t:|1752964072","|move|p1a: Blissey|Soft-Boiled|p1a: Blissey","|-heal|p1a: Blissey|651/651","|move|p2a: Snorlax|Body Slam|p1a: Blissey","|-damage|p1a: Blissey|405/651","|","|-weather|Sandstorm|[upkeep]","|-damage|p1a: Blissey|365/651|[from] Sandstorm","|-damage|p2a: Snorlax|322/484|[from] Sandstorm","|-heal|p1a: Blissey|405/651|[from] item: Leftovers","|-heal|p2a: Snorlax|352/484|[from] item: Leftovers","|upkeep","|turn|33","||adding 10 for new turn","|","|t:|1752964079","|move|p1a: Blissey|Soft-Boiled|p1a: Blissey","|-heal|p1a: Blissey|651/651","|move|p2a: Snorlax|Earthquake|p1a: Blissey","|-damage|p1a: Blissey|452/651","|","|-weather|Sandstorm|[upkeep]","|-damage|p1a: Blissey|412/651|[from] Sandstorm","|-damage|p2a: Snorlax|322/484|[from] Sandstorm","|-heal|p1a: Blissey|452/651|[from] item: Leftovers","|-heal|p2a: Snorlax|352/484|[from] item: Leftovers","|upkeep","|turn|34","||adding 10 for new turn","|","|t:|1752964087","|move|p1a: Blissey|Fire Blast|p2a: Snorlax","|-damage|p2a: Snorlax|271/484","|move|p2a: Snorlax|Body Slam|p1a: Blissey","|-damage|p1a: Blissey|203/651","|","|-weather|Sandstorm|[upkeep]","|-damage|p1a: Blissey|163/651|[from] Sandstorm","|-damage|p2a: Snorlax|241/484|[from] Sandstorm","|-heal|p1a: Blissey|203/651|[from] item: Leftovers","|-heal|p2a: Snorlax|271/484|[from] item: Leftovers","|upkeep","|turn|35","||adding 10 for new turn","|","|t:|1752964095","|move|p1a: Blissey|Soft-Boiled|p1a: Blissey","|-heal|p1a: Blissey|528/651","|move|p2a: Snorlax|Body Slam|p1a: Blissey","|-damage|p1a: Blissey|254/651","|","|-weather|Sandstorm|[upkeep]","|-damage|p1a: Blissey|214/651|[from] Sandstorm","|-damage|p2a: Snorlax|241/484|[from] Sandstorm","|-heal|p1a: Blissey|254/651|[from] item: Leftovers","|-heal|p2a: Snorlax|271/484|[from] item: Leftovers","|upkeep","|turn|36","||adding 10 for new turn","|","|t:|1752964102","|move|p1a: Blissey|Soft-Boiled|p1a: Blissey","|-heal|p1a: Blissey|579/651","|move|p2a: Snorlax|Body Slam|p1a: Blissey","|-damage|p1a: Blissey|336/651","|","|-weather|Sandstorm|[upkeep]","|-damage|p1a: Blissey|296/651|[from] Sandstorm","|-damage|p2a: Snorlax|241/484|[from] Sandstorm","|-heal|p1a: Blissey|336/651|[from] item: Leftovers","|-heal|p2a: Snorlax|271/484|[from] item: Leftovers","|upkeep","|turn|37","||adding 10 for new turn","|","|t:|1752964110","|move|p1a: Blissey|Ice Beam|p2a: Snorlax","|-damage|p2a: Snorlax|198/484","|move|p2a: Snorlax|Body Slam|p1a: Blissey","|-crit|p1a: Blissey","|-damage|p1a: Blissey|0 fnt","|faint|p1a: Blissey","||adding 5 to each for mid turn request","|","|t:|1752964117","|switch|p1a: Tyranitar|Tyranitar, F|214/403 par","|","|-weather|Sandstorm|[upkeep]","|-damage|p2a: Snorlax|168/484|[from] Sandstorm","|-heal|p2a: Snorlax|198/484|[from] item: Leftovers","|-heal|p1a: Tyranitar|239/403 par|[from] item: Leftovers","|upkeep","|turn|38","||adding 10 for new turn","|","|t:|1752964124","|move|p2a: Snorlax|Self-Destruct|p1a: Tyranitar","|-resisted|p1a: Tyranitar","|-damage|p1a: Tyranitar|0 fnt","|faint|p2a: Snorlax","|faint|p1a: Tyranitar","||adding 5 to each for mid turn request","|","|t:|1752964132","|switch|p1a: Starmie|Starmie|262/262","|switch|p2a: Magneton|Magneton|242/242","|-damage|p2a: Magneton|212/242|[from] Spikes","|","|-weather|Sandstorm|[upkeep]","|-damage|p1a: Starmie|246/262|[from] Sandstorm","|-heal|p1a: Starmie|262/262|[from] item: Leftovers","|upkeep","|turn|39","||adding 10 for new turn","|","|t:|1752964139","|move|p1a: Starmie|Hydro Pump|p2a: Magneton","|-damage|p2a: Magneton|0 fnt","|faint|p2a: Magneton","||adding 5 to each for mid turn request","|","|t:|1752964147","|switch|p2a: Salamence|Salamence, M|331/331","|-ability|p2a: Salamence|Intimidate|boost","|-unboost|p1a: Starmie|atk|1","|","|-weather|Sandstorm|[upkeep]","|-damage|p1a: Starmie|246/262|[from] Sandstorm","|-damage|p2a: Salamence|311/331|[from] Sandstorm","|-heal|p1a: Starmie|262/262|[from] item: Leftovers","|-heal|p2a: Salamence|331/331|[from] item: Leftovers","|upkeep","|turn|40","||adding 10 for new turn","|","|t:|1752964154","|switch|p2a: Suicune|Suicune|404/404 slp","|-damage|p2a: Suicune|354/404 slp|[from] Spikes","|-ability|p2a: Suicune|Pressure|[silent]","|move|p1a: Starmie|Ice Beam|p2a: Suicune","|-resisted|p2a: Suicune","|-damage|p2a: Suicune|320/404 slp","|","|-weather|Sandstorm|[upkeep]","|-damage|p1a: Starmie|246/262|[from] Sandstorm","|-damage|p2a: Suicune|295/404 slp|[from] Sandstorm","|-heal|p1a: Starmie|262/262|[from] item: Leftovers","|-heal|p2a: Suicune|320/404 slp|[from] item: Leftovers","|upkeep","|turn|41","||adding 10 for new turn","|","|t:|1752964162","|move|p1a: Starmie|Thunderbolt|p2a: Suicune","|-supereffective|p2a: Suicune","|-damage|p2a: Suicune|179/404 slp","|cant|p2a: Suicune|slp","|","|-weather|Sandstorm|[upkeep]","|-damage|p1a: Starmie|246/262|[from] Sandstorm","|-damage|p2a: Suicune|154/404 slp|[from] Sandstorm","|-heal|p1a: Starmie|262/262|[from] item: Leftovers","|-heal|p2a: Suicune|179/404 slp|[from] item: Leftovers","|upkeep","|turn|42","||adding 10 for new turn","|","|t:|1752964166","|switch|p2a: Salamence|Salamence, M|331/331","|-ability|p2a: Salamence|Intimidate|boost","|-unboost|p1a: Starmie|atk|1","|move|p1a: Starmie|Thunderbolt|p2a: Salamence","|-damage|p2a: Salamence|229/331","|","|-weather|Sandstorm|[upkeep]","|-damage|p1a: Starmie|246/262|[from] Sandstorm","|-damage|p2a: Salamence|209/331|[from] Sandstorm","|-heal|p1a: Starmie|262/262|[from] item: Leftovers","|-heal|p2a: Salamence|229/331|[from] item: Leftovers","|upkeep","|turn|43","||adding 10 for new turn","|","|t:|1752964173","|switch|p2a: Suicune|Suicune|179/404 slp","|-damage|p2a: Suicune|129/404 slp|[from] Spikes","|-ability|p2a: Suicune|Pressure|[silent]","|move|p1a: Starmie|Ice Beam|p2a: Suicune","|-resisted|p2a: Suicune","|-damage|p2a: Suicune|90/404 slp","|","|-weather|Sandstorm|[upkeep]","|-damage|p1a: Starmie|246/262|[from] Sandstorm","|-damage|p2a: Suicune|65/404 slp|[from] Sandstorm","|-heal|p1a: Starmie|262/262|[from] item: Leftovers","|-heal|p2a: Suicune|90/404 slp|[from] item: Leftovers","|upkeep","|turn|44","||adding 10 for new turn","|","|t:|1752964177","|switch|p2a: Salamence|Salamence, M|229/331","|-ability|p2a: Salamence|Intimidate|boost","|-unboost|p1a: Starmie|atk|1","|move|p1a: Starmie|Thunderbolt|p2a: Salamence","|-damage|p2a: Salamence|127/331","|","|-weather|Sandstorm|[upkeep]","|-damage|p1a: Starmie|246/262|[from] Sandstorm","|-damage|p2a: Salamence|107/331|[from] Sandstorm","|-heal|p1a: Starmie|262/262|[from] item: Leftovers","|-heal|p2a: Salamence|127/331|[from] item: Leftovers","|upkeep","|turn|45","||adding 10 for new turn","|","|t:|1752964184","|switch|p2a: Suicune|Suicune|90/404 slp","|-damage|p2a: Suicune|40/404 slp|[from] Spikes","|-ability|p2a: Suicune|Pressure|[silent]","|move|p1a: Starmie|Ice Beam|p2a: Suicune","|-resisted|p2a: Suicune","|-damage|p2a: Suicune|7/404 slp","|","|-weather|Sandstorm|[upkeep]","|-damage|p1a: Starmie|246/262|[from] Sandstorm","|-damage|p2a: Suicune|0 fnt|[from] Sandstorm","|faint|p2a: Suicune","|-heal|p1a: Starmie|262/262|[from] item: Leftovers","|upkeep","||adding 5 to each for mid turn request","|","|t:|1752964188","|switch|p2a: Medicham|Medicham, M|85/262","|-damage|p2a: Medicham|53/262|[from] Spikes","|turn|46","||adding 10 for new turn","|","|t:|1752964191","|-singleturn|p2a: Medicham|move: Focus Punch","|move|p1a: Starmie|Ice Beam|p2a: Medicham","|-damage|p2a: Medicham|0 fnt","|faint|p2a: Medicham","||adding 5 to each for mid turn request","|","|t:|1752964195","|switch|p2a: Salamence|Salamence, M|127/331","|-ability|p2a: Salamence|Intimidate|boost","|-unboost|p1a: Starmie|atk|1","|","|-weather|Sandstorm|[upkeep]","|-damage|p1a: Starmie|246/262|[from] Sandstorm","|-damage|p2a: Salamence|107/331|[from] Sandstorm","|-heal|p1a: Starmie|262/262|[from] item: Leftovers","|-heal|p2a: Salamence|127/331|[from] item: Leftovers","|upkeep","|turn|47","||adding 10 for new turn","|","|t:|1752964201","|move|p1a: Starmie|Ice Beam|p2a: Salamence","|-supereffective|p2a: Salamence","|-damage|p2a: Salamence|0 fnt","|faint|p2a: Salamence","|","|win|foultestchallenge1",""],"p1rating":null,"p2rating":null,"endType":"normal","ladderError":true,"timestamp":"Sat Jul 19 2025 15:30:01 GMT-0700 (アメリカ太平洋夏時間)","roomid":"battle-gen3ou-1000","format":"gen3ou"}