{"winner":"foultestchallenge1","seed":"sodium,530f1ec81d2ac06de0f7f045a70cb39a","turns":134,"p1":"foultestchallenge1","p2":"foultestacceptor1","p1team":[{"name":"Tyranitar","species":"Tyranitar","item":"Leftovers","ability":"Sand Stream","moves":["Rock Slide","Earthquake","Hidden Power Bug","Roar"],"nature":"Adamant","evs":{"hp":184,"atk":196,"def":120,"spa":0,"spd":0,"spe":8},"gender":"M","ivs":{"hp":31,"atk":30,"def":30,"spa":31,"spd":30,"spe":31},"happiness":255,"hpType":"Bug","pokeball":"","gigantamax":false,"dynamaxLevel":10,"teraType":"","level":100},{"name":"Milotic","species":"Milotic","item":"Leftovers","ability":"Marvel Scale","moves":["Surf","Toxic","Recover","Refresh"],"nature":"Bold","evs":{"hp":248,"atk":0,"def":212,"spa":0,"spd":0,"spe":48},"gender":"M","ivs":{"hp":31,"atk":0,"def":31,"spa":31,"spd":31,"spe":31},"level":100},{"name":"Blissey","species":"Blissey","item":"Leftovers","ability":"Natural Cure","moves":["Seismic Toss","Ice Beam","Thunder Wave","Soft-Boiled"],"nature":"Bold","evs":{"hp":40,"atk":0,"def":244,"spa":208,"spd":0,"spe":16},"gender":"F","level":100,"ivs":{"hp":31,"atk":31,"def":31,"spa":31,"spd":31,"spe":31}},{"name":"Skarmory","species":"Skarmory","item":"Leftovers","ability":"Keen Eye","moves":["Drill Peck","Toxic","Spikes","Roar"],"nature":"Careful","evs":{"hp":248,"atk":0,"def":0,"spa":0,"spd":236,"spe":24},"gender":"M","level":100,"ivs":{"hp":31,"atk":31,"def":31,"spa":31,"spd":31,"spe":31}},{"name":"Claydol","species":"Claydol","item":"Leftovers","ability":"Levitate","moves":["Earthquake","Psychic","Refresh","Rapid Spin"],"nature":"Adamant","evs":{"hp":224,"atk":228,"def":0,"spa":36,"spd":0,"spe":20},"gender":"N","level":100,"ivs":{"hp":31,"atk":31,"def":31,"spa":31,"spd":31,"spe":31}},{"name":"Dugtrio","species":"Dugtrio","item":"Choice Band","ability":"Arena Trap","moves":["Earthquake","Aerial Ace","Hidden Power Bug","Screech"],"nature":"Jolly","evs":{"hp":0,"atk":252,"def":0,"spa":0,"spd":4,"spe":252},"gender":"M","ivs":{"hp":31,"atk":30,"def":30,"spa":31,"spd":30,"spe":31},"happiness":255,"hpType":"Bug","pokeball":"","gigantamax":false,"dynamaxLevel":10,"teraType":"","level":100}],"p2team":[{"name":"Metagross","species":"Metagross","item":"Leftovers","ability":"Clear Body","moves":["Meteor Mash","Earthquake","Agility","Explosion"],"nature":"Adamant","evs":{"hp":152,"atk":252,"def":0,"spa":0,"spd":0,"spe":104},"gender":"N","level":100,"ivs":{"hp":31,"atk":31,"def":31,"spa":31,"spd":31,"spe":31}},{"name":"Milotic","species":"Milotic","item":"Leftovers","ability":"Marvel Scale","moves":["Hypnosis","Surf","Ice Beam","Recover"],"nature":"Bold","evs":{"hp":248,"atk":0,"def":212,"spa":0,"spd":0,"spe":48},"gender":"M","ivs":{"hp":31,"atk":0,"def":31,"spa":31,"spd":31,"spe":31},"level":100},{"name":"Celebi","species":"Celebi","item":"Leftovers","ability":"Natural Cure","moves":["Swords Dance","Hidden Power Rock","Baton Pass","Recover"],"nature":"Jolly","evs":{"hp":240,"atk":0,"def":44,"spa":0,"spd":4,"spe":220},"gender":"N","ivs":{"hp":31,"atk":31,"def":30,"spa":31,"spd":30,"spe":30},"happiness":255,"hpType":"Rock","pokeball":"","gigantamax":false,"dynamaxLevel":10,"teraType":"","level":100},{"name":"Magneton","species":"Magneton","item":"Leftovers","ability":"Magnet Pull","moves":["Thunderbolt","Hidden Power Fire","Thunder Wave","Toxic"],"nature":"Timid","evs":{"hp":144,"atk":0,"def":0,"spa":112,"spd":0,"spe":252},"gender":"N","ivs":{"hp":31,"atk":2,"def":31,"spa":30,"spd":31,"spe":30},"happiness":255,"hpType":"Fire","pokeball":"","gigantamax":false,"dynamaxLevel":10,"teraType":"","level":100},{"name":"Heracross","species":"Heracross","item":"Leftovers","ability":"Guts","moves":["Megahorn","Rock Slide","Hidden Power Ghost","Brick Break"],"nature":"Adamant","evs":{"hp":144,"atk":16,"def":0,"spa":0,"spd":184,"spe":164},"gender":"M","ivs":{"hp":31,"atk":31,"def":30,"spa":31,"spd":30,"spe":31},"happiness":255,"hpType":"Ghost","pokeball":"","gigantamax":false,"dynamaxLevel":10,"teraType":"","level":100},{"name":"Gyarados","species":"Gyarados","item":"Leftovers","ability":"Intimidate","moves":["Hidden Power Flying","Double-Edge","Earthquake","Dragon Dance"],"nature":"Jolly","evs":{"hp":0,"atk":252,"def":4,"spa":0,"spd":0,"spe":252},"gender":"M","ivs":{"hp":30,"atk":30,"def":30,"spa":30,"spd":30,"spe":31},"happiness":255,"hpType":"Flying","pokeball":"","gigantamax":false,"dynamaxLevel":10,"teraType":"","level":100}],"score":[4,0],"inputLog":[">version 372d05e49c92a79eecdf6c8dddb208bd1765c00f",">start {\"formatid\":\"gen3ou\",\"seed\":\"sodium,530f1ec81d2ac06de0f7f045a70cb39a\"}",">player p1 {\"name\":\"foultestchallenge1\",\"avatar\":\"1\",\"team\":\"Tyranitar||Leftovers|SandStream|RockSlide,Earthquake,HiddenPowerBug,Roar|Adamant|184,196,120,,,8|M|,30,30,,30,|||,Bug,,,,]Milotic||Leftovers|MarvelScale|Surf,Toxic,Recover,Refresh|Bold|248,,212,,,48|M|,0,,,,|||]Blissey||Leftovers|NaturalCure|SeismicToss,IceBeam,ThunderWave,SoftBoiled|Bold|40,,244,208,,16|F||||]Skarmory||Leftovers|KeenEye|DrillPeck,Toxic,Spikes,Roar|Careful|248,,,,236,24|M||||]Claydol||Leftovers|Levitate|Earthquake,Psychic,Refresh,RapidSpin|Adamant|224,228,,36,,20|N||||]Dugtrio||ChoiceBand|ArenaTrap|Earthquake,AerialAce,HiddenPowerBug,Screech|Jolly|,252,,,4,252|M|,30,30,,30,|||,Bug,,,,\",\"rating\":0}",">player p2 {\"name\":\"foultestacceptor1\",\"avatar\":\"169\",\"team\":\"Metagross||Leftovers|ClearBody|MeteorMash,Earthquake,Agility,Explosion|Adamant|152,252,,,,104|N||||]Milotic||Leftovers|MarvelScale|Hypnosis,Surf,IceBeam,Recover|Bold|248,,212,,,48|M|,0,,,,|||]Celebi||Leftovers|NaturalCure|SwordsDance,HiddenPowerRock,BatonPass,Recover|Jolly|240,,44,,4,220|N|,,30,,30,30|||,Rock,,,,]Magneton||Leftovers|MagnetPull|Thunderbolt,HiddenPowerFire,ThunderWave,Toxic|Timid|144,,,112,,252|N|,2,,30,,30|||,Fire,,,,]Heracross||Leftovers|Guts|Megahorn,RockSlide,HiddenPowerGhost,BrickBreak|Adamant|144,16,,,184,164|M|,,30,,30,|||,Ghost,,,,]Gyarados||Leftovers|Intimidate|HiddenPowerFlying,DoubleEdge,Earthquake,DragonDance|Jolly|,252,4,,,252|M|30,30,30,30,30,|||,Flying,,,,\",\"rating\":0}",">p1 switch 4",">p2 move meteormash",">p1 move spikes",">p2 move meteormash",">p1 move roar",">p2 move meteormash",">p1 switch 3",">p2 move hypnosis",">p1 move thunderwave",">p2 move hypnosis",">p1 move seismictoss",">p2 move recover",">p1 move seismictoss",">p2 switch 2",">p1 switch 3",">p2 move meteormash",">p1 switch 6",">p1 move earthquake",">p2 move meteormash",">p2 switch 5",">p1 switch 5",">p2 move megahorn",">p1 switch 5",">p1 move aerialace",">p2 move megahorn",">p2 switch 6",">p1 switch 4",">p2 move dragondance",">p1 move rockslide",">p2 move earthquake",">p2 switch 2",">p1 switch 3",">p2 move surf",">p1 move seismictoss",">p2 move recover",">p1 move seismictoss",">p2 move hypnosis",">p1 switch 2",">p2 move recover",">p1 switch 2",">p2 move recover",">p1 move seismictoss",">p2 move hypnosis",">p1 move softboiled",">p2 move recover",">p1 move seismictoss",">p2 move surf",">p1 move softboiled",">p2 move recover",">p1 move seismictoss",">p2 move surf",">p1 move softboiled",">p2 move recover",">p1 move seismictoss",">p2 move recover",">p1 move seismictoss",">p2 move surf",">p1 move softboiled",">p2 move recover",">p1 move seismictoss",">p2 move hypnosis",">p1 switch 2",">p2 move recover",">p1 switch 2",">p2 move hypnosis",">p1 switch 2",">p2 move surf",">p1 switch 2",">p2 move hypnosis",">p1 switch 2",">p2 move hypnosis",">p1 switch 2",">p2 move surf",">p1 move icebeam",">p2 move icebeam",">p1 move softboiled",">p2 move icebeam",">p1 move seismictoss",">p2 move recover",">p1 move seismictoss",">p2 move recover",">p1 move seismictoss",">p2 move recover",">p1 move seismictoss",">p2 move recover",">p1 move seismictoss",">p2 move recover",">p1 move seismictoss",">p2 move recover",">p1 move seismictoss",">p2 move recover",">p1 move seismictoss",">p2 move recover",">p1 move seismictoss",">p2 move recover",">p1 move seismictoss",">p2 move recover",">p1 move seismictoss",">p2 move recover",">p1 move seismictoss",">p2 move recover",">p1 move seismictoss",">p2 move recover",">p1 move seismictoss",">p2 move recover",">p1 move seismictoss",">p2 move recover",">p1 move seismictoss",">p2 move recover",">p1 move seismictoss",">p2 move recover",">p1 move seismictoss",">p2 move icebeam",">p1 move softboiled",">p2 move recover",">p1 move seismictoss",">p2 move surf",">p1 move seismictoss",">p2 move recover",">p1 move seismictoss",">p2 move recover",">p1 move seismictoss",">p2 switch 3",">p1 move icebeam",">p2 move hiddenpower",">p2 switch 3",">p1 move icebeam",">p2 move recover",">p1 move softboiled",">p2 move recover",">p1 move icebeam",">p2 move surf",">p1 move icebeam",">p2 move surf",">p1 move softboiled",">p2 move recover",">p1 move icebeam",">p2 move surf",">p1 move icebeam",">p2 move surf",">p1 move softboiled",">p2 move recover",">p1 switch 2",">p2 move surf",">p1 move surf",">p2 move surf",">p1 move surf",">p2 move surf",">p1 move recover",">p2 move recover",">p1 move surf",">p2 move hypnosis",">p1 move surf",">p2 move hypnosis",">p1 move surf",">p2 move recover",">p1 move surf",">p2 move hypnosis",">p1 move toxic",">p2 move surf",">p1 move surf",">p2 move surf",">p1 move recover",">p2 move surf",">p1 move recover",">p2 move hypnosis",">p1 move recover",">p2 move surf",">p1 move toxic",">p2 move surf",">p1 move recover",">p2 move surf",">p1 move surf",">p2 move hypnosis",">p1 move surf",">p2 move recover",">p1 move surf",">p2 move hypnosis",">p1 move refresh",">p2 move surf",">p1 move surf",">p2 move surf",">p1 move recover",">p2 move recover",">p1 move recover",">p2 move hypnosis",">p1 move recover",">p2 move hypnosis",">p1 move surf",">p2 move hypnosis",">p1 move refresh",">p2 move recover",">p1 move surf",">p2 move icebeam",">p1 move surf",">p2 move icebeam",">p1 move recover",">p2 move hypnosis",">p1 move refresh",">p2 move surf",">p1 move surf",">p2 move icebeam",">p1 move recover",">p2 move icebeam",">p1 move recover",">p2 move hypnosis",">p1 move surf",">p2 move hypnosis",">p1 move surf",">p2 move recover",">p1 move surf",">p2 move icebeam",">p1 move surf",">p2 move surf",">p1 move recover",">p2 move hypnosis",">p1 move refresh",">p2 move surf",">p1 move surf",">p2 move surf",">p1 move surf",">p2 move hypnosis",">p1 move recover",">p2 move hypnosis",">p1 move surf",">p2 move hypnosis",">p1 move surf",">p2 move hypnosis",">p1 move surf",">p2 move surf",">p1 move recover",">p2 move surf",">p1 move recover",">p2 move hypnosis",">p1 move refresh",">p2 move surf",">p1 move toxic",">p2 move surf",">p1 move recover",">p2 move hypnosis",">p1 move surf",">p2 move icebeam",">p1 move recover",">p2 move icebeam",">p1 move recover",">p2 move icebeam",">p1 move recover",">p2 move hypnosis",">p1 move surf",">p2 move hypnosis",">p1 move recover",">p2 move icebeam",">p1 move toxic",">p2 move icebeam",">p1 move recover",">p2 move icebeam",">p1 move recover",">p2 move hypnosis",">p1 move surf",">p2 move hypnosis",">p1 move refresh",">p2 move icebeam",">p1 move recover",">p2 move icebeam",">p1 move recover",">p2 move hypnosis",">p1 move surf",">p2 move hypnosis",">p1 move surf",">p2 move surf",">p2 switch 4",">p1 switch 4",">p2 move toxic",">p1 move earthquake",">p2 move thunderbolt"],"log":["|j|☆foultestchallenge1","|j|☆foultestacceptor1","|t:|1752966640","|gametype|singles","|player|p1|foultestchallenge1|1|","|player|p2|foultestacceptor1|169|","|teamsize|p1|6","|teamsize|p2|6","|gen|3","|tier|[Gen 3] OU","|rule|Sleep Clause Mod: Limit one foe put to sleep","|rule|Switch Priority Clause Mod: Faster Pokémon switch first","|rule|Species Clause: Limit one of each Pokémon","|rule|OHKO Clause: OHKO moves are banned","|rule|Evasion Items Clause: Evasion items are banned","|rule|Evasion Moves Clause: Evasion moves are banned","|rule|Endless Battle Clause: Forcing endless battles is banned","|rule|HP Percentage Mod: HP is shown in percentages","|rule|One Boost Passer Clause: Limit one Baton Passer that has a way to boost its stats","|rule|Freeze Clause Mod: Limit one foe frozen","|","|t:|1752966640","|start","|switch|p1a: Tyranitar|Tyranitar, M|387/387","|switch|p2a: Metagross|Metagross|339/339","|-weather|Sandstorm|[from] ability: Sand Stream|[of] p1a: Tyranitar","|turn|1","|inactive|Battle timer is ON: inactive players will automatically lose when time's up. (requested by foultestacceptor1)","|inactive|foultestchallenge1 also wants the timer to be on.","|","|t:|1752966648","|switch|p1a: Skarmory|Skarmory, M|333/333","|move|p2a: Metagross|Meteor Mash|p1a: Skarmory","|-resisted|p1a: Skarmory","|-damage|p1a: Skarmory|257/333","|-boost|p2a: Metagross|atk|1","|","|-weather|Sandstorm|[upkeep]","|-heal|p1a: Skarmory|277/333|[from] item: Leftovers","|upkeep","|turn|2","||adding 10 for new turn","|","|t:|1752966657","|move|p2a: Metagross|Meteor Mash|p1a: Skarmory","|-resisted|p1a: Skarmory","|-damage|p1a: Skarmory|163/333","|-boost|p2a: Metagross|atk|1","|move|p1a: Skarmory|Spikes|p2a: Metagross","|-sidestart|p2: foultestacceptor1|Spikes","|","|-weather|Sandstorm|[upkeep]","|-heal|p1a: Skarmory|183/333|[from] item: Leftovers","|upkeep","|turn|3","||adding 10 for new turn","|","|t:|1752966665","|move|p2a: Metagross|Meteor Mash|p1a: Skarmory","|-resisted|p1a: Skarmory","|-damage|p1a: Skarmory|44/333","|-boost|p2a: Metagross|atk|1","|move|p1a: Skarmory|Roar|p2a: Metagross","|drag|p2a: Milotic|Milotic, M|393/393","|-damage|p2a: Milotic|344/393|[from] Spikes","|","|-weather|Sandstorm|[upkeep]","|-damage|p2a: Milotic|320/393|[from] Sandstorm","|-heal|p2a: Milotic|344/393|[from] item: Leftovers","|-heal|p1a: Skarmory|64/333|[from] item: Leftovers","|upkeep","|turn|4","||adding 10 for new turn","|","|t:|1752966673","|switch|p1a: Blissey|Blissey, F|661/661","|move|p2a: Milotic|Hypnosis|p1a: Blissey|[miss]","|-miss|p2a: Milotic|p1a: Blissey","|","|-weather|Sandstorm|[upkeep]","|-damage|p2a: Milotic|320/393|[from] Sandstorm","|-damage|p1a: Blissey|620/661|[from] Sandstorm","|-heal|p2a: Milotic|344/393|[from] item: Leftovers","|-heal|p1a: Blissey|661/661|[from] item: Leftovers","|upkeep","|turn|5","||adding 10 for new turn","|","|t:|1752966681","|move|p2a: Milotic|Hypnosis|p1a: Blissey|[miss]","|-miss|p2a: Milotic|p1a: Blissey","|move|p1a: Blissey|Thunder Wave|p2a: Milotic","|-status|p2a: Milotic|par","|","|-weather|Sandstorm|[upkeep]","|-damage|p1a: Blissey|620/661|[from] Sandstorm","|-damage|p2a: Milotic|320/393 par|[from] Sandstorm","|-heal|p1a: Blissey|661/661|[from] item: Leftovers","|-heal|p2a: Milotic|344/393 par|[from] item: Leftovers","|upkeep","|turn|6","||adding 10 for new turn","|","|t:|1752966688","|move|p1a: Blissey|Seismic Toss|p2a: Milotic","|-damage|p2a: Milotic|244/393 par","|move|p2a: Milotic|Recover|p2a: Milotic","|-heal|p2a: Milotic|393/393 par","|","|-weather|Sandstorm|[upkeep]","|-damage|p1a: Blissey|620/661|[from] Sandstorm","|-damage|p2a: Milotic|369/393 par|[from] Sandstorm","|-heal|p1a: Blissey|661/661|[from] item: Leftovers","|-heal|p2a: Milotic|393/393 par|[from] item: Leftovers","|upkeep","|turn|7","||adding 10 for new turn","|","|t:|1752966697","|switch|p2a: Metagross|Metagross|339/339","|-damage|p2a: Metagross|297/339|[from] Spikes","|move|p1a: Blissey|Seismic Toss|p2a: Metagross","|-damage|p2a: Metagross|197/339","|","|-weather|Sandstorm|[upkeep]","|-damage|p1a: Blissey|620/661|[from] Sandstorm","|-heal|p2a: Metagross|218/339|[from] item: Leftovers","|-heal|p1a: Blissey|661/661|[from] item: Leftovers","|upkeep","|turn|8","||adding 10 for new turn","|","|t:|1752966705","|switch|p1a: Skarmory|Skarmory, M|64/333","|move|p2a: Metagross|Meteor Mash|p1a: Skarmory","|-resisted|p1a: Skarmory","|-damage|p1a: Skarmory|0 fnt","|faint|p1a: Skarmory","||adding 5 to each for mid turn request","|","|t:|1752966712","|switch|p1a: Dugtrio|Dugtrio, M|211/211","|","|-weather|Sandstorm|[upkeep]","|-heal|p2a: Metagross|239/339|[from] item: Leftovers","|upkeep","|turn|9","||adding 10 for new turn","|","|t:|1752966720","|move|p1a: Dugtrio|Earthquake|p2a: Metagross","|-supereffective|p2a: Metagross","|-damage|p2a: Metagross|0 fnt","|faint|p2a: Metagross","||adding 5 to each for mid turn request","|","|t:|1752966727","|switch|p2a: Heracross|Heracross, M|337/337","|-damage|p2a: Heracross|295/337|[from] Spikes","|","|-weather|Sandstorm|[upkeep]","|-damage|p2a: Heracross|274/337|[from] Sandstorm","|-heal|p2a: Heracross|295/337|[from] item: Leftovers","|upkeep","|turn|10","||adding 10 for new turn","|","|t:|1752966735","|switch|p1a: Claydol|Claydol|317/317","|move|p2a: Heracross|Megahorn|p1a: Claydol","|-supereffective|p1a: Claydol","|-damage|p1a: Claydol|0 fnt","|faint|p1a: Claydol","||adding 5 to each for mid turn request","|","|t:|1752966743","|switch|p1a: Dugtrio|Dugtrio, M|211/211","|","|-weather|Sandstorm|[upkeep]","|-damage|p2a: Heracross|274/337|[from] Sandstorm","|-heal|p2a: Heracross|295/337|[from] item: Leftovers","|upkeep","|turn|11","||adding 10 for new turn","|","|t:|1752966750","|move|p1a: Dugtrio|Aerial Ace|p2a: Heracross","|-supereffective|p2a: Heracross","|-damage|p2a: Heracross|0 fnt","|faint|p2a: Heracross","||adding 5 to each for mid turn request","|","|t:|1752966758","|switch|p2a: Gyarados|Gyarados, M|330/330","|-ability|p2a: Gyarados|Intimidate|boost","|-unboost|p1a: Dugtrio|atk|1","|","|-weather|Sandstorm|[upkeep]","|-damage|p2a: Gyarados|310/330|[from] Sandstorm","|-heal|p2a: Gyarados|330/330|[from] item: Leftovers","|upkeep","|turn|12","||adding 10 for new turn","|","|t:|1752966766","|switch|p1a: Tyranitar|Tyranitar, M|387/387","|move|p2a: Gyarados|Dragon Dance|p2a: Gyarados","|-boost|p2a: Gyarados|atk|1","|-boost|p2a: Gyarados|spe|1","|","|-weather|Sandstorm|[upkeep]","|-damage|p2a: Gyarados|310/330|[from] Sandstorm","|-heal|p2a: Gyarados|330/330|[from] item: Leftovers","|upkeep","|turn|13","||adding 10 for new turn","|","|t:|1752966773","|move|p2a: Gyarados|Earthquake|p1a: Tyranitar","|-supereffective|p1a: Tyranitar","|-damage|p1a: Tyranitar|93/387","|move|p1a: Tyranitar|Rock Slide|p2a: Gyarados","|-supereffective|p2a: Gyarados","|-damage|p2a: Gyarados|0 fnt","|faint|p2a: Gyarados","||adding 5 to each for mid turn request","|","|t:|1752966782","|switch|p2a: Milotic|Milotic, M|393/393 par","|-damage|p2a: Milotic|344/393 par|[from] Spikes","|","|-weather|Sandstorm|[upkeep]","|-damage|p2a: Milotic|320/393 par|[from] Sandstorm","|-heal|p1a: Tyranitar|117/387|[from] item: Leftovers","|-heal|p2a: Milotic|344/393 par|[from] item: Leftovers","|upkeep","|turn|14","||adding 10 for new turn","|","|t:|1752966790","|switch|p1a: Blissey|Blissey, F|661/661","|move|p2a: Milotic|Surf|p1a: Blissey","|-damage|p1a: Blissey|576/661","|","|-weather|Sandstorm|[upkeep]","|-damage|p1a: Blissey|535/661|[from] Sandstorm","|-damage|p2a: Milotic|320/393 par|[from] Sandstorm","|-heal|p1a: Blissey|576/661|[from] item: Leftovers","|-heal|p2a: Milotic|344/393 par|[from] item: Leftovers","|upkeep","|turn|15","||adding 10 for new turn","|","|t:|1752966798","|move|p1a: Blissey|Seismic Toss|p2a: Milotic","|-damage|p2a: Milotic|244/393 par","|move|p2a: Milotic|Recover|p2a: Milotic","|-heal|p2a: Milotic|393/393 par","|","|-weather|Sandstorm|[upkeep]","|-damage|p1a: Blissey|535/661|[from] Sandstorm","|-damage|p2a: Milotic|369/393 par|[from] Sandstorm","|-heal|p1a: Blissey|576/661|[from] item: Leftovers","|-heal|p2a: Milotic|393/393 par|[from] item: Leftovers","|upkeep","|turn|16","||adding 10 for new turn","|","|t:|1752966806","|move|p1a: Blissey|Seismic Toss|p2a: Milotic","|-damage|p2a: Milotic|293/393 par","|move|p2a: Milotic|Hypnosis|p1a: Blissey","|-status|p1a: Blissey|slp|[from] move: Hypnosis","|","|-weather|Sandstorm|[upkeep]","|-damage|p1a: Blissey|535/661 slp|[from] Sandstorm","|-damage|p2a: Milotic|269/393 par|[from] Sandstorm","|-heal|p1a: Blissey|576/661 slp|[from] item: Leftovers","|-heal|p2a: Milotic|293/393 par|[from] item: Leftovers","|upkeep","|turn|17","||adding 10 for new turn","|","|t:|1752966814","|-curestatus|p1a: Blissey|slp|[from] ability: Natural Cure","|switch|p1a: Milotic|Milotic, M|393/393","|cant|p2a: Milotic|par","|","|-weather|Sandstorm|[upkeep]","|-damage|p1a: Milotic|369/393|[from] Sandstorm","|-damage|p2a: Milotic|269/393 par|[from] Sandstorm","|-heal|p1a: Milotic|393/393|[from] item: Leftovers","|-heal|p2a: Milotic|293/393 par|[from] item: Leftovers","|upkeep","|turn|18","||adding 10 for new turn","|","|t:|1752966822","|switch|p1a: Blissey|Blissey, F|576/661","|move|p2a: Milotic|Recover|p2a: Milotic","|-heal|p2a: Milotic|393/393 par","|","|-weather|Sandstorm|[upkeep]","|-damage|p1a: Blissey|535/661|[from] Sandstorm","|-damage|p2a: Milotic|369/393 par|[from] Sandstorm","|-heal|p1a: Blissey|576/661|[from] item: Leftovers","|-heal|p2a: Milotic|393/393 par|[from] item: Leftovers","|upkeep","|turn|19","||adding 10 for new turn","|","|t:|1752966830","|move|p1a: Blissey|Seismic Toss|p2a: Milotic","|-damage|p2a: Milotic|293/393 par","|cant|p2a: Milotic|par","|","|-weather|Sandstorm|[upkeep]","|-damage|p1a: Blissey|535/661|[from] Sandstorm","|-damage|p2a: Milotic|269/393 par|[from] Sandstorm","|-heal|p1a: Blissey|576/661|[from] item: Leftovers","|-heal|p2a: Milotic|293/393 par|[from] item: Leftovers","|upkeep","|turn|20","||adding 10 for new turn","|","|t:|1752966838","|move|p1a: Blissey|Soft-Boiled|p1a: Blissey","|-heal|p1a: Blissey|661/661","|move|p2a: Milotic|Recover|p2a: Milotic","|-heal|p2a: Milotic|393/393 par","|","|-weather|Sandstorm|[upkeep]","|-damage|p1a: Blissey|620/661|[from] Sandstorm","|-damage|p2a: Milotic|369/393 par|[from] Sandstorm","|-heal|p1a: Blissey|661/661|[from] item: Leftovers","|-heal|p2a: Milotic|393/393 par|[from] item: Leftovers","|upkeep","|turn|21","||adding 10 for new turn","|","|t:|1752966842","|move|p1a: Blissey|Seismic Toss|p2a: Milotic","|-damage|p2a: Milotic|293/393 par","|move|p2a: Milotic|Surf|p1a: Blissey","|-damage|p1a: Blissey|572/661","|","|-weather|Sandstorm|[upkeep]","|-damage|p1a: Blissey|531/661|[from] Sandstorm","|-damage|p2a: Milotic|269/393 par|[from] Sandstorm","|-heal|p1a: Blissey|572/661|[from] item: Leftovers","|-heal|p2a: Milotic|293/393 par|[from] item: Leftovers","|upkeep","|turn|22","||adding 10 for new turn","|","|t:|1752966847","|move|p1a: Blissey|Soft-Boiled|p1a: Blissey","|-heal|p1a: Blissey|661/661","|move|p2a: Milotic|Recover|p2a: Milotic","|-heal|p2a: Milotic|393/393 par","|","|-weather|Sandstorm|[upkeep]","|-damage|p1a: Blissey|620/661|[from] Sandstorm","|-damage|p2a: Milotic|369/393 par|[from] Sandstorm","|-heal|p1a: Blissey|661/661|[from] item: Leftovers","|-heal|p2a: Milotic|393/393 par|[from] item: Leftovers","|upkeep","|turn|23","||adding 10 for new turn","|","|t:|1752966851","|move|p1a: Blissey|Seismic Toss|p2a: Milotic","|-damage|p2a: Milotic|293/393 par","|move|p2a: Milotic|Surf|p1a: Blissey","|-damage|p1a: Blissey|576/661","|","|-weather|Sandstorm|[upkeep]","|-damage|p1a: Blissey|535/661|[from] Sandstorm","|-damage|p2a: Milotic|269/393 par|[from] Sandstorm","|-heal|p1a: Blissey|576/661|[from] item: Leftovers","|-heal|p2a: Milotic|293/393 par|[from] item: Leftovers","|upkeep","|turn|24","||adding 10 for new turn","|","|t:|1752966856","|move|p1a: Blissey|Soft-Boiled|p1a: Blissey","|-heal|p1a: Blissey|661/661","|cant|p2a: Milotic|par","|","|-weather|Sandstorm|[upkeep]","|-damage|p1a: Blissey|620/661|[from] Sandstorm","|-damage|p2a: Milotic|269/393 par|[from] Sandstorm","|-heal|p1a: Blissey|661/661|[from] item: Leftovers","|-heal|p2a: Milotic|293/393 par|[from] item: Leftovers","|upkeep","|turn|25","||adding 10 for new turn","|","|t:|1752966860","|move|p1a: Blissey|Seismic Toss|p2a: Milotic","|-damage|p2a: Milotic|193/393 par","|move|p2a: Milotic|Recover|p2a: Milotic","|-heal|p2a: Milotic|389/393 par","|","|-weather|Sandstorm|[upkeep]","|-damage|p1a: Blissey|620/661|[from] Sandstorm","|-damage|p2a: Milotic|365/393 par|[from] Sandstorm","|-heal|p1a: Blissey|661/661|[from] item: Leftovers","|-heal|p2a: Milotic|389/393 par|[from] item: Leftovers","|upkeep","|turn|26","||adding 10 for new turn","|","|t:|1752966865","|move|p1a: Blissey|Seismic Toss|p2a: Milotic","|-damage|p2a: Milotic|289/393 par","|move|p2a: Milotic|Surf|p1a: Blissey","|-damage|p1a: Blissey|575/661","|","|-weather|Sandstorm|[upkeep]","|-damage|p1a: Blissey|534/661|[from] Sandstorm","|-damage|p2a: Milotic|265/393 par|[from] Sandstorm","|-heal|p1a: Blissey|575/661|[from] item: Leftovers","|-heal|p2a: Milotic|289/393 par|[from] item: Leftovers","|upkeep","|turn|27","||adding 10 for new turn","|","|t:|1752966870","|move|p1a: Blissey|Soft-Boiled|p1a: Blissey","|-heal|p1a: Blissey|661/661","|move|p2a: Milotic|Recover|p2a: Milotic","|-heal|p2a: Milotic|393/393 par","|","|-weather|Sandstorm|[upkeep]","|-damage|p1a: Blissey|620/661|[from] Sandstorm","|-damage|p2a: Milotic|369/393 par|[from] Sandstorm","|-heal|p1a: Blissey|661/661|[from] item: Leftovers","|-heal|p2a: Milotic|393/393 par|[from] item: Leftovers","|upkeep","|turn|28","||adding 10 for new turn","|","|t:|1752966874","|move|p1a: Blissey|Seismic Toss|p2a: Milotic","|-damage|p2a: Milotic|293/393 par","|move|p2a: Milotic|Hypnosis|p1a: Blissey","|-status|p1a: Blissey|slp|[from] move: Hypnosis","|","|-weather|Sandstorm|[upkeep]","|-damage|p1a: Blissey|620/661 slp|[from] Sandstorm","|-damage|p2a: Milotic|269/393 par|[from] Sandstorm","|-heal|p1a: Blissey|661/661 slp|[from] item: Leftovers","|-heal|p2a: Milotic|293/393 par|[from] item: Leftovers","|upkeep","|turn|29","||adding 10 for new turn","|","|t:|1752966878","|-curestatus|p1a: Blissey|slp|[from] ability: Natural Cure","|switch|p1a: Milotic|Milotic, M|393/393","|move|p2a: Milotic|Recover|p2a: Milotic","|-heal|p2a: Milotic|393/393 par","|","|-weather|Sandstorm|[upkeep]","|-damage|p1a: Milotic|369/393|[from] Sandstorm","|-damage|p2a: Milotic|369/393 par|[from] Sandstorm","|-heal|p1a: Milotic|393/393|[from] item: Leftovers","|-heal|p2a: Milotic|393/393 par|[from] item: Leftovers","|upkeep","|turn|30","||adding 10 for new turn","|","|t:|1752966886","|switch|p1a: Blissey|Blissey, F|661/661","|move|p2a: Milotic|Hypnosis|p1a: Blissey","|-status|p1a: Blissey|slp|[from] move: Hypnosis","|","|-weather|Sandstorm|[upkeep]","|-damage|p1a: Blissey|620/661 slp|[from] Sandstorm","|-damage|p2a: Milotic|369/393 par|[from] Sandstorm","|-heal|p1a: Blissey|661/661 slp|[from] item: Leftovers","|-heal|p2a: Milotic|393/393 par|[from] item: Leftovers","|upkeep","|turn|31","||adding 10 for new turn","|","|t:|1752966891","|-curestatus|p1a: Blissey|slp|[from] ability: Natural Cure","|switch|p1a: Milotic|Milotic, M|393/393","|move|p2a: Milotic|Surf|p1a: Milotic","|-resisted|p1a: Milotic","|-damage|p1a: Milotic|345/393","|","|-weather|Sandstorm|[upkeep]","|-damage|p1a: Milotic|321/393|[from] Sandstorm","|-damage|p2a: Milotic|369/393 par|[from] Sandstorm","|-heal|p1a: Milotic|345/393|[from] item: Leftovers","|-heal|p2a: Milotic|393/393 par|[from] item: Leftovers","|upkeep","|turn|32","||adding 10 for new turn","|","|t:|1752966899","|switch|p1a: Blissey|Blissey, F|661/661","|move|p2a: Milotic|Hypnosis|p1a: Blissey","|-status|p1a: Blissey|slp|[from] move: Hypnosis","|","|-weather|Sandstorm|[upkeep]","|-damage|p1a: Blissey|620/661 slp|[from] Sandstorm","|-damage|p2a: Milotic|369/393 par|[from] Sandstorm","|-heal|p1a: Blissey|661/661 slp|[from] item: Leftovers","|-heal|p2a: Milotic|393/393 par|[from] item: Leftovers","|upkeep","|turn|33","||adding 10 for new turn","|","|t:|1752966903","|-curestatus|p1a: Blissey|slp|[from] ability: Natural Cure","|switch|p1a: Milotic|Milotic, M|345/393","|move|p2a: Milotic|Hypnosis|p1a: Milotic","|-status|p1a: Milotic|slp|[from] move: Hypnosis","|","|-weather|Sandstorm|[upkeep]","|-damage|p1a: Milotic|321/393 slp|[from] Sandstorm","|-damage|p2a: Milotic|369/393 par|[from] Sandstorm","|-heal|p1a: Milotic|345/393 slp|[from] item: Leftovers","|-heal|p2a: Milotic|393/393 par|[from] item: Leftovers","|upkeep","|turn|34","||adding 10 for new turn","|","|t:|1752966911","|switch|p1a: Blissey|Blissey, F|661/661","|move|p2a: Milotic|Surf|p1a: Blissey","|-crit|p1a: Blissey","|-damage|p1a: Blissey|484/661","|","|-weather|Sandstorm|[upkeep]","|-damage|p1a: Blissey|443/661|[from] Sandstorm","|-damage|p2a: Milotic|369/393 par|[from] Sandstorm","|-heal|p1a: Blissey|484/661|[from] item: Leftovers","|-heal|p2a: Milotic|393/393 par|[from] item: Leftovers","|upkeep","|turn|35","||adding 10 for new turn","|","|t:|1752966915","|move|p1a: Blissey|Ice Beam|p2a: Milotic","|-resisted|p2a: Milotic","|-damage|p2a: Milotic|359/393 par","|move|p2a: Milotic|Ice Beam|p1a: Blissey","|-damage|p1a: Blissey|430/661","|","|-weather|Sandstorm|[upkeep]","|-damage|p1a: Blissey|389/661|[from] Sandstorm","|-damage|p2a: Milotic|335/393 par|[from] Sandstorm","|-heal|p1a: Blissey|430/661|[from] item: Leftovers","|-heal|p2a: Milotic|359/393 par|[from] item: Leftovers","|upkeep","|turn|36","||adding 10 for new turn","|","|t:|1752966920","|move|p1a: Blissey|Soft-Boiled|p1a: Blissey","|-heal|p1a: Blissey|661/661","|move|p2a: Milotic|Ice Beam|p1a: Blissey","|-damage|p1a: Blissey|607/661","|","|-weather|Sandstorm|[upkeep]","|-damage|p1a: Blissey|566/661|[from] Sandstorm","|-damage|p2a: Milotic|335/393 par|[from] Sandstorm","|-heal|p1a: Blissey|607/661|[from] item: Leftovers","|-heal|p2a: Milotic|359/393 par|[from] item: Leftovers","|upkeep","|turn|37","||adding 10 for new turn","|","|t:|1752966924","|move|p1a: Blissey|Seismic Toss|p2a: Milotic","|-damage|p2a: Milotic|259/393 par","|move|p2a: Milotic|Recover|p2a: Milotic","|-heal|p2a: Milotic|393/393 par","|","|-weather|Sandstorm|[upkeep]","|-damage|p1a: Blissey|566/661|[from] Sandstorm","|-damage|p2a: Milotic|369/393 par|[from] Sandstorm","|-heal|p1a: Blissey|607/661|[from] item: Leftovers","|-heal|p2a: Milotic|393/393 par|[from] item: Leftovers","|upkeep","|turn|38","||adding 10 for new turn","|","|t:|1752966929","|move|p1a: Blissey|Seismic Toss|p2a: Milotic","|-damage|p2a: Milotic|293/393 par","|move|p2a: Milotic|Recover|p2a: Milotic","|-heal|p2a: Milotic|393/393 par","|","|-weather|Sandstorm|[upkeep]","|-damage|p1a: Blissey|566/661|[from] Sandstorm","|-damage|p2a: Milotic|369/393 par|[from] Sandstorm","|-heal|p1a: Blissey|607/661|[from] item: Leftovers","|-heal|p2a: Milotic|393/393 par|[from] item: Leftovers","|upkeep","|turn|39","||adding 10 for new turn","|","|t:|1752966933","|move|p1a: Blissey|Seismic Toss|p2a: Milotic","|-damage|p2a: Milotic|293/393 par","|move|p2a: Milotic|Recover|p2a: Milotic","|-heal|p2a: Milotic|393/393 par","|","|-weather|Sandstorm|[upkeep]","|-damage|p1a: Blissey|566/661|[from] Sandstorm","|-damage|p2a: Milotic|369/393 par|[from] Sandstorm","|-heal|p1a: Blissey|607/661|[from] item: Leftovers","|-heal|p2a: Milotic|393/393 par|[from] item: Leftovers","|upkeep","|turn|40","||adding 10 for new turn","|","|t:|1752966938","|move|p1a: Blissey|Seismic Toss|p2a: Milotic","|-damage|p2a: Milotic|293/393 par","|cant|p2a: Milotic|par","|","|-weather|Sandstorm|[upkeep]","|-damage|p1a: Blissey|566/661|[from] Sandstorm","|-damage|p2a: Milotic|269/393 par|[from] Sandstorm","|-heal|p1a: Blissey|607/661|[from] item: Leftovers","|-heal|p2a: Milotic|293/393 par|[from] item: Leftovers","|upkeep","|turn|41","||adding 10 for new turn","|","|t:|1752966942","|move|p1a: Blissey|Seismic Toss|p2a: Milotic","|-damage|p2a: Milotic|193/393 par","|move|p2a: Milotic|Recover|p2a: Milotic","|-heal|p2a: Milotic|389/393 par","|","|-weather|Sandstorm|[upkeep]","|-damage|p1a: Blissey|566/661|[from] Sandstorm","|-damage|p2a: Milotic|365/393 par|[from] Sandstorm","|-heal|p1a: Blissey|607/661|[from] item: Leftovers","|-heal|p2a: Milotic|389/393 par|[from] item: Leftovers","|upkeep","|turn|42","||adding 10 for new turn","|","|t:|1752966946","|move|p1a: Blissey|Seismic Toss|p2a: Milotic","|-damage|p2a: Milotic|289/393 par","|cant|p2a: Milotic|par","|","|-weather|Sandstorm|[upkeep]","|-damage|p1a: Blissey|566/661|[from] Sandstorm","|-damage|p2a: Milotic|265/393 par|[from] Sandstorm","|-heal|p1a: Blissey|607/661|[from] item: Leftovers","|-heal|p2a: Milotic|289/393 par|[from] item: Leftovers","|upkeep","|turn|43","||adding 10 for new turn","|","|t:|1752966951","|move|p1a: Blissey|Seismic Toss|p2a: Milotic","|-damage|p2a: Milotic|189/393 par","|move|p2a: Milotic|Recover|p2a: Milotic","|-heal|p2a: Milotic|385/393 par","|","|-weather|Sandstorm|[upkeep]","|-damage|p1a: Blissey|566/661|[from] Sandstorm","|-damage|p2a: Milotic|361/393 par|[from] Sandstorm","|-heal|p1a: Blissey|607/661|[from] item: Leftovers","|-heal|p2a: Milotic|385/393 par|[from] item: Leftovers","|upkeep","|turn|44","||adding 10 for new turn","|","|t:|1752966955","|move|p1a: Blissey|Seismic Toss|p2a: Milotic","|-damage|p2a: Milotic|285/393 par","|move|p2a: Milotic|Recover|p2a: Milotic","|-heal|p2a: Milotic|393/393 par","|","|-weather|Sandstorm|[upkeep]","|-damage|p1a: Blissey|566/661|[from] Sandstorm","|-damage|p2a: Milotic|369/393 par|[from] Sandstorm","|-heal|p1a: Blissey|607/661|[from] item: Leftovers","|-heal|p2a: Milotic|393/393 par|[from] item: Leftovers","|upkeep","|turn|45","||adding 10 for new turn","|","|t:|1752966960","|move|p1a: Blissey|Seismic Toss|p2a: Milotic","|-damage|p2a: Milotic|293/393 par","|move|p2a: Milotic|Recover|p2a: Milotic","|-heal|p2a: Milotic|393/393 par","|","|-weather|Sandstorm|[upkeep]","|-damage|p1a: Blissey|566/661|[from] Sandstorm","|-damage|p2a: Milotic|369/393 par|[from] Sandstorm","|-heal|p1a: Blissey|607/661|[from] item: Leftovers","|-heal|p2a: Milotic|393/393 par|[from] item: Leftovers","|upkeep","|turn|46","||adding 10 for new turn","|","|t:|1752966964","|move|p1a: Blissey|Seismic Toss|p2a: Milotic","|-damage|p2a: Milotic|293/393 par","|move|p2a: Milotic|Recover|p2a: Milotic","|-heal|p2a: Milotic|393/393 par","|","|-weather|Sandstorm|[upkeep]","|-damage|p1a: Blissey|566/661|[from] Sandstorm","|-damage|p2a: Milotic|369/393 par|[from] Sandstorm","|-heal|p1a: Blissey|607/661|[from] item: Leftovers","|-heal|p2a: Milotic|393/393 par|[from] item: Leftovers","|upkeep","|turn|47","||adding 10 for new turn","|","|t:|1752966969","|move|p1a: Blissey|Seismic Toss|p2a: Milotic","|-damage|p2a: Milotic|293/393 par","|move|p2a: Milotic|Recover|p2a: Milotic","|-heal|p2a: Milotic|393/393 par","|","|-weather|Sandstorm|[upkeep]","|-damage|p1a: Blissey|566/661|[from] Sandstorm","|-damage|p2a: Milotic|369/393 par|[from] Sandstorm","|-heal|p1a: Blissey|607/661|[from] item: Leftovers","|-heal|p2a: Milotic|393/393 par|[from] item: Leftovers","|upkeep","|turn|48","||adding 10 for new turn","|","|t:|1752966973","|move|p1a: Blissey|Seismic Toss|p2a: Milotic","|-damage|p2a: Milotic|293/393 par","|move|p2a: Milotic|Recover|p2a: Milotic","|-heal|p2a: Milotic|393/393 par","|","|-weather|Sandstorm|[upkeep]","|-damage|p1a: Blissey|566/661|[from] Sandstorm","|-damage|p2a: Milotic|369/393 par|[from] Sandstorm","|-heal|p1a: Blissey|607/661|[from] item: Leftovers","|-heal|p2a: Milotic|393/393 par|[from] item: Leftovers","|upkeep","|turn|49","||adding 10 for new turn","|","|t:|1752966977","|move|p1a: Blissey|Seismic Toss|p2a: Milotic","|-damage|p2a: Milotic|293/393 par","|move|p2a: Milotic|Recover|p2a: Milotic","|-heal|p2a: Milotic|393/393 par","|","|-weather|Sandstorm|[upkeep]","|-damage|p1a: Blissey|566/661|[from] Sandstorm","|-damage|p2a: Milotic|369/393 par|[from] Sandstorm","|-heal|p1a: Blissey|607/661|[from] item: Leftovers","|-heal|p2a: Milotic|393/393 par|[from] item: Leftovers","|upkeep","|turn|50","||adding 10 for new turn","|","|t:|1752966982","|move|p1a: Blissey|Seismic Toss|p2a: Milotic","|-damage|p2a: Milotic|293/393 par","|move|p2a: Milotic|Recover|p2a: Milotic","|-heal|p2a: Milotic|393/393 par","|","|-weather|Sandstorm|[upkeep]","|-damage|p1a: Blissey|566/661|[from] Sandstorm","|-damage|p2a: Milotic|369/393 par|[from] Sandstorm","|-heal|p1a: Blissey|607/661|[from] item: Leftovers","|-heal|p2a: Milotic|393/393 par|[from] item: Leftovers","|upkeep","|turn|51","||adding 10 for new turn","|","|t:|1752966986","|move|p1a: Blissey|Seismic Toss|p2a: Milotic","|-damage|p2a: Milotic|293/393 par","|move|p2a: Milotic|Recover|p2a: Milotic","|-heal|p2a: Milotic|393/393 par","|","|-weather|Sandstorm|[upkeep]","|-damage|p1a: Blissey|566/661|[from] Sandstorm","|-damage|p2a: Milotic|369/393 par|[from] Sandstorm","|-heal|p1a: Blissey|607/661|[from] item: Leftovers","|-heal|p2a: Milotic|393/393 par|[from] item: Leftovers","|upkeep","|turn|52","||adding 10 for new turn","|","|t:|1752966991","|move|p1a: Blissey|Seismic Toss|p2a: Milotic","|-damage|p2a: Milotic|293/393 par","|move|p2a: Milotic|Recover|p2a: Milotic","|-heal|p2a: Milotic|393/393 par","|","|-weather|Sandstorm|[upkeep]","|-damage|p1a: Blissey|566/661|[from] Sandstorm","|-damage|p2a: Milotic|369/393 par|[from] Sandstorm","|-heal|p1a: Blissey|607/661|[from] item: Leftovers","|-heal|p2a: Milotic|393/393 par|[from] item: Leftovers","|upkeep","|turn|53","||adding 10 for new turn","|","|t:|1752966995","|move|p1a: Blissey|Seismic Toss|p2a: Milotic","|-damage|p2a: Milotic|293/393 par","|move|p2a: Milotic|Recover|p2a: Milotic","|-heal|p2a: Milotic|393/393 par","|","|-weather|Sandstorm|[upkeep]","|-damage|p1a: Blissey|566/661|[from] Sandstorm","|-damage|p2a: Milotic|369/393 par|[from] Sandstorm","|-heal|p1a: Blissey|607/661|[from] item: Leftovers","|-heal|p2a: Milotic|393/393 par|[from] item: Leftovers","|upkeep","|turn|54","||adding 10 for new turn","|","|t:|1752967000","|move|p1a: Blissey|Seismic Toss|p2a: Milotic","|-damage|p2a: Milotic|293/393 par","|move|p2a: Milotic|Ice Beam|p1a: Blissey","|-crit|p1a: Blissey","|-damage|p1a: Blissey|493/661","|","|-weather|Sandstorm|[upkeep]","|-damage|p1a: Blissey|452/661|[from] Sandstorm","|-damage|p2a: Milotic|269/393 par|[from] Sandstorm","|-heal|p1a: Blissey|493/661|[from] item: Leftovers","|-heal|p2a: Milotic|293/393 par|[from] item: Leftovers","|upkeep","|turn|55","||adding 10 for new turn","|","|t:|1752967004","|move|p1a: Blissey|Soft-Boiled|p1a: Blissey","|-heal|p1a: Blissey|661/661","|move|p2a: Milotic|Recover|p2a: Milotic","|-heal|p2a: Milotic|393/393 par","|","|-weather|Sandstorm|[upkeep]","|-damage|p1a: Blissey|620/661|[from] Sandstorm","|-damage|p2a: Milotic|369/393 par|[from] Sandstorm","|-heal|p1a: Blissey|661/661|[from] item: Leftovers","|-heal|p2a: Milotic|393/393 par|[from] item: Leftovers","|upkeep","|turn|56","||adding 10 for new turn","|","|t:|1752967008","|move|p1a: Blissey|Seismic Toss|p2a: Milotic","|-damage|p2a: Milotic|293/393 par","|cant|p2a: Milotic|par","|","|-weather|Sandstorm|[upkeep]","|-damage|p1a: Blissey|620/661|[from] Sandstorm","|-damage|p2a: Milotic|269/393 par|[from] Sandstorm","|-heal|p1a: Blissey|661/661|[from] item: Leftovers","|-heal|p2a: Milotic|293/393 par|[from] item: Leftovers","|upkeep","|turn|57","||adding 10 for new turn","|","|t:|1752967013","|move|p1a: Blissey|Seismic Toss|p2a: Milotic","|-damage|p2a: Milotic|193/393 par","|cant|p2a: Milotic|par","|","|-weather|Sandstorm|[upkeep]","|-damage|p1a: Blissey|620/661|[from] Sandstorm","|-damage|p2a: Milotic|169/393 par|[from] Sandstorm","|-heal|p1a: Blissey|661/661|[from] item: Leftovers","|-heal|p2a: Milotic|193/393 par|[from] item: Leftovers","|upkeep","|turn|58","||adding 10 for new turn","|","|t:|1752967017","|move|p1a: Blissey|Seismic Toss|p2a: Milotic","|-damage|p2a: Milotic|93/393 par","|cant|p2a: Milotic|par","|","|-weather|Sandstorm|[upkeep]","|-damage|p1a: Blissey|620/661|[from] Sandstorm","|-damage|p2a: Milotic|69/393 par|[from] Sandstorm","|-heal|p1a: Blissey|661/661|[from] item: Leftovers","|-heal|p2a: Milotic|93/393 par|[from] item: Leftovers","|upkeep","|turn|59","||adding 10 for new turn","|","|t:|1752967021","|switch|p2a: Celebi|Celebi|401/401","|-damage|p2a: Celebi|351/401|[from] Spikes","|move|p1a: Blissey|Seismic Toss|p2a: Celebi","|-damage|p2a: Celebi|251/401","|","|-weather|Sandstorm|[upkeep]","|-damage|p2a: Celebi|226/401|[from] Sandstorm","|-damage|p1a: Blissey|620/661|[from] Sandstorm","|-heal|p2a: Celebi|251/401|[from] item: Leftovers","|-heal|p1a: Blissey|661/661|[from] item: Leftovers","|upkeep","|turn|60","||adding 10 for new turn","|","|t:|1752967029","|move|p2a: Celebi|Hidden Power|p1a: Blissey","|-damage|p1a: Blissey|553/661","|move|p1a: Blissey|Ice Beam|p2a: Celebi","|-supereffective|p2a: Celebi","|-crit|p2a: Celebi","|-damage|p2a: Celebi|0 fnt","|faint|p2a: Celebi","||adding 5 to each for mid turn request","|","|t:|1752967034","|switch|p2a: Milotic|Milotic, M|93/393 par","|-damage|p2a: Milotic|44/393 par|[from] Spikes","|","|-weather|Sandstorm|[upkeep]","|-damage|p1a: Blissey|512/661|[from] Sandstorm","|-damage|p2a: Milotic|20/393 par|[from] Sandstorm","|-heal|p1a: Blissey|553/661|[from] item: Leftovers","|-heal|p2a: Milotic|44/393 par|[from] item: Leftovers","|upkeep","|turn|61","||adding 10 for new turn","|","|t:|1752967038","|move|p1a: Blissey|Ice Beam|p2a: Milotic","|-resisted|p2a: Milotic","|-damage|p2a: Milotic|15/393 par","|move|p2a: Milotic|Recover|p2a: Milotic","|-heal|p2a: Milotic|211/393 par","|","|-weather|Sandstorm|[upkeep]","|-damage|p1a: Blissey|512/661|[from] Sandstorm","|-damage|p2a: Milotic|187/393 par|[from] Sandstorm","|-heal|p1a: Blissey|553/661|[from] item: Leftovers","|-heal|p2a: Milotic|211/393 par|[from] item: Leftovers","|upkeep","|turn|62","||adding 10 for new turn","|","|t:|1752967042","|move|p1a: Blissey|Soft-Boiled|p1a: Blissey","|-heal|p1a: Blissey|661/661","|move|p2a: Milotic|Recover|p2a: Milotic","|-heal|p2a: Milotic|393/393 par","|","|-weather|Sandstorm|[upkeep]","|-damage|p1a: Blissey|620/661|[from] Sandstorm","|-damage|p2a: Milotic|369/393 par|[from] Sandstorm","|-heal|p1a: Blissey|661/661|[from] item: Leftovers","|-heal|p2a: Milotic|393/393 par|[from] item: Leftovers","|upkeep","|turn|63","||adding 10 for new turn","|","|t:|1752967046","|move|p1a: Blissey|Ice Beam|p2a: Milotic","|-resisted|p2a: Milotic","|-damage|p2a: Milotic|364/393 par","|move|p2a: Milotic|Surf|p1a: Blissey","|-damage|p1a: Blissey|581/661","|","|-weather|Sandstorm|[upkeep]","|-damage|p1a: Blissey|540/661|[from] Sandstorm","|-damage|p2a: Milotic|340/393 par|[from] Sandstorm","|-heal|p1a: Blissey|581/661|[from] item: Leftovers","|-heal|p2a: Milotic|364/393 par|[from] item: Leftovers","|upkeep","|turn|64","||adding 10 for new turn","|","|t:|1752967051","|move|p1a: Blissey|Ice Beam|p2a: Milotic","|-resisted|p2a: Milotic","|-damage|p2a: Milotic|333/393 par","|move|p2a: Milotic|Surf|p1a: Blissey","|-damage|p1a: Blissey|499/661","|","|-weather|Sandstorm|[upkeep]","|-damage|p1a: Blissey|458/661|[from] Sandstorm","|-damage|p2a: Milotic|309/393 par|[from] Sandstorm","|-heal|p1a: Blissey|499/661|[from] item: Leftovers","|-heal|p2a: Milotic|333/393 par|[from] item: Leftovers","|upkeep","|turn|65","||adding 10 for new turn","|","|t:|1752967056","|move|p1a: Blissey|Soft-Boiled|p1a: Blissey","|-heal|p1a: Blissey|661/661","|move|p2a: Milotic|Recover|p2a: Milotic","|-heal|p2a: Milotic|393/393 par","|","|-weather|Sandstorm|[upkeep]","|-damage|p1a: Blissey|620/661|[from] Sandstorm","|-damage|p2a: Milotic|369/393 par|[from] Sandstorm","|-heal|p1a: Blissey|661/661|[from] item: Leftovers","|-heal|p2a: Milotic|393/393 par|[from] item: Leftovers","|upkeep","|turn|66","||adding 10 for new turn","|","|t:|1752967060","|move|p1a: Blissey|Ice Beam|p2a: Milotic","|-resisted|p2a: Milotic","|-damage|p2a: Milotic|364/393 par","|move|p2a: Milotic|Surf|p1a: Blissey","|-damage|p1a: Blissey|575/661","|","|-weather|Sandstorm|[upkeep]","|-damage|p1a: Blissey|534/661|[from] Sandstorm","|-damage|p2a: Milotic|340/393 par|[from] Sandstorm","|-heal|p1a: Blissey|575/661|[from] item: Leftovers","|-heal|p2a: Milotic|364/393 par|[from] item: Leftovers","|upkeep","|turn|67","||adding 10 for new turn","|","|t:|1752967065","|move|p1a: Blissey|Ice Beam|p2a: Milotic","|-resisted|p2a: Milotic","|-damage|p2a: Milotic|335/393 par","|cant|p2a: Milotic|par","|","|-weather|Sandstorm|[upkeep]","|-damage|p1a: Blissey|534/661|[from] Sandstorm","|-damage|p2a: Milotic|311/393 par|[from] Sandstorm","|-heal|p1a: Blissey|575/661|[from] item: Leftovers","|-heal|p2a: Milotic|335/393 par|[from] item: Leftovers","|upkeep","|turn|68","||adding 10 for new turn","|","|t:|1752967069","|move|p1a: Blissey|Soft-Boiled|p1a: Blissey","|-heal|p1a: Blissey|661/661","|cant|p2a: Milotic|par","|","|-weather|Sandstorm|[upkeep]","|-damage|p1a: Blissey|620/661|[from] Sandstorm","|-damage|p2a: Milotic|311/393 par|[from] Sandstorm","|-heal|p1a: Blissey|661/661|[from] item: Leftovers","|-heal|p2a: Milotic|335/393 par|[from] item: Leftovers","|upkeep","|turn|69","||adding 10 for new turn","|","|t:|1752967073","|switch|p1a: Milotic|Milotic, M|345/393 slp","|cant|p2a: Milotic|par","|","|-weather|Sandstorm|[upkeep]","|-damage|p1a: Milotic|321/393 slp|[from] Sandstorm","|-damage|p2a: Milotic|311/393 par|[from] Sandstorm","|-heal|p1a: Milotic|345/393 slp|[from] item: Leftovers","|-heal|p2a: Milotic|335/393 par|[from] item: Leftovers","|upkeep","|turn|70","||adding 10 for new turn","|","|t:|1752967081","|cant|p1a: Milotic|slp","|cant|p2a: Milotic|par","|","|-weather|Sandstorm|[upkeep]","|-damage|p1a: Milotic|321/393 slp|[from] Sandstorm","|-damage|p2a: Milotic|311/393 par|[from] Sandstorm","|-heal|p1a: Milotic|345/393 slp|[from] item: Leftovers","|-heal|p2a: Milotic|335/393 par|[from] item: Leftovers","|upkeep","|turn|71","||adding 10 for new turn","|","|t:|1752967089","|-curestatus|p1a: Milotic|slp|[msg]","|move|p1a: Milotic|Surf|p2a: Milotic","|-resisted|p2a: Milotic","|-damage|p2a: Milotic|285/393 par","|cant|p2a: Milotic|par","|","|-weather|Sandstorm|[upkeep]","|-damage|p1a: Milotic|321/393|[from] Sandstorm","|-damage|p2a: Milotic|261/393 par|[from] Sandstorm","|-heal|p1a: Milotic|345/393|[from] item: Leftovers","|-heal|p2a: Milotic|285/393 par|[from] item: Leftovers","|upkeep","|turn|72","||adding 10 for new turn","|","|t:|1752967097","|move|p1a: Milotic|Recover|p1a: Milotic","|-heal|p1a: Milotic|393/393","|move|p2a: Milotic|Recover|p2a: Milotic","|-heal|p2a: Milotic|393/393 par","|","|-weather|Sandstorm|[upkeep]","|-damage|p1a: Milotic|369/393|[from] Sandstorm","|-damage|p2a: Milotic|369/393 par|[from] Sandstorm","|-heal|p1a: Milotic|393/393|[from] item: Leftovers","|-heal|p2a: Milotic|393/393 par|[from] item: Leftovers","|upkeep","|turn|73","||adding 10 for new turn","|","|t:|1752967105","|move|p1a: Milotic|Surf|p2a: Milotic","|-resisted|p2a: Milotic","|-damage|p2a: Milotic|344/393 par","|move|p2a: Milotic|Hypnosis|p1a: Milotic|[miss]","|-miss|p2a: Milotic|p1a: Milotic","|","|-weather|Sandstorm|[upkeep]","|-damage|p1a: Milotic|369/393|[from] Sandstorm","|-damage|p2a: Milotic|320/393 par|[from] Sandstorm","|-heal|p1a: Milotic|393/393|[from] item: Leftovers","|-heal|p2a: Milotic|344/393 par|[from] item: Leftovers","|upkeep","|turn|74","||adding 10 for new turn","|","|t:|1752967113","|move|p1a: Milotic|Surf|p2a: Milotic","|-resisted|p2a: Milotic","|-damage|p2a: Milotic|295/393 par","|move|p2a: Milotic|Hypnosis|p1a: Milotic|[miss]","|-miss|p2a: Milotic|p1a: Milotic","|","|-weather|Sandstorm|[upkeep]","|-damage|p1a: Milotic|369/393|[from] Sandstorm","|-damage|p2a: Milotic|271/393 par|[from] Sandstorm","|-heal|p1a: Milotic|393/393|[from] item: Leftovers","|-heal|p2a: Milotic|295/393 par|[from] item: Leftovers","|upkeep","|turn|75","||adding 10 for new turn","|","|t:|1752967121","|move|p1a: Milotic|Surf|p2a: Milotic","|-resisted|p2a: Milotic","|-damage|p2a: Milotic|248/393 par","|move|p2a: Milotic|Recover|p2a: Milotic","|-heal|p2a: Milotic|393/393 par","|","|-weather|Sandstorm|[upkeep]","|-damage|p1a: Milotic|369/393|[from] Sandstorm","|-damage|p2a: Milotic|369/393 par|[from] Sandstorm","|-heal|p1a: Milotic|393/393|[from] item: Leftovers","|-heal|p2a: Milotic|393/393 par|[from] item: Leftovers","|upkeep","|turn|76","||adding 10 for new turn","|","|t:|1752967129","|move|p1a: Milotic|Surf|p2a: Milotic","|-resisted|p2a: Milotic","|-damage|p2a: Milotic|343/393 par","|move|p2a: Milotic|Hypnosis|p1a: Milotic","|-status|p1a: Milotic|slp|[from] move: Hypnosis","|","|-weather|Sandstorm|[upkeep]","|-damage|p1a: Milotic|369/393 slp|[from] Sandstorm","|-damage|p2a: Milotic|319/393 par|[from] Sandstorm","|-heal|p1a: Milotic|393/393 slp|[from] item: Leftovers","|-heal|p2a: Milotic|343/393 par|[from] item: Leftovers","|upkeep","|turn|77","||adding 10 for new turn","|","|t:|1752967137","|cant|p1a: Milotic|slp","|move|p2a: Milotic|Surf|p1a: Milotic","|-resisted|p1a: Milotic","|-damage|p1a: Milotic|345/393 slp","|","|-weather|Sandstorm|[upkeep]","|-damage|p1a: Milotic|321/393 slp|[from] Sandstorm","|-damage|p2a: Milotic|319/393 par|[from] Sandstorm","|-heal|p1a: Milotic|345/393 slp|[from] item: Leftovers","|-heal|p2a: Milotic|343/393 par|[from] item: Leftovers","|upkeep","|turn|78","||adding 10 for new turn","|","|t:|1752967145","|cant|p1a: Milotic|slp","|move|p2a: Milotic|Surf|p1a: Milotic","|-resisted|p1a: Milotic","|-damage|p1a: Milotic|302/393 slp","|","|-weather|Sandstorm|[upkeep]","|-damage|p1a: Milotic|278/393 slp|[from] Sandstorm","|-damage|p2a: Milotic|319/393 par|[from] Sandstorm","|-heal|p1a: Milotic|302/393 slp|[from] item: Leftovers","|-heal|p2a: Milotic|343/393 par|[from] item: Leftovers","|upkeep","|turn|79","||adding 10 for new turn","|","|t:|1752967153","|cant|p1a: Milotic|slp","|cant|p2a: Milotic|par","|","|-weather|Sandstorm|[upkeep]","|-damage|p1a: Milotic|278/393 slp|[from] Sandstorm","|-damage|p2a: Milotic|319/393 par|[from] Sandstorm","|-heal|p1a: Milotic|302/393 slp|[from] item: Leftovers","|-heal|p2a: Milotic|343/393 par|[from] item: Leftovers","|upkeep","|turn|80","||adding 10 for new turn","|","|t:|1752967161","|-curestatus|p1a: Milotic|slp|[msg]","|move|p1a: Milotic|Recover|p1a: Milotic","|-heal|p1a: Milotic|393/393","|move|p2a: Milotic|Hypnosis|p1a: Milotic","|-status|p1a: Milotic|slp|[from] move: Hypnosis","|","|-weather|Sandstorm|[upkeep]","|-damage|p1a: Milotic|369/393 slp|[from] Sandstorm","|-damage|p2a: Milotic|319/393 par|[from] Sandstorm","|-heal|p1a: Milotic|393/393 slp|[from] item: Leftovers","|-heal|p2a: Milotic|343/393 par|[from] item: Leftovers","|upkeep","|turn|81","||adding 10 for new turn","|","|t:|1752967169","|cant|p1a: Milotic|slp","|move|p2a: Milotic|Surf|p1a: Milotic","|-resisted|p1a: Milotic","|-damage|p1a: Milotic|348/393 slp","|","|-weather|Sandstorm|[upkeep]","|-damage|p1a: Milotic|324/393 slp|[from] Sandstorm","|-damage|p2a: Milotic|319/393 par|[from] Sandstorm","|-heal|p1a: Milotic|348/393 slp|[from] item: Leftovers","|-heal|p2a: Milotic|343/393 par|[from] item: Leftovers","|upkeep","|turn|82","||adding 10 for new turn","|","|t:|1752967177","|cant|p1a: Milotic|slp","|move|p2a: Milotic|Surf|p1a: Milotic","|-resisted|p1a: Milotic","|-damage|p1a: Milotic|303/393 slp","|","|-weather|Sandstorm|[upkeep]","|-damage|p1a: Milotic|279/393 slp|[from] Sandstorm","|-damage|p2a: Milotic|319/393 par|[from] Sandstorm","|-heal|p1a: Milotic|303/393 slp|[from] item: Leftovers","|-heal|p2a: Milotic|343/393 par|[from] item: Leftovers","|upkeep","|turn|83","||adding 10 for new turn","|","|t:|1752967185","|-curestatus|p1a: Milotic|slp|[msg]","|move|p1a: Milotic|Recover|p1a: Milotic","|-heal|p1a: Milotic|393/393","|cant|p2a: Milotic|par","|","|-weather|Sandstorm|[upkeep]","|-damage|p1a: Milotic|369/393|[from] Sandstorm","|-damage|p2a: Milotic|319/393 par|[from] Sandstorm","|-heal|p1a: Milotic|393/393|[from] item: Leftovers","|-heal|p2a: Milotic|343/393 par|[from] item: Leftovers","|upkeep","|turn|84","||adding 10 for new turn","|","|t:|1752967193","|move|p1a: Milotic|Surf|p2a: Milotic","|-resisted|p2a: Milotic","|-damage|p2a: Milotic|299/393 par","|cant|p2a: Milotic|par","|","|-weather|Sandstorm|[upkeep]","|-damage|p1a: Milotic|369/393|[from] Sandstorm","|-damage|p2a: Milotic|275/393 par|[from] Sandstorm","|-heal|p1a: Milotic|393/393|[from] item: Leftovers","|-heal|p2a: Milotic|299/393 par|[from] item: Leftovers","|upkeep","|turn|85","||adding 10 for new turn","|","|t:|1752967201","|move|p1a: Milotic|Surf|p2a: Milotic","|-resisted|p2a: Milotic","|-damage|p2a: Milotic|250/393 par","|move|p2a: Milotic|Recover|p2a: Milotic","|-heal|p2a: Milotic|393/393 par","|","|-weather|Sandstorm|[upkeep]","|-damage|p1a: Milotic|369/393|[from] Sandstorm","|-damage|p2a: Milotic|369/393 par|[from] Sandstorm","|-heal|p1a: Milotic|393/393|[from] item: Leftovers","|-heal|p2a: Milotic|393/393 par|[from] item: Leftovers","|upkeep","|turn|86","||adding 10 for new turn","|","|t:|1752967209","|move|p1a: Milotic|Surf|p2a: Milotic","|-resisted|p2a: Milotic","|-damage|p2a: Milotic|349/393 par","|move|p2a: Milotic|Hypnosis|p1a: Milotic","|-status|p1a: Milotic|slp|[from] move: Hypnosis","|","|-weather|Sandstorm|[upkeep]","|-damage|p1a: Milotic|369/393 slp|[from] Sandstorm","|-damage|p2a: Milotic|325/393 par|[from] Sandstorm","|-heal|p1a: Milotic|393/393 slp|[from] item: Leftovers","|-heal|p2a: Milotic|349/393 par|[from] item: Leftovers","|upkeep","|turn|87","||adding 10 for new turn","|","|t:|1752967217","|cant|p1a: Milotic|slp","|move|p2a: Milotic|Surf|p1a: Milotic","|-resisted|p1a: Milotic","|-damage|p1a: Milotic|343/393 slp","|","|-weather|Sandstorm|[upkeep]","|-damage|p1a: Milotic|319/393 slp|[from] Sandstorm","|-damage|p2a: Milotic|325/393 par|[from] Sandstorm","|-heal|p1a: Milotic|343/393 slp|[from] item: Leftovers","|-heal|p2a: Milotic|349/393 par|[from] item: Leftovers","|upkeep","|turn|88","||adding 10 for new turn","|","|t:|1752967225","|cant|p1a: Milotic|slp","|move|p2a: Milotic|Surf|p1a: Milotic","|-resisted|p1a: Milotic","|-damage|p1a: Milotic|301/393 slp","|","|-weather|Sandstorm|[upkeep]","|-damage|p1a: Milotic|277/393 slp|[from] Sandstorm","|-damage|p2a: Milotic|325/393 par|[from] Sandstorm","|-heal|p1a: Milotic|301/393 slp|[from] item: Leftovers","|-heal|p2a: Milotic|349/393 par|[from] item: Leftovers","|upkeep","|turn|89","||adding 10 for new turn","|","|t:|1752967233","|cant|p1a: Milotic|slp","|cant|p2a: Milotic|par","|","|-weather|Sandstorm|[upkeep]","|-damage|p1a: Milotic|277/393 slp|[from] Sandstorm","|-damage|p2a: Milotic|325/393 par|[from] Sandstorm","|-heal|p1a: Milotic|301/393 slp|[from] item: Leftovers","|-heal|p2a: Milotic|349/393 par|[from] item: Leftovers","|upkeep","|turn|90","||adding 10 for new turn","|","|t:|1752967240","|cant|p1a: Milotic|slp","|cant|p2a: Milotic|par","|","|-weather|Sandstorm|[upkeep]","|-damage|p1a: Milotic|277/393 slp|[from] Sandstorm","|-damage|p2a: Milotic|325/393 par|[from] Sandstorm","|-heal|p1a: Milotic|301/393 slp|[from] item: Leftovers","|-heal|p2a: Milotic|349/393 par|[from] item: Leftovers","|upkeep","|turn|91","||adding 10 for new turn","|","|t:|1752967248","|-curestatus|p1a: Milotic|slp|[msg]","|move|p1a: Milotic|Recover|p1a: Milotic","|-heal|p1a: Milotic|393/393","|cant|p2a: Milotic|par","|","|-weather|Sandstorm|[upkeep]","|-damage|p1a: Milotic|369/393|[from] Sandstorm","|-damage|p2a: Milotic|325/393 par|[from] Sandstorm","|-heal|p1a: Milotic|393/393|[from] item: Leftovers","|-heal|p2a: Milotic|349/393 par|[from] item: Leftovers","|upkeep","|turn|92","||adding 10 for new turn","|","|t:|1752967256","|move|p1a: Milotic|Surf|p2a: Milotic","|-resisted|p2a: Milotic","|-damage|p2a: Milotic|300/393 par","|move|p2a: Milotic|Hypnosis|p1a: Milotic","|-status|p1a: Milotic|slp|[from] move: Hypnosis","|","|-weather|Sandstorm|[upkeep]","|-damage|p1a: Milotic|369/393 slp|[from] Sandstorm","|-damage|p2a: Milotic|276/393 par|[from] Sandstorm","|-heal|p1a: Milotic|393/393 slp|[from] item: Leftovers","|-heal|p2a: Milotic|300/393 par|[from] item: Leftovers","|upkeep","|turn|93","||adding 10 for new turn","|","|t:|1752967264","|cant|p1a: Milotic|slp","|move|p2a: Milotic|Recover|p2a: Milotic","|-heal|p2a: Milotic|393/393 par","|","|-weather|Sandstorm|[upkeep]","|-damage|p1a: Milotic|369/393 slp|[from] Sandstorm","|-damage|p2a: Milotic|369/393 par|[from] Sandstorm","|-heal|p1a: Milotic|393/393 slp|[from] item: Leftovers","|-heal|p2a: Milotic|393/393 par|[from] item: Leftovers","|upkeep","|turn|94","||adding 10 for new turn","|","|t:|1752967272","|cant|p1a: Milotic|slp","|move|p2a: Milotic|Ice Beam|p1a: Milotic","|-resisted|p1a: Milotic","|-damage|p1a: Milotic|364/393 slp","|","|-weather|Sandstorm|[upkeep]","|-damage|p1a: Milotic|340/393 slp|[from] Sandstorm","|-damage|p2a: Milotic|369/393 par|[from] Sandstorm","|-heal|p1a: Milotic|364/393 slp|[from] item: Leftovers","|-heal|p2a: Milotic|393/393 par|[from] item: Leftovers","|upkeep","|turn|95","||adding 10 for new turn","|","|t:|1752967280","|cant|p1a: Milotic|slp","|move|p2a: Milotic|Ice Beam|p1a: Milotic","|-resisted|p1a: Milotic","|-damage|p1a: Milotic|331/393 slp","|","|-weather|Sandstorm|[upkeep]","|-damage|p1a: Milotic|307/393 slp|[from] Sandstorm","|-damage|p2a: Milotic|369/393 par|[from] Sandstorm","|-heal|p1a: Milotic|331/393 slp|[from] item: Leftovers","|-heal|p2a: Milotic|393/393 par|[from] item: Leftovers","|upkeep","|turn|96","||adding 10 for new turn","|","|t:|1752967288","|-curestatus|p1a: Milotic|slp|[msg]","|move|p1a: Milotic|Recover|p1a: Milotic","|-heal|p1a: Milotic|393/393","|move|p2a: Milotic|Hypnosis|p1a: Milotic","|-status|p1a: Milotic|slp|[from] move: Hypnosis","|","|-weather|Sandstorm|[upkeep]","|-damage|p1a: Milotic|369/393 slp|[from] Sandstorm","|-damage|p2a: Milotic|369/393 par|[from] Sandstorm","|-heal|p1a: Milotic|393/393 slp|[from] item: Leftovers","|-heal|p2a: Milotic|393/393 par|[from] item: Leftovers","|upkeep","|turn|97","||adding 10 for new turn","|","|t:|1752967296","|cant|p1a: Milotic|slp","|move|p2a: Milotic|Surf|p1a: Milotic","|-resisted|p1a: Milotic","|-damage|p1a: Milotic|350/393 slp","|","|-weather|Sandstorm|[upkeep]","|-damage|p1a: Milotic|326/393 slp|[from] Sandstorm","|-damage|p2a: Milotic|369/393 par|[from] Sandstorm","|-heal|p1a: Milotic|350/393 slp|[from] item: Leftovers","|-heal|p2a: Milotic|393/393 par|[from] item: Leftovers","|upkeep","|turn|98","||adding 10 for new turn","|","|t:|1752967303","|cant|p1a: Milotic|slp","|move|p2a: Milotic|Ice Beam|p1a: Milotic","|-resisted|p1a: Milotic","|-damage|p1a: Milotic|322/393 slp","|","|-weather|Sandstorm|[upkeep]","|-damage|p1a: Milotic|298/393 slp|[from] Sandstorm","|-damage|p2a: Milotic|369/393 par|[from] Sandstorm","|-heal|p1a: Milotic|322/393 slp|[from] item: Leftovers","|-heal|p2a: Milotic|393/393 par|[from] item: Leftovers","|upkeep","|turn|99","||adding 10 for new turn","|","|t:|1752967312","|cant|p1a: Milotic|slp","|cant|p2a: Milotic|par","|","|-weather|Sandstorm|[upkeep]","|-damage|p1a: Milotic|298/393 slp|[from] Sandstorm","|-damage|p2a: Milotic|369/393 par|[from] Sandstorm","|-heal|p1a: Milotic|322/393 slp|[from] item: Leftovers","|-heal|p2a: Milotic|393/393 par|[from] item: Leftovers","|upkeep","|turn|100","||adding 10 for new turn","|","|t:|1752967319","|-curestatus|p1a: Milotic|slp|[msg]","|move|p1a: Milotic|Recover|p1a: Milotic","|-heal|p1a: Milotic|393/393","|cant|p2a: Milotic|par","|","|-weather|Sandstorm|[upkeep]","|-damage|p1a: Milotic|369/393|[from] Sandstorm","|-damage|p2a: Milotic|369/393 par|[from] Sandstorm","|-heal|p1a: Milotic|393/393|[from] item: Leftovers","|-heal|p2a: Milotic|393/393 par|[from] item: Leftovers","|upkeep","|turn|101","||adding 10 for new turn","|","|t:|1752967327","|move|p1a: Milotic|Surf|p2a: Milotic","|-resisted|p2a: Milotic","|-damage|p2a: Milotic|346/393 par","|move|p2a: Milotic|Hypnosis|p1a: Milotic","|-status|p1a: Milotic|slp|[from] move: Hypnosis","|","|-weather|Sandstorm|[upkeep]","|-damage|p1a: Milotic|369/393 slp|[from] Sandstorm","|-damage|p2a: Milotic|322/393 par|[from] Sandstorm","|-heal|p1a: Milotic|393/393 slp|[from] item: Leftovers","|-heal|p2a: Milotic|346/393 par|[from] item: Leftovers","|upkeep","|turn|102","||adding 10 for new turn","|","|t:|1752967335","|cant|p1a: Milotic|slp","|move|p2a: Milotic|Recover|p2a: Milotic","|-heal|p2a: Milotic|393/393 par","|","|-weather|Sandstorm|[upkeep]","|-damage|p1a: Milotic|369/393 slp|[from] Sandstorm","|-damage|p2a: Milotic|369/393 par|[from] Sandstorm","|-heal|p1a: Milotic|393/393 slp|[from] item: Leftovers","|-heal|p2a: Milotic|393/393 par|[from] item: Leftovers","|upkeep","|turn|103","||adding 10 for new turn","|","|t:|1752967343","|cant|p1a: Milotic|slp","|move|p2a: Milotic|Ice Beam|p1a: Milotic","|-resisted|p1a: Milotic","|-damage|p1a: Milotic|364/393 slp","|","|-weather|Sandstorm|[upkeep]","|-damage|p1a: Milotic|340/393 slp|[from] Sandstorm","|-damage|p2a: Milotic|369/393 par|[from] Sandstorm","|-heal|p1a: Milotic|364/393 slp|[from] item: Leftovers","|-heal|p2a: Milotic|393/393 par|[from] item: Leftovers","|upkeep","|turn|104","||adding 10 for new turn","|","|t:|1752967351","|cant|p1a: Milotic|slp","|move|p2a: Milotic|Surf|p1a: Milotic","|-resisted|p1a: Milotic","|-damage|p1a: Milotic|314/393 slp","|","|-weather|Sandstorm|[upkeep]","|-damage|p1a: Milotic|290/393 slp|[from] Sandstorm","|-damage|p2a: Milotic|369/393 par|[from] Sandstorm","|-heal|p1a: Milotic|314/393 slp|[from] item: Leftovers","|-heal|p2a: Milotic|393/393 par|[from] item: Leftovers","|upkeep","|turn|105","||adding 10 for new turn","|","|t:|1752967359","|-curestatus|p1a: Milotic|slp|[msg]","|move|p1a: Milotic|Recover|p1a: Milotic","|-heal|p1a: Milotic|393/393","|move|p2a: Milotic|Hypnosis|p1a: Milotic","|-status|p1a: Milotic|slp|[from] move: Hypnosis","|","|-weather|Sandstorm|[upkeep]","|-damage|p1a: Milotic|369/393 slp|[from] Sandstorm","|-damage|p2a: Milotic|369/393 par|[from] Sandstorm","|-heal|p1a: Milotic|393/393 slp|[from] item: Leftovers","|-heal|p2a: Milotic|393/393 par|[from] item: Leftovers","|upkeep","|turn|106","||adding 10 for new turn","|","|t:|1752967366","|cant|p1a: Milotic|slp","|move|p2a: Milotic|Surf|p1a: Milotic","|-resisted|p1a: Milotic","|-damage|p1a: Milotic|344/393 slp","|","|-weather|Sandstorm|[upkeep]","|-damage|p1a: Milotic|320/393 slp|[from] Sandstorm","|-damage|p2a: Milotic|369/393 par|[from] Sandstorm","|-heal|p1a: Milotic|344/393 slp|[from] item: Leftovers","|-heal|p2a: Milotic|393/393 par|[from] item: Leftovers","|upkeep","|turn|107","||adding 10 for new turn","|","|t:|1752967374","|-curestatus|p1a: Milotic|slp|[msg]","|move|p1a: Milotic|Surf|p2a: Milotic","|-resisted|p2a: Milotic","|-damage|p2a: Milotic|348/393 par","|cant|p2a: Milotic|par","|","|-weather|Sandstorm|[upkeep]","|-damage|p1a: Milotic|320/393|[from] Sandstorm","|-damage|p2a: Milotic|324/393 par|[from] Sandstorm","|-heal|p1a: Milotic|344/393|[from] item: Leftovers","|-heal|p2a: Milotic|348/393 par|[from] item: Leftovers","|upkeep","|turn|108","||adding 10 for new turn","|","|t:|1752967382","|move|p1a: Milotic|Surf|p2a: Milotic","|-resisted|p2a: Milotic","|-damage|p2a: Milotic|306/393 par","|move|p2a: Milotic|Hypnosis|p1a: Milotic|[miss]","|-miss|p2a: Milotic|p1a: Milotic","|","|-weather|Sandstorm|[upkeep]","|-damage|p1a: Milotic|320/393|[from] Sandstorm","|-damage|p2a: Milotic|282/393 par|[from] Sandstorm","|-heal|p1a: Milotic|344/393|[from] item: Leftovers","|-heal|p2a: Milotic|306/393 par|[from] item: Leftovers","|upkeep","|turn|109","||adding 10 for new turn","|","|t:|1752967390","|move|p1a: Milotic|Recover|p1a: Milotic","|-heal|p1a: Milotic|393/393","|move|p2a: Milotic|Hypnosis|p1a: Milotic|[miss]","|-miss|p2a: Milotic|p1a: Milotic","|","|-weather|Sandstorm|[upkeep]","|-damage|p1a: Milotic|369/393|[from] Sandstorm","|-damage|p2a: Milotic|282/393 par|[from] Sandstorm","|-heal|p1a: Milotic|393/393|[from] item: Leftovers","|-heal|p2a: Milotic|306/393 par|[from] item: Leftovers","|upkeep","|turn|110","||adding 10 for new turn","|","|t:|1752967398","|move|p1a: Milotic|Surf|p2a: Milotic","|-resisted|p2a: Milotic","|-damage|p2a: Milotic|257/393 par","|move|p2a: Milotic|Hypnosis|p1a: Milotic|[miss]","|-miss|p2a: Milotic|p1a: Milotic","|","|-weather|Sandstorm|[upkeep]","|-damage|p1a: Milotic|369/393|[from] Sandstorm","|-damage|p2a: Milotic|233/393 par|[from] Sandstorm","|-heal|p1a: Milotic|393/393|[from] item: Leftovers","|-heal|p2a: Milotic|257/393 par|[from] item: Leftovers","|upkeep","|turn|111","||adding 10 for new turn","|","|t:|1752967406","|move|p1a: Milotic|Surf|p2a: Milotic","|-resisted|p2a: Milotic","|-damage|p2a: Milotic|207/393 par","|move|p2a: Milotic|Hypnosis|p1a: Milotic","|-status|p1a: Milotic|slp|[from] move: Hypnosis","|","|-weather|Sandstorm|[upkeep]","|-damage|p1a: Milotic|369/393 slp|[from] Sandstorm","|-damage|p2a: Milotic|183/393 par|[from] Sandstorm","|-heal|p1a: Milotic|393/393 slp|[from] item: Leftovers","|-heal|p2a: Milotic|207/393 par|[from] item: Leftovers","|upkeep","|turn|112","||adding 10 for new turn","|","|t:|1752967414","|cant|p1a: Milotic|slp","|move|p2a: Milotic|Surf|p1a: Milotic","|-resisted|p1a: Milotic","|-damage|p1a: Milotic|351/393 slp","|","|-weather|Sandstorm|[upkeep]","|-damage|p1a: Milotic|327/393 slp|[from] Sandstorm","|-damage|p2a: Milotic|183/393 par|[from] Sandstorm","|-heal|p1a: Milotic|351/393 slp|[from] item: Leftovers","|-heal|p2a: Milotic|207/393 par|[from] item: Leftovers","|upkeep","|turn|113","||adding 10 for new turn","|","|t:|1752967422","|-curestatus|p1a: Milotic|slp|[msg]","|move|p1a: Milotic|Recover|p1a: Milotic","|-heal|p1a: Milotic|393/393","|move|p2a: Milotic|Surf|p1a: Milotic","|-resisted|p1a: Milotic","|-damage|p1a: Milotic|351/393","|","|-weather|Sandstorm|[upkeep]","|-damage|p1a: Milotic|327/393|[from] Sandstorm","|-damage|p2a: Milotic|183/393 par|[from] Sandstorm","|-heal|p1a: Milotic|351/393|[from] item: Leftovers","|-heal|p2a: Milotic|207/393 par|[from] item: Leftovers","|upkeep","|turn|114","||adding 10 for new turn","|","|t:|1752967430","|move|p1a: Milotic|Recover|p1a: Milotic","|-heal|p1a: Milotic|393/393","|move|p2a: Milotic|Hypnosis|p1a: Milotic","|-status|p1a: Milotic|slp|[from] move: Hypnosis","|","|-weather|Sandstorm|[upkeep]","|-damage|p1a: Milotic|369/393 slp|[from] Sandstorm","|-damage|p2a: Milotic|183/393 par|[from] Sandstorm","|-heal|p1a: Milotic|393/393 slp|[from] item: Leftovers","|-heal|p2a: Milotic|207/393 par|[from] item: Leftovers","|upkeep","|turn|115","||adding 10 for new turn","|","|t:|1752967437","|cant|p1a: Milotic|slp","|move|p2a: Milotic|Surf|p1a: Milotic","|-resisted|p1a: Milotic","|-damage|p1a: Milotic|351/393 slp","|","|-weather|Sandstorm|[upkeep]","|-damage|p1a: Milotic|327/393 slp|[from] Sandstorm","|-damage|p2a: Milotic|183/393 par|[from] Sandstorm","|-heal|p1a: Milotic|351/393 slp|[from] item: Leftovers","|-heal|p2a: Milotic|207/393 par|[from] item: Leftovers","|upkeep","|turn|116","||adding 10 for new turn","|","|t:|1752967445","|-curestatus|p1a: Milotic|slp|[msg]","|move|p1a: Milotic|Toxic||[still]","|-fail|p1a: Milotic","|move|p2a: Milotic|Surf|p1a: Milotic","|-resisted|p1a: Milotic","|-crit|p1a: Milotic","|-damage|p1a: Milotic|259/393","|","|-weather|Sandstorm|[upkeep]","|-damage|p1a: Milotic|235/393|[from] Sandstorm","|-damage|p2a: Milotic|183/393 par|[from] Sandstorm","|-heal|p1a: Milotic|259/393|[from] item: Leftovers","|-heal|p2a: Milotic|207/393 par|[from] item: Leftovers","|upkeep","|turn|117","||adding 10 for new turn","|","|t:|1752967450","|move|p1a: Milotic|Recover|p1a: Milotic","|-heal|p1a: Milotic|393/393","|move|p2a: Milotic|Hypnosis|p1a: Milotic","|-status|p1a: Milotic|slp|[from] move: Hypnosis","|","|-weather|Sandstorm|[upkeep]","|-damage|p1a: Milotic|369/393 slp|[from] Sandstorm","|-damage|p2a: Milotic|183/393 par|[from] Sandstorm","|-heal|p1a: Milotic|393/393 slp|[from] item: Leftovers","|-heal|p2a: Milotic|207/393 par|[from] item: Leftovers","|upkeep","|turn|118","||adding 10 for new turn","|","|t:|1752967454","|cant|p1a: Milotic|slp","|move|p2a: Milotic|Ice Beam|p1a: Milotic","|-resisted|p1a: Milotic","|-damage|p1a: Milotic|362/393 slp","|","|-weather|Sandstorm|[upkeep]","|-damage|p1a: Milotic|338/393 slp|[from] Sandstorm","|-damage|p2a: Milotic|183/393 par|[from] Sandstorm","|-heal|p1a: Milotic|362/393 slp|[from] item: Leftovers","|-heal|p2a: Milotic|207/393 par|[from] item: Leftovers","|upkeep","|turn|119","||adding 10 for new turn","|","|t:|1752967458","|cant|p1a: Milotic|slp","|move|p2a: Milotic|Ice Beam|p1a: Milotic","|-resisted|p1a: Milotic","|-damage|p1a: Milotic|332/393 slp","|","|-weather|Sandstorm|[upkeep]","|-damage|p1a: Milotic|308/393 slp|[from] Sandstorm","|-damage|p2a: Milotic|183/393 par|[from] Sandstorm","|-heal|p1a: Milotic|332/393 slp|[from] item: Leftovers","|-heal|p2a: Milotic|207/393 par|[from] item: Leftovers","|upkeep","|turn|120","||adding 10 for new turn","|","|t:|1752967463","|-curestatus|p1a: Milotic|slp|[msg]","|move|p1a: Milotic|Recover|p1a: Milotic","|-heal|p1a: Milotic|393/393","|move|p2a: Milotic|Ice Beam|p1a: Milotic","|-resisted|p1a: Milotic","|-damage|p1a: Milotic|365/393","|","|-weather|Sandstorm|[upkeep]","|-damage|p1a: Milotic|341/393|[from] Sandstorm","|-damage|p2a: Milotic|183/393 par|[from] Sandstorm","|-heal|p1a: Milotic|365/393|[from] item: Leftovers","|-heal|p2a: Milotic|207/393 par|[from] item: Leftovers","|upkeep","|turn|121","||adding 10 for new turn","|","|t:|1752967467","|move|p1a: Milotic|Recover|p1a: Milotic","|-heal|p1a: Milotic|393/393","|cant|p2a: Milotic|par","|","|-weather|Sandstorm|[upkeep]","|-damage|p1a: Milotic|369/393|[from] Sandstorm","|-damage|p2a: Milotic|183/393 par|[from] Sandstorm","|-heal|p1a: Milotic|393/393|[from] item: Leftovers","|-heal|p2a: Milotic|207/393 par|[from] item: Leftovers","|upkeep","|turn|122","||adding 10 for new turn","|","|t:|1752967471","|move|p1a: Milotic|Surf|p2a: Milotic","|-resisted|p2a: Milotic","|-damage|p2a: Milotic|162/393 par","|move|p2a: Milotic|Hypnosis|p1a: Milotic","|-status|p1a: Milotic|slp|[from] move: Hypnosis","|","|-weather|Sandstorm|[upkeep]","|-damage|p1a: Milotic|369/393 slp|[from] Sandstorm","|-damage|p2a: Milotic|138/393 par|[from] Sandstorm","|-heal|p1a: Milotic|393/393 slp|[from] item: Leftovers","|-heal|p2a: Milotic|162/393 par|[from] item: Leftovers","|upkeep","|turn|123","||adding 10 for new turn","|","|t:|1752967476","|cant|p1a: Milotic|slp","|move|p2a: Milotic|Ice Beam|p1a: Milotic","|-resisted|p1a: Milotic","|-damage|p1a: Milotic|363/393 slp","|","|-weather|Sandstorm|[upkeep]","|-damage|p1a: Milotic|339/393 slp|[from] Sandstorm","|-damage|p2a: Milotic|138/393 par|[from] Sandstorm","|-heal|p1a: Milotic|363/393 slp|[from] item: Leftovers","|-heal|p2a: Milotic|162/393 par|[from] item: Leftovers","|upkeep","|turn|124","||adding 10 for new turn","|","|t:|1752967480","|cant|p1a: Milotic|slp","|move|p2a: Milotic|Ice Beam|p1a: Milotic","|-resisted|p1a: Milotic","|-damage|p1a: Milotic|334/393 slp","|","|-weather|Sandstorm|[upkeep]","|-damage|p1a: Milotic|310/393 slp|[from] Sandstorm","|-damage|p2a: Milotic|138/393 par|[from] Sandstorm","|-heal|p1a: Milotic|334/393 slp|[from] item: Leftovers","|-heal|p2a: Milotic|162/393 par|[from] item: Leftovers","|upkeep","|turn|125","||adding 10 for new turn","|","|t:|1752967484","|cant|p1a: Milotic|slp","|move|p2a: Milotic|Ice Beam|p1a: Milotic","|-resisted|p1a: Milotic","|-damage|p1a: Milotic|302/393 slp","|","|-weather|Sandstorm|[upkeep]","|-damage|p1a: Milotic|278/393 slp|[from] Sandstorm","|-damage|p2a: Milotic|138/393 par|[from] Sandstorm","|-heal|p1a: Milotic|302/393 slp|[from] item: Leftovers","|-heal|p2a: Milotic|162/393 par|[from] item: Leftovers","|upkeep","|turn|126","||adding 10 for new turn","|","|t:|1752967489","|-curestatus|p1a: Milotic|slp|[msg]","|move|p1a: Milotic|Recover|p1a: Milotic","|-heal|p1a: Milotic|393/393","|cant|p2a: Milotic|par","|","|-weather|Sandstorm|[upkeep]","|-damage|p1a: Milotic|369/393|[from] Sandstorm","|-damage|p2a: Milotic|138/393 par|[from] Sandstorm","|-heal|p1a: Milotic|393/393|[from] item: Leftovers","|-heal|p2a: Milotic|162/393 par|[from] item: Leftovers","|upkeep","|turn|127","||adding 10 for new turn","|","|t:|1752967493","|move|p1a: Milotic|Surf|p2a: Milotic","|-resisted|p2a: Milotic","|-damage|p2a: Milotic|116/393 par","|move|p2a: Milotic|Hypnosis|p1a: Milotic","|-status|p1a: Milotic|slp|[from] move: Hypnosis","|","|-weather|Sandstorm|[upkeep]","|-damage|p1a: Milotic|369/393 slp|[from] Sandstorm","|-damage|p2a: Milotic|92/393 par|[from] Sandstorm","|-heal|p1a: Milotic|393/393 slp|[from] item: Leftovers","|-heal|p2a: Milotic|116/393 par|[from] item: Leftovers","|upkeep","|turn|128","||adding 10 for new turn","|","|t:|1752967497","|cant|p1a: Milotic|slp","|move|p2a: Milotic|Ice Beam|p1a: Milotic","|-resisted|p1a: Milotic","|-damage|p1a: Milotic|360/393 slp","|","|-weather|Sandstorm|[upkeep]","|-damage|p1a: Milotic|336/393 slp|[from] Sandstorm","|-damage|p2a: Milotic|92/393 par|[from] Sandstorm","|-heal|p1a: Milotic|360/393 slp|[from] item: Leftovers","|-heal|p2a: Milotic|116/393 par|[from] item: Leftovers","|upkeep","|turn|129","||adding 10 for new turn","|","|t:|1752967502","|cant|p1a: Milotic|slp","|move|p2a: Milotic|Ice Beam|p1a: Milotic","|-resisted|p1a: Milotic","|-damage|p1a: Milotic|328/393 slp","|","|-weather|Sandstorm|[upkeep]","|-damage|p1a: Milotic|304/393 slp|[from] Sandstorm","|-damage|p2a: Milotic|92/393 par|[from] Sandstorm","|-heal|p1a: Milotic|328/393 slp|[from] item: Leftovers","|-heal|p2a: Milotic|116/393 par|[from] item: Leftovers","|upkeep","|turn|130","||adding 10 for new turn","|","|t:|1752967506","|cant|p1a: Milotic|slp","|move|p2a: Milotic|Hypnosis|p1a: Milotic|[miss]","|-miss|p2a: Milotic|p1a: Milotic","|","|-weather|Sandstorm|[upkeep]","|-damage|p1a: Milotic|304/393 slp|[from] Sandstorm","|-damage|p2a: Milotic|92/393 par|[from] Sandstorm","|-heal|p1a: Milotic|328/393 slp|[from] item: Leftovers","|-heal|p2a: Milotic|116/393 par|[from] item: Leftovers","|upkeep","|turn|131","||adding 10 for new turn","|","|t:|1752967510","|cant|p1a: Milotic|slp","|move|p2a: Milotic|Hypnosis|p1a: Milotic","|-fail|p1a: Milotic|slp","|","|-weather|Sandstorm|[upkeep]","|-damage|p1a: Milotic|304/393 slp|[from] Sandstorm","|-damage|p2a: Milotic|92/393 par|[from] Sandstorm","|-heal|p1a: Milotic|328/393 slp|[from] item: Leftovers","|-heal|p2a: Milotic|116/393 par|[from] item: Leftovers","|upkeep","|turn|132","||adding 10 for new turn","|","|t:|1752967514","|-curestatus|p1a: Milotic|slp|[msg]","|move|p1a: Milotic|Surf|p2a: Milotic","|-resisted|p2a: Milotic","|-crit|p2a: Milotic","|-damage|p2a: Milotic|16/393 par","|move|p2a: Milotic|Surf|p1a: Milotic","|-resisted|p1a: Milotic","|-damage|p1a: Milotic|281/393","|","|-weather|Sandstorm|[upkeep]","|-damage|p1a: Milotic|257/393|[from] Sandstorm","|-damage|p2a: Milotic|0 fnt|[from] Sandstorm","|faint|p2a: Milotic","|-heal|p1a: Milotic|281/393|[from] item: Leftovers","|upkeep","||adding 5 to each for mid turn request","|","|t:|1752967518","|switch|p2a: Magneton|Magneton|277/277","|-damage|p2a: Magneton|243/277|[from] Spikes","|turn|133","||adding 10 for new turn","|","|t:|1752967524","|switch|p1a: Dugtrio|Dugtrio, M|211/211","|move|p2a: Magneton|Toxic|p1a: Dugtrio|[miss]","|-miss|p2a: Magneton|p1a: Dugtrio","|","|-weather|Sandstorm|[upkeep]","|-heal|p2a: Magneton|260/277|[from] item: Leftovers","|upkeep","|turn|134","||adding 10 for new turn","|","|t:|1752967531","|move|p1a: Dugtrio|Earthquake|p2a: Magneton","|-supereffective|p2a: Magneton","|-damage|p2a: Magneton|0 fnt","|faint|p2a: Magneton","|","|win|foultestchallenge1",""],"p1rating":null,"p2rating":null,"endType":"normal","ladderError":true,"timestamp":"Sat Jul 19 2025 16:25:31 GMT-0700 (アメリカ太平洋夏時間)","roomid":"battle-gen3ou-1008","format":"gen3ou"}