{"winner":"foultestacceptor1","seed":"sodium,9ea18308cc44749a6cc220ae2070abe0","turns":42,"p1":"foultestchallenge1","p2":"foultestacceptor1","p1team":[{"name":"Medicham","species":"Medicham","item":"Salac Berry","ability":"Pure Power","moves":["Brick Break","Focus Punch","Rock Slide","Shadow Ball"],"nature":"Jolly","evs":{"hp":4,"atk":252,"def":0,"spa":0,"spd":0,"spe":252},"gender":"M","level":100,"ivs":{"hp":31,"atk":31,"def":31,"spa":31,"spd":31,"spe":31}},{"name":"Magneton","species":"Magneton","item":"Magnet","ability":"Magnet Pull","moves":["Thunderbolt","Hidden Power Fire","Toxic","Rain Dance"],"nature":"Modest","evs":{"hp":4,"atk":0,"def":0,"spa":252,"spd":0,"spe":252},"gender":"N","ivs":{"hp":31,"atk":2,"def":31,"spa":30,"spd":31,"spe":30},"happiness":255,"hpType":"Fire","pokeball":"","gigantamax":false,"dynamaxLevel":10,"teraType":"","level":100},{"name":"Snorlax","species":"Snorlax","item":"Leftovers","ability":"Immunity","moves":["Self-Destruct","Body Slam","Shadow Ball","Earthquake"],"nature":"Adamant","evs":{"hp":92,"atk":116,"def":144,"spa":0,"spd":144,"spe":12},"gender":"F","level":100,"ivs":{"hp":31,"atk":31,"def":31,"spa":31,"spd":31,"spe":31}},{"name":"Suicune","species":"Suicune","item":"Leftovers","ability":"Pressure","moves":["Calm Mind","Surf","Rest","Ice Beam"],"nature":"Calm","evs":{"hp":252,"atk":0,"def":0,"spa":180,"spd":68,"spe":8},"gender":"N","ivs":{"hp":31,"atk":0,"def":31,"spa":31,"spd":31,"spe":31},"level":100},{"name":"Salamence","species":"Salamence","item":"Leftovers","ability":"Intimidate","moves":["Dragon Dance","Hidden Power Flying","Rock Slide","Earthquake"],"nature":"Adamant","evs":{"hp":0,"atk":156,"def":0,"spa":0,"spd":140,"spe":212},"gender":"M","ivs":{"hp":31,"atk":31,"def":31,"spa":30,"spd":30,"spe":30},"happiness":255,"hpType":"Flying","pokeball":"","gigantamax":false,"dynamaxLevel":10,"teraType":"","level":100},{"name":"Metagross","species":"Metagross","item":"Leftovers","ability":"Clear Body","moves":["Agility","Meteor Mash","Earthquake","Explosion"],"nature":"Adamant","evs":{"hp":252,"atk":144,"def":24,"spa":0,"spd":0,"spe":88},"gender":"N","level":100,"ivs":{"hp":31,"atk":31,"def":31,"spa":31,"spd":31,"spe":31}}],"p2team":[{"name":"Skarmory","species":"Skarmory","item":"Leftovers","ability":"Keen Eye","moves":["Spikes","Protect","Roar","Toxic"],"nature":"Careful","evs":{"hp":252,"atk":0,"def":8,"spa":0,"spd":248,"spe":0},"gender":"F","ivs":{"hp":31,"atk":0,"def":31,"spa":31,"spd":31,"spe":31},"level":100},{"name":"Blissey","species":"Blissey","item":"Leftovers","ability":"Natural Cure","moves":["Soft-Boiled","Ice Beam","Toxic","Fire Blast"],"nature":"Modest","evs":{"hp":0,"atk":0,"def":252,"spa":252,"spd":0,"spe":4},"gender":"F","ivs":{"hp":31,"atk":0,"def":31,"spa":31,"spd":31,"spe":31},"shiny":true,"level":100},{"name":"Tyranitar","species":"Tyranitar","item":"Leftovers","ability":"Sand Stream","moves":["Focus Punch","Rock Slide","Hidden Power Bug","Earthquake"],"nature":"Adamant","evs":{"hp":248,"atk":196,"def":12,"spa":0,"spd":52,"spe":0},"gender":"F","ivs":{"hp":31,"atk":30,"def":30,"spa":31,"spd":30,"spe":31},"happiness":255,"hpType":"Bug","pokeball":"","gigantamax":false,"dynamaxLevel":10,"teraType":"","level":100},{"name":"Swampert","species":"Swampert","item":"Leftovers","ability":"Torrent","moves":["Earthquake","Ice Beam","Hydro Pump","Protect"],"nature":"Relaxed","evs":{"hp":240,"atk":0,"def":136,"spa":40,"spd":48,"spe":44},"gender":"F","level":100,"ivs":{"hp":31,"atk":31,"def":31,"spa":31,"spd":31,"spe":31}},{"name":"Gengar","species":"Gengar","item":"Leftovers","ability":"Levitate","moves":["Will-O-Wisp","Thunderbolt","Ice Punch","Explosion"],"nature":"Timid","evs":{"hp":168,"atk":0,"def":0,"spa":0,"spd":164,"spe":176},"gender":"F","level":100,"ivs":{"hp":31,"atk":31,"def":31,"spa":31,"spd":31,"spe":31}},{"name":"Starmie","species":"Starmie","item":"Leftovers","ability":"Natural Cure","moves":["Hydro Pump","Ice Beam","Thunderbolt","Rapid Spin"],"nature":"Timid","evs":{"hp":4,"atk":0,"def":0,"spa":252,"spd":0,"spe":252},"gender":"N","ivs":{"hp":31,"atk":0,"def":31,"spa":31,"spd":31,"spe":31},"level":100}],"score":[0,4],"inputLog":[">version 372d05e49c92a79eecdf6c8dddb208bd1765c00f",">start {\"formatid\":\"gen3ou\",\"seed\":\"sodium,9ea18308cc44749a6cc220ae2070abe0\"}",">player p1 {\"name\":\"foultestchallenge1\",\"avatar\":\"1\",\"team\":\"Medicham||SalacBerry|PurePower|BrickBreak,FocusPunch,RockSlide,ShadowBall|Jolly|4,252,,,,252|M||||]Magneton||Magnet|MagnetPull|Thunderbolt,HiddenPowerFire,Toxic,RainDance|Modest|4,,,252,,252|N|,2,,30,,30|||,Fire,,,,]Snorlax||Leftovers|Immunity|SelfDestruct,BodySlam,ShadowBall,Earthquake|Adamant|92,116,144,,144,12|F||||]Suicune||Leftovers|Pressure|CalmMind,Surf,Rest,IceBeam|Calm|252,,,180,68,8|N|,0,,,,|||]Salamence||Leftovers|Intimidate|DragonDance,HiddenPowerFlying,RockSlide,Earthquake|Adamant|,156,,,140,212|M|,,,30,30,30|||,Flying,,,,]Metagross||Leftovers|ClearBody|Agility,MeteorMash,Earthquake,Explosion|Adamant|252,144,24,,,88|N||||\",\"rating\":0}",">player p2 {\"name\":\"foultestacceptor1\",\"avatar\":\"1\",\"team\":\"Skarmory||Leftovers|KeenEye|Spikes,Protect,Roar,Toxic|Careful|252,,8,,248,|F|,0,,,,|||]Blissey||Leftovers|NaturalCure|SoftBoiled,IceBeam,Toxic,FireBlast|Modest|,,252,252,,4|F|,0,,,,|S||]Tyranitar||Leftovers|SandStream|FocusPunch,RockSlide,HiddenPowerBug,Earthquake|Adamant|248,196,12,,52,|F|,30,30,,30,|||,Bug,,,,]Swampert||Leftovers|Torrent|Earthquake,IceBeam,HydroPump,Protect|Relaxed|240,,136,40,48,44|F||||]Gengar||Leftovers|Levitate|WillOWisp,Thunderbolt,IcePunch,Explosion|Timid|168,,,,164,176|F||||]Starmie||Leftovers|NaturalCure|HydroPump,IceBeam,Thunderbolt,RapidSpin|Timid|4,,,252,,252|N|,0,,,,|||\",\"rating\":0}",">p1 move focuspunch",">p2 move spikes",">p1 move focuspunch",">p2 move protect",">p1 move focuspunch",">p2 switch 5",">p1 move shadowball",">p2 move willowisp",">p1 move shadowball",">p2 switch 4",">p1 move shadowball",">p2 move earthquake",">p1 move focuspunch",">p2 move earthquake",">p1 switch 4",">p1 move surf",">p2 move earthquake",">p1 move surf",">p2 switch 2",">p1 move calmmind",">p2 move toxic",">p1 move calmmind",">p2 move icebeam",">p1 move surf",">p2 move icebeam",">p1 move rest",">p2 move softboiled",">p1 move surf",">p2 switch 5",">p1 move surf",">p2 move roar",">p1 move bodyslam",">p2 move spikes",">p1 move bodyslam",">p2 move spikes",">p1 move bodyslam",">p2 switch 4",">p1 move shadowball",">p2 move willowisp",">p1 move shadowball",">p2 switch 3",">p1 move selfdestruct",">p2 move rockslide",">p1 switch 3",">p1 move surf",">p2 switch 5",">p1 move calmmind",">p2 move toxic",">p1 move calmmind",">p2 move softboiled",">p1 move surf",">p2 move softboiled",">p1 move rest",">p2 switch 4",">p1 move rest",">p2 move roar",">p1 move meteormash",">p2 move roar",">p1 move icebeam",">p2 move roar",">p1 move dragondance",">p2 move toxic",">p1 move rockslide",">p2 move roar",">p1 move hiddenpower",">p2 move protect",">p1 move hiddenpower",">p2 move protect",">p2 switch 2",">p1 switch 5",">p2 move earthquake",">p1 move surf",">p2 move earthquake",">p1 switch 6",">p1 move earthquake",">p2 move protect",">p1 move earthquake",">p2 move earthquake",">p1 move meteormash",">p2 move protect",">p1 move meteormash",">p2 move protect",">p2 switch 6",">p1 move meteormash",">p2 move hydropump",">p1 switch 5",">p1 move thunderbolt",">p2 move hydropump",">p1 switch 2",">p1 move hiddenpower",">p2 move icebeam"],"log":["|j|☆foultestchallenge1","|j|☆foultestacceptor1","|t:|1752925593","|gametype|singles","|player|p1|foultestchallenge1|1|","|player|p2|foultestacceptor1|1|","|teamsize|p1|6","|teamsize|p2|6","|gen|3","|tier|[Gen 3] OU","|rule|Sleep Clause Mod: Limit one foe put to sleep","|rule|Switch Priority Clause Mod: Faster Pokémon switch first","|rule|Species Clause: Limit one of each Pokémon","|rule|OHKO Clause: OHKO moves are banned","|rule|Evasion Items Clause: Evasion items are banned","|rule|Evasion Moves Clause: Evasion moves are banned","|rule|Endless Battle Clause: Forcing endless battles is banned","|rule|HP Percentage Mod: HP is shown in percentages","|rule|One Boost Passer Clause: Limit one Baton Passer that has a way to boost its stats","|rule|Freeze Clause Mod: Limit one foe frozen","|","|t:|1752925593","|start","|switch|p1a: Medicham|Medicham, M|262/262","|switch|p2a: Skarmory|Skarmory, F|334/334","|turn|1","|inactive|Battle timer is ON: inactive players will automatically lose when time's up. (requested by foultestchallenge1)","|inactive|foultestacceptor1 also wants the timer to be on.","|","|t:|1752925594","|-singleturn|p1a: Medicham|move: Focus Punch","|move|p2a: Skarmory|Spikes|p1a: Medicham","|-sidestart|p1: foultestchallenge1|Spikes","|move|p1a: Medicham|Focus Punch|p2a: Skarmory","|-damage|p2a: Skarmory|86/334","|","|-heal|p2a: Skarmory|106/334|[from] item: Leftovers","|upkeep","|turn|2","||adding 10 for new turn","|","|t:|1752925595","|-singleturn|p1a: Medicham|move: Focus Punch","|move|p2a: Skarmory|Protect|p2a: Skarmory","|-singleturn|p2a: Skarmory|Protect","|move|p1a: Medicham|Focus Punch|p2a: Skarmory","|-activate|p2a: Skarmory|Protect","|","|-heal|p2a: Skarmory|126/334|[from] item: Leftovers","|upkeep","|turn|3","||adding 10 for new turn","|","|t:|1752925596","|-singleturn|p1a: Medicham|move: Focus Punch","|switch|p2a: Gengar|Gengar, F|303/303","|move|p1a: Medicham|Focus Punch|p2a: Gengar","|-immune|p2a: Gengar","|","|upkeep","|turn|4","||adding 10 for new turn","|","|t:|1752925597","|move|p2a: Gengar|Will-O-Wisp|p1a: Medicham","|-status|p1a: Medicham|brn","|move|p1a: Medicham|Shadow Ball|p2a: Gengar","|-supereffective|p2a: Gengar","|-damage|p2a: Gengar|111/303","|","|-heal|p2a: Gengar|129/303|[from] item: Leftovers","|-damage|p1a: Medicham|230/262 brn|[from] brn","|upkeep","|turn|5","||adding 10 for new turn","|","|t:|1752925599","|switch|p2a: Swampert|Swampert, F|401/401","|move|p1a: Medicham|Shadow Ball|p2a: Swampert","|-crit|p2a: Swampert","|-damage|p2a: Swampert|299/401","|-unboost|p2a: Swampert|spd|1","|","|-damage|p1a: Medicham|198/262 brn|[from] brn","|-heal|p2a: Swampert|324/401|[from] item: Leftovers","|upkeep","|turn|6","||adding 10 for new turn","|","|t:|1752925601","|move|p1a: Medicham|Shadow Ball|p2a: Swampert","|-damage|p2a: Swampert|272/401","|move|p2a: Swampert|Earthquake|p1a: Medicham","|-damage|p1a: Medicham|46/262 brn","|","|-enditem|p1a: Medicham|Salac Berry|[eat]","|-boost|p1a: Medicham|spe|1|[from] item: Salac Berry","|-damage|p1a: Medicham|14/262 brn|[from] brn","|-heal|p2a: Swampert|297/401|[from] item: Leftovers","|upkeep","|turn|7","||adding 10 for new turn","|","|t:|1752925602","|-singleturn|p1a: Medicham|move: Focus Punch","|move|p2a: Swampert|Earthquake|p1a: Medicham","|-damage|p1a: Medicham|0 fnt","|faint|p1a: Medicham","||adding 5 to each for mid turn request","|","|t:|1752925603","|switch|p1a: Suicune|Suicune|404/404","|-damage|p1a: Suicune|354/404|[from] Spikes","|-ability|p1a: Suicune|Pressure|[silent]","|","|-heal|p1a: Suicune|379/404|[from] item: Leftovers","|-heal|p2a: Swampert|322/401|[from] item: Leftovers","|upkeep","|turn|8","||adding 10 for new turn","|","|t:|1752925604","|move|p1a: Suicune|Surf|p2a: Swampert","|-damage|p2a: Swampert|131/401","|move|p2a: Swampert|Earthquake|p1a: Suicune","|-damage|p1a: Suicune|275/404","|","|-heal|p1a: Suicune|300/404|[from] item: Leftovers","|-heal|p2a: Swampert|156/401|[from] item: Leftovers","|upkeep","|turn|9","||adding 10 for new turn","|","|t:|1752925605","|switch|p2a: Blissey|Blissey, F, shiny|651/651","|move|p1a: Suicune|Surf|p2a: Blissey","|-damage|p2a: Blissey|554/651","|","|-heal|p1a: Suicune|325/404|[from] item: Leftovers","|-heal|p2a: Blissey|594/651|[from] item: Leftovers","|upkeep","|turn|10","||adding 10 for new turn","|","|t:|1752925606","|move|p1a: Suicune|Calm Mind|p1a: Suicune","|-boost|p1a: Suicune|spa|1","|-boost|p1a: Suicune|spd|1","|move|p2a: Blissey|Toxic|p1a: Suicune","|-status|p1a: Suicune|tox","|","|-heal|p1a: Suicune|350/404 tox|[from] item: Leftovers","|-damage|p1a: Suicune|325/404 tox|[from] psn","|-heal|p2a: Blissey|634/651|[from] item: Leftovers","|upkeep","|turn|11","||adding 10 for new turn","|","|t:|1752925607","|move|p1a: Suicune|Calm Mind|p1a: Suicune","|-boost|p1a: Suicune|spa|1","|-boost|p1a: Suicune|spd|1","|move|p2a: Blissey|Ice Beam|p1a: Suicune","|-resisted|p1a: Suicune","|-damage|p1a: Suicune|310/404 tox","|","|-heal|p1a: Suicune|335/404 tox|[from] item: Leftovers","|-damage|p1a: Suicune|285/404 tox|[from] psn","|-heal|p2a: Blissey|651/651|[from] item: Leftovers","|upkeep","|turn|12","||adding 10 for new turn","|","|t:|1752925608","|move|p1a: Suicune|Surf|p2a: Blissey","|-damage|p2a: Blissey|469/651","|move|p2a: Blissey|Ice Beam|p1a: Suicune","|-resisted|p1a: Suicune","|-damage|p1a: Suicune|268/404 tox","|","|-heal|p1a: Suicune|293/404 tox|[from] item: Leftovers","|-damage|p1a: Suicune|218/404 tox|[from] psn","|-heal|p2a: Blissey|509/651|[from] item: Leftovers","|upkeep","|turn|13","||adding 10 for new turn","|","|t:|1752925610","|move|p1a: Suicune|Rest|p1a: Suicune","|-status|p1a: Suicune|slp|[from] move: Rest","|-heal|p1a: Suicune|404/404 slp|[silent]","|move|p2a: Blissey|Soft-Boiled|p2a: Blissey","|-heal|p2a: Blissey|651/651","|","|upkeep","|turn|14","||adding 10 for new turn","|","|t:|1752925611","|switch|p2a: Skarmory|Skarmory, F|126/334","|cant|p1a: Suicune|slp","|","|-heal|p2a: Skarmory|146/334|[from] item: Leftovers","|upkeep","|turn|15","||adding 10 for new turn","|","|t:|1752925611","|cant|p1a: Suicune|slp","|move|p2a: Skarmory|Roar|p1a: Suicune","|drag|p1a: Snorlax|Snorlax, F|484/484","|-damage|p1a: Snorlax|424/484|[from] Spikes","|","|-heal|p2a: Skarmory|166/334|[from] item: Leftovers","|-heal|p1a: Snorlax|454/484|[from] item: Leftovers","|upkeep","|turn|16","||adding 10 for new turn","|","|t:|1752925612","|move|p2a: Skarmory|Spikes|p1a: Snorlax","|-sidestart|p1: foultestchallenge1|Spikes","|move|p1a: Snorlax|Body Slam|p2a: Skarmory","|-resisted|p2a: Skarmory","|-damage|p2a: Skarmory|113/334","|","|-heal|p2a: Skarmory|133/334|[from] item: Leftovers","|-heal|p1a: Snorlax|484/484|[from] item: Leftovers","|upkeep","|turn|17","||adding 10 for new turn","|","|t:|1752925614","|move|p2a: Skarmory|Spikes|p1a: Snorlax","|-sidestart|p1: foultestchallenge1|Spikes","|move|p1a: Snorlax|Body Slam|p2a: Skarmory","|-resisted|p2a: Skarmory","|-damage|p2a: Skarmory|79/334","|","|-heal|p2a: Skarmory|99/334|[from] item: Leftovers","|upkeep","|turn|18","||adding 10 for new turn","|","|t:|1752925615","|switch|p2a: Gengar|Gengar, F|129/303","|move|p1a: Snorlax|Body Slam|p2a: Gengar","|-immune|p2a: Gengar","|","|-heal|p2a: Gengar|147/303|[from] item: Leftovers","|upkeep","|turn|19","||adding 10 for new turn","|","|t:|1752925616","|move|p2a: Gengar|Will-O-Wisp|p1a: Snorlax","|-status|p1a: Snorlax|brn","|move|p1a: Snorlax|Shadow Ball|p2a: Gengar","|-supereffective|p2a: Gengar","|-damage|p2a: Gengar|14/303","|","|-heal|p2a: Gengar|32/303|[from] item: Leftovers","|-damage|p1a: Snorlax|424/484 brn|[from] brn","|upkeep","|turn|20","||adding 10 for new turn","|","|t:|1752925617","|switch|p2a: Tyranitar|Tyranitar, F|403/403","|-weather|Sandstorm|[from] ability: Sand Stream|[of] p2a: Tyranitar","|move|p1a: Snorlax|Shadow Ball|p2a: Tyranitar","|-resisted|p2a: Tyranitar","|-damage|p2a: Tyranitar|384/403","|","|-weather|Sandstorm|[upkeep]","|-damage|p1a: Snorlax|394/484 brn|[from] Sandstorm","|-heal|p2a: Tyranitar|403/403|[from] item: Leftovers","|-heal|p1a: Snorlax|424/484 brn|[from] item: Leftovers","|-damage|p1a: Snorlax|364/484 brn|[from] brn","|upkeep","|turn|21","||adding 10 for new turn","|","|t:|1752925618","|move|p2a: Tyranitar|Rock Slide|p1a: Snorlax","|-damage|p1a: Snorlax|207/484 brn","|move|p1a: Snorlax|Self-Destruct|p2a: Tyranitar","|-resisted|p2a: Tyranitar","|-crit|p2a: Tyranitar","|-damage|p2a: Tyranitar|130/403","|faint|p1a: Snorlax","||adding 5 to each for mid turn request","|","|t:|1752925620","|switch|p1a: Suicune|Suicune|404/404 slp","|-damage|p1a: Suicune|303/404 slp|[from] Spikes","|-ability|p1a: Suicune|Pressure|[silent]","|","|-weather|Sandstorm|[upkeep]","|-damage|p1a: Suicune|278/404 slp|[from] Sandstorm","|-heal|p1a: Suicune|303/404 slp|[from] item: Leftovers","|-heal|p2a: Tyranitar|155/403|[from] item: Leftovers","|upkeep","|turn|22","||adding 10 for new turn","|","|t:|1752925620","|switch|p2a: Blissey|Blissey, F, shiny|651/651","|-curestatus|p1a: Suicune|slp|[msg]","|move|p1a: Suicune|Surf|p2a: Blissey","|-damage|p2a: Blissey|551/651","|","|-weather|Sandstorm|[upkeep]","|-damage|p1a: Suicune|278/404|[from] Sandstorm","|-damage|p2a: Blissey|511/651|[from] Sandstorm","|-heal|p1a: Suicune|303/404|[from] item: Leftovers","|-heal|p2a: Blissey|551/651|[from] item: Leftovers","|upkeep","|turn|23","||adding 10 for new turn","|","|t:|1752925621","|move|p1a: Suicune|Calm Mind|p1a: Suicune","|-boost|p1a: Suicune|spa|1","|-boost|p1a: Suicune|spd|1","|move|p2a: Blissey|Toxic|p1a: Suicune","|-status|p1a: Suicune|tox","|","|-weather|Sandstorm|[upkeep]","|-damage|p1a: Suicune|278/404 tox|[from] Sandstorm","|-damage|p2a: Blissey|511/651|[from] Sandstorm","|-heal|p1a: Suicune|303/404 tox|[from] item: Leftovers","|-damage|p1a: Suicune|278/404 tox|[from] psn","|-heal|p2a: Blissey|551/651|[from] item: Leftovers","|upkeep","|turn|24","||adding 10 for new turn","|","|t:|1752925622","|move|p1a: Suicune|Calm Mind|p1a: Suicune","|-boost|p1a: Suicune|spa|1","|-boost|p1a: Suicune|spd|1","|move|p2a: Blissey|Soft-Boiled|p2a: Blissey","|-heal|p2a: Blissey|651/651","|","|-weather|Sandstorm|[upkeep]","|-damage|p1a: Suicune|253/404 tox|[from] Sandstorm","|-damage|p2a: Blissey|611/651|[from] Sandstorm","|-heal|p1a: Suicune|278/404 tox|[from] item: Leftovers","|-damage|p1a: Suicune|228/404 tox|[from] psn","|-heal|p2a: Blissey|651/651|[from] item: Leftovers","|upkeep","|turn|25","||adding 10 for new turn","|","|t:|1752925623","|move|p1a: Suicune|Surf|p2a: Blissey","|-damage|p2a: Blissey|461/651","|move|p2a: Blissey|Soft-Boiled|p2a: Blissey","|-heal|p2a: Blissey|651/651","|","|-weather|Sandstorm|[upkeep]","|-damage|p1a: Suicune|203/404 tox|[from] Sandstorm","|-damage|p2a: Blissey|611/651|[from] Sandstorm","|-heal|p1a: Suicune|228/404 tox|[from] item: Leftovers","|-damage|p1a: Suicune|153/404 tox|[from] psn","|-heal|p2a: Blissey|651/651|[from] item: Leftovers","|upkeep","|turn|26","||adding 10 for new turn","|","|t:|1752925624","|switch|p2a: Skarmory|Skarmory, F|99/334","|move|p1a: Suicune|Rest|p1a: Suicune","|-status|p1a: Suicune|slp|[from] move: Rest","|-heal|p1a: Suicune|404/404 slp|[silent]","|","|-weather|Sandstorm|[upkeep]","|-damage|p1a: Suicune|379/404 slp|[from] Sandstorm","|-heal|p1a: Suicune|404/404 slp|[from] item: Leftovers","|-heal|p2a: Skarmory|119/334|[from] item: Leftovers","|upkeep","|turn|27","||adding 10 for new turn","|","|t:|1752925625","|cant|p1a: Suicune|slp","|move|p2a: Skarmory|Roar|p1a: Suicune","|drag|p1a: Metagross|Metagross|364/364","|-damage|p1a: Metagross|273/364|[from] Spikes","|","|-weather|Sandstorm|[upkeep]","|-heal|p1a: Metagross|295/364|[from] item: Leftovers","|-heal|p2a: Skarmory|139/334|[from] item: Leftovers","|upkeep","|turn|28","||adding 10 for new turn","|","|t:|1752925626","|move|p1a: Metagross|Meteor Mash|p2a: Skarmory|[miss]","|-miss|p1a: Metagross|p2a: Skarmory","|move|p2a: Skarmory|Roar|p1a: Metagross","|drag|p1a: Suicune|Suicune|404/404 slp","|-damage|p1a: Suicune|303/404 slp|[from] Spikes","|-ability|p1a: Suicune|Pressure|[silent]","|","|-weather|Sandstorm|[upkeep]","|-damage|p1a: Suicune|278/404 slp|[from] Sandstorm","|-heal|p1a: Suicune|303/404 slp|[from] item: Leftovers","|-heal|p2a: Skarmory|159/334|[from] item: Leftovers","|upkeep","|turn|29","||adding 10 for new turn","|","|t:|1752925626","|cant|p1a: Suicune|slp","|move|p2a: Skarmory|Roar|p1a: Suicune","|drag|p1a: Salamence|Salamence, M|331/331","|-ability|p1a: Salamence|Intimidate|boost","|-unboost|p2a: Skarmory|atk|1","|","|-weather|Sandstorm|[upkeep]","|-damage|p1a: Salamence|311/331|[from] Sandstorm","|-heal|p1a: Salamence|331/331|[from] item: Leftovers","|-heal|p2a: Skarmory|179/334|[from] item: Leftovers","|upkeep","|turn|30","||adding 10 for new turn","|","|t:|1752925627","|move|p1a: Salamence|Dragon Dance|p1a: Salamence","|-boost|p1a: Salamence|atk|1","|-boost|p1a: Salamence|spe|1","|move|p2a: Skarmory|Toxic|p1a: Salamence","|-status|p1a: Salamence|tox","|","|-weather|Sandstorm|[upkeep]","|-damage|p1a: Salamence|311/331 tox|[from] Sandstorm","|-heal|p1a: Salamence|331/331 tox|[from] item: Leftovers","|-damage|p1a: Salamence|311/331 tox|[from] psn","|-heal|p2a: Skarmory|199/334|[from] item: Leftovers","|upkeep","|turn|31","||adding 10 for new turn","|","|t:|1752925628","|move|p1a: Salamence|Rock Slide|p2a: Skarmory","|-damage|p2a: Skarmory|90/334","|move|p2a: Skarmory|Roar|p1a: Salamence","|drag|p1a: Magneton|Magneton|242/242","|-damage|p1a: Magneton|182/242|[from] Spikes","|","|-weather|Sandstorm|[upkeep]","|-heal|p2a: Skarmory|110/334|[from] item: Leftovers","|upkeep","|turn|32","||adding 10 for new turn","|","|t:|1752925629","|move|p2a: Skarmory|Protect|p2a: Skarmory","|-singleturn|p2a: Skarmory|Protect","|move|p1a: Magneton|Hidden Power|p2a: Skarmory","|-activate|p2a: Skarmory|Protect","|","|-weather|Sandstorm|[upkeep]","|-heal|p2a: Skarmory|130/334|[from] item: Leftovers","|upkeep","|turn|33","||adding 10 for new turn","|","|t:|1752925630","|move|p2a: Skarmory|Protect||[still]","|-fail|p2a: Skarmory","|move|p1a: Magneton|Hidden Power|p2a: Skarmory","|-supereffective|p2a: Skarmory","|-damage|p2a: Skarmory|0 fnt","|faint|p2a: Skarmory","||adding 5 to each for mid turn request","|","|t:|1752925631","|switch|p2a: Swampert|Swampert, F|156/401","|","|-weather|Sandstorm|[upkeep]","|-heal|p2a: Swampert|181/401|[from] item: Leftovers","|upkeep","|turn|34","||adding 10 for new turn","|","|t:|1752925632","|switch|p1a: Suicune|Suicune|303/404 slp","|-damage|p1a: Suicune|202/404 slp|[from] Spikes","|-ability|p1a: Suicune|Pressure|[silent]","|move|p2a: Swampert|Earthquake|p1a: Suicune","|-damage|p1a: Suicune|93/404 slp","|","|-weather|Sandstorm|[upkeep]","|-damage|p1a: Suicune|68/404 slp|[from] Sandstorm","|-heal|p1a: Suicune|93/404 slp|[from] item: Leftovers","|-heal|p2a: Swampert|206/401|[from] item: Leftovers","|upkeep","|turn|35","||adding 10 for new turn","|","|t:|1752925633","|-curestatus|p1a: Suicune|slp|[msg]","|move|p1a: Suicune|Surf|p2a: Swampert","|-damage|p2a: Swampert|67/401","|move|p2a: Swampert|Earthquake|p1a: Suicune","|-damage|p1a: Suicune|0 fnt","|faint|p1a: Suicune","||adding 5 to each for mid turn request","|","|t:|1752925634","|switch|p1a: Metagross|Metagross|295/364","|-damage|p1a: Metagross|204/364|[from] Spikes","|","|-weather|Sandstorm|[upkeep]","|-heal|p1a: Metagross|226/364|[from] item: Leftovers","|-heal|p2a: Swampert|92/401|[from] item: Leftovers","|upkeep","|turn|36","||adding 10 for new turn","|","|t:|1752925635","|move|p2a: Swampert|Protect|p2a: Swampert","|-singleturn|p2a: Swampert|Protect","|move|p1a: Metagross|Earthquake|p2a: Swampert","|-activate|p2a: Swampert|Protect","|","|-weather|Sandstorm|[upkeep]","|-heal|p1a: Metagross|248/364|[from] item: Leftovers","|-heal|p2a: Swampert|117/401|[from] item: Leftovers","|upkeep","|turn|37","||adding 10 for new turn","|","|t:|1752925636","|move|p1a: Metagross|Earthquake|p2a: Swampert","|-damage|p2a: Swampert|11/401","|move|p2a: Swampert|Earthquake|p1a: Metagross","|-supereffective|p1a: Metagross","|-damage|p1a: Metagross|52/364","|","|-weather|Sandstorm|[upkeep]","|-heal|p1a: Metagross|74/364|[from] item: Leftovers","|-heal|p2a: Swampert|36/401|[from] item: Leftovers","|upkeep","|turn|38","||adding 10 for new turn","|","|t:|1752925637","|move|p2a: Swampert|Protect|p2a: Swampert","|-singleturn|p2a: Swampert|Protect","|move|p1a: Metagross|Meteor Mash|p2a: Swampert|[miss]","|-miss|p1a: Metagross|p2a: Swampert","|","|-weather|Sandstorm|[upkeep]","|-heal|p1a: Metagross|96/364|[from] item: Leftovers","|-heal|p2a: Swampert|61/401|[from] item: Leftovers","|upkeep","|turn|39","||adding 10 for new turn","|","|t:|1752925638","|move|p2a: Swampert|Protect||[still]","|-fail|p2a: Swampert","|move|p1a: Metagross|Meteor Mash|p2a: Swampert","|-resisted|p2a: Swampert","|-damage|p2a: Swampert|0 fnt","|faint|p2a: Swampert","||adding 5 to each for mid turn request","|","|t:|1752925639","|switch|p2a: Starmie|Starmie|262/262","|","|-weather|Sandstorm|[upkeep]","|-damage|p2a: Starmie|246/262|[from] Sandstorm","|-heal|p2a: Starmie|262/262|[from] item: Leftovers","|-heal|p1a: Metagross|118/364|[from] item: Leftovers","|upkeep","|turn|40","||adding 10 for new turn","|","|t:|1752925640","|move|p2a: Starmie|Hydro Pump|p1a: Metagross","|-crit|p1a: Metagross","|-damage|p1a: Metagross|0 fnt","|faint|p1a: Metagross","||adding 5 to each for mid turn request","|","|t:|1752925641","|switch|p1a: Magneton|Magneton|182/242","|-damage|p1a: Magneton|122/242|[from] Spikes","|","|-weather|Sandstorm|[upkeep]","|-damage|p2a: Starmie|246/262|[from] Sandstorm","|-heal|p2a: Starmie|262/262|[from] item: Leftovers","|upkeep","|turn|41","||adding 10 for new turn","|","|t:|1752925641","|move|p2a: Starmie|Hydro Pump|p1a: Magneton","|-damage|p1a: Magneton|0 fnt","|faint|p1a: Magneton","||adding 5 to each for mid turn request","|","|t:|1752925642","|switch|p1a: Salamence|Salamence, M|311/331 tox","|-ability|p1a: Salamence|Intimidate|boost","|-unboost|p2a: Starmie|atk|1","|","|-weather|Sandstorm|[upkeep]","|-damage|p2a: Starmie|246/262|[from] Sandstorm","|-damage|p1a: Salamence|291/331 tox|[from] Sandstorm","|-heal|p2a: Starmie|262/262|[from] item: Leftovers","|-heal|p1a: Salamence|311/331 tox|[from] item: Leftovers","|-damage|p1a: Salamence|291/331 tox|[from] psn","|upkeep","|turn|42","||adding 10 for new turn","|","|t:|1752925643","|move|p2a: Starmie|Ice Beam|p1a: Salamence","|-supereffective|p1a: Salamence","|-damage|p1a: Salamence|0 fnt","|faint|p1a: Salamence","|","|win|foultestacceptor1",""],"p1rating":null,"p2rating":null,"endType":"normal","ladderError":true,"timestamp":"Sat Jul 19 2025 04:47:23 GMT-0700 (アメリカ太平洋夏時間)","roomid":"battle-gen3ou-969","format":"gen3ou"}