{"winner":"foultestacceptor1","seed":"sodium,286f60a9d490319e49486e1a013a7300","turns":32,"p1":"foultestchallenge1","p2":"foultestacceptor1","p1team":[{"name":"Skarmory","species":"Skarmory","item":"Leftovers","ability":"Keen Eye","moves":["Spikes","Protect","Roar","Toxic"],"nature":"Careful","evs":{"hp":252,"atk":0,"def":8,"spa":0,"spd":248,"spe":0},"gender":"F","ivs":{"hp":31,"atk":0,"def":31,"spa":31,"spd":31,"spe":31},"level":100},{"name":"Blissey","species":"Blissey","item":"Leftovers","ability":"Natural Cure","moves":["Soft-Boiled","Ice Beam","Toxic","Fire Blast"],"nature":"Modest","evs":{"hp":0,"atk":0,"def":252,"spa":252,"spd":0,"spe":4},"gender":"F","ivs":{"hp":31,"atk":0,"def":31,"spa":31,"spd":31,"spe":31},"shiny":true,"level":100},{"name":"Tyranitar","species":"Tyranitar","item":"Leftovers","ability":"Sand Stream","moves":["Focus Punch","Rock Slide","Hidden Power Bug","Earthquake"],"nature":"Adamant","evs":{"hp":248,"atk":196,"def":12,"spa":0,"spd":52,"spe":0},"gender":"F","ivs":{"hp":31,"atk":30,"def":30,"spa":31,"spd":30,"spe":31},"happiness":255,"hpType":"Bug","pokeball":"","gigantamax":false,"dynamaxLevel":10,"teraType":"","level":100},{"name":"Swampert","species":"Swampert","item":"Leftovers","ability":"Torrent","moves":["Earthquake","Ice Beam","Hydro Pump","Protect"],"nature":"Relaxed","evs":{"hp":240,"atk":0,"def":136,"spa":40,"spd":48,"spe":44},"gender":"F","level":100,"ivs":{"hp":31,"atk":31,"def":31,"spa":31,"spd":31,"spe":31}},{"name":"Gengar","species":"Gengar","item":"Leftovers","ability":"Levitate","moves":["Will-O-Wisp","Thunderbolt","Ice Punch","Explosion"],"nature":"Timid","evs":{"hp":168,"atk":0,"def":0,"spa":0,"spd":164,"spe":176},"gender":"F","level":100,"ivs":{"hp":31,"atk":31,"def":31,"spa":31,"spd":31,"spe":31}},{"name":"Starmie","species":"Starmie","item":"Leftovers","ability":"Natural Cure","moves":["Hydro Pump","Ice Beam","Thunderbolt","Rapid Spin"],"nature":"Timid","evs":{"hp":4,"atk":0,"def":0,"spa":252,"spd":0,"spe":252},"gender":"N","ivs":{"hp":31,"atk":0,"def":31,"spa":31,"spd":31,"spe":31},"level":100}],"p2team":[{"name":"Salamence","species":"Salamence","item":"Choice Band","ability":"Intimidate","moves":["Earthquake","Hidden Power Flying","Brick Break","Rock Slide"],"nature":"Adamant","evs":{"hp":120,"atk":252,"def":0,"spa":0,"spd":0,"spe":136},"gender":"F","ivs":{"hp":30,"atk":30,"def":30,"spa":30,"spd":30,"spe":31},"happiness":255,"hpType":"Flying","pokeball":"","gigantamax":false,"dynamaxLevel":10,"teraType":"","level":100},{"name":"Magneton","species":"Magneton","item":"Magnet","ability":"Magnet Pull","moves":["Thunderbolt","Toxic","Hidden Power Fire","Protect"],"nature":"Modest","evs":{"hp":4,"atk":0,"def":0,"spa":252,"spd":0,"spe":252},"gender":"N","ivs":{"hp":31,"atk":2,"def":31,"spa":30,"spd":31,"spe":30},"happiness":255,"hpType":"Fire","pokeball":"","gigantamax":false,"dynamaxLevel":10,"teraType":"","level":100},{"name":"Tyranitar","species":"Tyranitar","item":"Leftovers","ability":"Sand Stream","moves":["Crunch","Pursuit","Hidden Power Grass","Fire Blast"],"nature":"Modest","evs":{"hp":240,"atk":0,"def":0,"spa":188,"spd":48,"spe":32},"gender":"F","ivs":{"hp":31,"atk":2,"def":31,"spa":30,"spd":31,"spe":31},"happiness":255,"hpType":"Grass","pokeball":"","gigantamax":false,"dynamaxLevel":10,"teraType":"","level":100},{"name":"Blissey","species":"Blissey","item":"Leftovers","ability":"Natural Cure","moves":["Seismic Toss","Wish","Protect","Toxic"],"nature":"","evs":{"hp":4,"atk":0,"def":252,"spa":0,"spd":252,"spe":0},"gender":"F","ivs":{"hp":31,"atk":0,"def":31,"spa":31,"spd":31,"spe":31},"level":100},{"name":"Metagross","species":"Metagross","item":"Leftovers","ability":"Clear Body","moves":["Agility","Meteor Mash","Earthquake","Explosion"],"nature":"Adamant","evs":{"hp":168,"atk":252,"def":0,"spa":0,"spd":0,"spe":88},"gender":"N","level":100,"ivs":{"hp":31,"atk":31,"def":31,"spa":31,"spd":31,"spe":31}},{"name":"Swampert","species":"Swampert","item":"Leftovers","ability":"Torrent","moves":["Surf","Ice Beam","Protect","Toxic"],"nature":"Bold","evs":{"hp":252,"atk":0,"def":160,"spa":0,"spd":96,"spe":0},"gender":"M","ivs":{"hp":31,"atk":0,"def":31,"spa":31,"spd":31,"spe":31},"level":100}],"score":[0,3],"inputLog":[">version 372d05e49c92a79eecdf6c8dddb208bd1765c00f",">start {\"formatid\":\"gen3ou\",\"seed\":\"sodium,286f60a9d490319e49486e1a013a7300\"}",">player p1 {\"name\":\"foultestchallenge1\",\"avatar\":\"1\",\"team\":\"Skarmory||Leftovers|KeenEye|Spikes,Protect,Roar,Toxic|Careful|252,,8,,248,|F|,0,,,,|||]Blissey||Leftovers|NaturalCure|SoftBoiled,IceBeam,Toxic,FireBlast|Modest|,,252,252,,4|F|,0,,,,|S||]Tyranitar||Leftovers|SandStream|FocusPunch,RockSlide,HiddenPowerBug,Earthquake|Adamant|248,196,12,,52,|F|,30,30,,30,|||,Bug,,,,]Swampert||Leftovers|Torrent|Earthquake,IceBeam,HydroPump,Protect|Relaxed|240,,136,40,48,44|F||||]Gengar||Leftovers|Levitate|WillOWisp,Thunderbolt,IcePunch,Explosion|Timid|168,,,,164,176|F||||]Starmie||Leftovers|NaturalCure|HydroPump,IceBeam,Thunderbolt,RapidSpin|Timid|4,,,252,,252|N|,0,,,,|||\",\"rating\":0}",">player p2 {\"name\":\"foultestacceptor1\",\"avatar\":\"1\",\"team\":\"Salamence||ChoiceBand|Intimidate|Earthquake,HiddenPowerFlying,BrickBreak,RockSlide|Adamant|120,252,,,,136|F|30,30,30,30,30,|||,Flying,,,,]Magneton||Magnet|MagnetPull|Thunderbolt,Toxic,HiddenPowerFire,Protect|Modest|4,,,252,,252|N|,2,,30,,30|||,Fire,,,,]Tyranitar||Leftovers|SandStream|Crunch,Pursuit,HiddenPowerGrass,FireBlast|Modest|240,,,188,48,32|F|,2,,30,,|||,Grass,,,,]Blissey||Leftovers|NaturalCure|SeismicToss,Wish,Protect,Toxic||4,,252,,252,|F|,0,,,,|||]Metagross||Leftovers|ClearBody|Agility,MeteorMash,Earthquake,Explosion|Adamant|168,252,,,,88|N||||]Swampert||Leftovers|Torrent|Surf,IceBeam,Protect,Toxic|Bold|252,,160,,96,|M|,0,,,,|||\",\"rating\":0}",">p1 move spikes",">p2 switch 2",">p1 move protect",">p2 move thunderbolt",">p1 move protect",">p2 move thunderbolt",">p1 switch 4",">p1 move earthquake",">p2 switch 2",">p1 move icebeam",">p2 switch 5",">p1 move earthquake",">p2 move meteormash",">p1 move earthquake",">p2 move explosion",">p1 switch 2",">p2 switch 5",">p1 move icebeam",">p2 switch 4",">p1 switch 3",">p2 move toxic",">p1 move focuspunch",">p2 move protect",">p1 move focuspunch",">p2 switch 4",">p1 move rockslide",">p2 move earthquake",">p1 switch 6",">p1 move icebeam",">p2 switch 4",">p1 move icebeam",">p2 move wish",">p1 move icebeam",">p2 move seismictoss",">p1 switch 5",">p2 move seismictoss",">p1 move willowisp",">p2 move wish",">p1 move willowisp",">p2 switch 3",">p1 switch 3",">p2 move pursuit",">p1 move icebeam",">p2 move crunch",">p1 move icebeam",">p2 move crunch",">p1 move softboiled",">p2 move crunch",">p1 move icebeam",">p2 move crunch",">p2 switch 4",">p1 switch 3",">p2 move hiddenpower",">p1 switch 5",">p1 move icebeam",">p2 switch 3",">p1 switch 3",">p2 move wish",">p1 move toxic",">p2 move toxic",">p1 switch 3",">p2 move seismictoss",">p1 move hydropump",">p2 move seismictoss",">p1 switch 3",">p1 move fireblast",">p2 move toxic",">p1 move icebeam",">p2 move protect",">p2 switch 3",">p1 move icebeam",">p2 move brickbreak"],"log":["|j|☆foultestchallenge1","|j|☆foultestacceptor1","|t:|1752925005","|gametype|singles","|player|p1|foultestchallenge1|1|","|player|p2|foultestacceptor1|1|","|teamsize|p1|6","|teamsize|p2|6","|gen|3","|tier|[Gen 3] OU","|rule|Sleep Clause Mod: Limit one foe put to sleep","|rule|Switch Priority Clause Mod: Faster Pokémon switch first","|rule|Species Clause: Limit one of each Pokémon","|rule|OHKO Clause: OHKO moves are banned","|rule|Evasion Items Clause: Evasion items are banned","|rule|Evasion Moves Clause: Evasion moves are banned","|rule|Endless Battle Clause: Forcing endless battles is banned","|rule|HP Percentage Mod: HP is shown in percentages","|rule|One Boost Passer Clause: Limit one Baton Passer that has a way to boost its stats","|rule|Freeze Clause Mod: Limit one foe frozen","|","|t:|1752925005","|start","|switch|p1a: Skarmory|Skarmory, F|334/334","|switch|p2a: Salamence|Salamence, F|360/360","|-ability|p2a: Salamence|Intimidate|boost","|-unboost|p1a: Skarmory|atk|1","|turn|1","|inactive|Battle timer is ON: inactive players will automatically lose when time's up. (requested by foultestchallenge1)","|inactive|foultestacceptor1 also wants the timer to be on.","|","|t:|1752925007","|switch|p2a: Magneton|Magneton|242/242","|move|p1a: Skarmory|Spikes|p2a: Magneton","|-sidestart|p2: foultestacceptor1|Spikes","|","|upkeep","|turn|2","||adding 10 for new turn","|","|t:|1752925008","|move|p1a: Skarmory|Protect|p1a: Skarmory","|-singleturn|p1a: Skarmory|Protect","|move|p2a: Magneton|Thunderbolt|p1a: Skarmory","|-activate|p1a: Skarmory|Protect","|","|upkeep","|turn|3","||adding 10 for new turn","|","|t:|1752925009","|move|p1a: Skarmory|Protect||[still]","|-fail|p1a: Skarmory","|move|p2a: Magneton|Thunderbolt|p1a: Skarmory","|-supereffective|p1a: Skarmory","|-damage|p1a: Skarmory|0 fnt","|faint|p1a: Skarmory","||adding 5 to each for mid turn request","|","|t:|1752925010","|switch|p1a: Swampert|Swampert, F|401/401","|","|upkeep","|turn|4","||adding 10 for new turn","|","|t:|1752925011","|switch|p2a: Salamence|Salamence, F|360/360","|-ability|p2a: Salamence|Intimidate|boost","|-unboost|p1a: Swampert|atk|1","|move|p1a: Swampert|Earthquake|p2a: Salamence","|-immune|p2a: Salamence","|","|upkeep","|turn|5","||adding 10 for new turn","|","|t:|1752925012","|switch|p2a: Metagross|Metagross|343/343","|-damage|p2a: Metagross|301/343|[from] Spikes","|move|p1a: Swampert|Ice Beam|p2a: Metagross","|-resisted|p2a: Metagross","|-damage|p2a: Metagross|263/343","|","|-heal|p2a: Metagross|284/343|[from] item: Leftovers","|upkeep","|turn|6","||adding 10 for new turn","|","|t:|1752925013","|move|p2a: Metagross|Meteor Mash|p1a: Swampert","|-resisted|p1a: Swampert","|-damage|p1a: Swampert|313/401","|move|p1a: Swampert|Earthquake|p2a: Metagross","|-supereffective|p2a: Metagross","|-damage|p2a: Metagross|140/343","|","|-heal|p2a: Metagross|161/343|[from] item: Leftovers","|-heal|p1a: Swampert|338/401|[from] item: Leftovers","|upkeep","|turn|7","||adding 10 for new turn","|","|t:|1752925014","|move|p2a: Metagross|Explosion|p1a: Swampert","|-damage|p1a: Swampert|0 fnt","|faint|p2a: Metagross","|faint|p1a: Swampert","||adding 5 to each for mid turn request","|","|t:|1752925015","|switch|p2a: Salamence|Salamence, F|360/360","|switch|p1a: Blissey|Blissey, F, shiny|651/651","|-ability|p2a: Salamence|Intimidate|boost","|-unboost|p1a: Blissey|atk|1","|","|upkeep","|turn|8","||adding 10 for new turn","|","|t:|1752925016","|switch|p2a: Blissey|Blissey, F|652/652","|-damage|p2a: Blissey|571/652|[from] Spikes","|move|p1a: Blissey|Ice Beam|p2a: Blissey","|-damage|p2a: Blissey|517/652","|","|-heal|p2a: Blissey|557/652|[from] item: Leftovers","|upkeep","|turn|9","||adding 10 for new turn","|","|t:|1752925017","|switch|p1a: Tyranitar|Tyranitar, F|403/403","|-weather|Sandstorm|[from] ability: Sand Stream|[of] p1a: Tyranitar","|move|p2a: Blissey|Toxic|p1a: Tyranitar","|-status|p1a: Tyranitar|tox","|","|-weather|Sandstorm|[upkeep]","|-damage|p2a: Blissey|517/652|[from] Sandstorm","|-damage|p1a: Tyranitar|378/403 tox|[from] psn","|-heal|p2a: Blissey|557/652|[from] item: Leftovers","|upkeep","|turn|10","||adding 10 for new turn","|","|t:|1752925018","|-singleturn|p1a: Tyranitar|move: Focus Punch","|move|p2a: Blissey|Protect|p2a: Blissey","|-singleturn|p2a: Blissey|Protect","|move|p1a: Tyranitar|Focus Punch|p2a: Blissey","|-activate|p2a: Blissey|Protect","|","|-weather|Sandstorm|[upkeep]","|-damage|p2a: Blissey|517/652|[from] Sandstorm","|-heal|p1a: Tyranitar|403/403 tox|[from] item: Leftovers","|-damage|p1a: Tyranitar|353/403 tox|[from] psn","|-heal|p2a: Blissey|557/652|[from] item: Leftovers","|upkeep","|turn|11","||adding 10 for new turn","|","|t:|1752925019","|-singleturn|p1a: Tyranitar|move: Focus Punch","|switch|p2a: Salamence|Salamence, F|360/360","|-ability|p2a: Salamence|Intimidate|boost","|-unboost|p1a: Tyranitar|atk|1","|move|p1a: Tyranitar|Focus Punch|p2a: Salamence","|-resisted|p2a: Salamence","|-damage|p2a: Salamence|289/360","|","|-weather|Sandstorm|[upkeep]","|-damage|p2a: Salamence|267/360|[from] Sandstorm","|-heal|p1a: Tyranitar|378/403 tox|[from] item: Leftovers","|-damage|p1a: Tyranitar|303/403 tox|[from] psn","|upkeep","|turn|12","||adding 10 for new turn","|","|t:|1752925020","|move|p2a: Salamence|Earthquake|p1a: Tyranitar","|-supereffective|p1a: Tyranitar","|-damage|p1a: Tyranitar|0 fnt","|faint|p1a: Tyranitar","||adding 5 to each for mid turn request","|","|t:|1752925021","|switch|p1a: Starmie|Starmie|262/262","|","|-weather|Sandstorm|[upkeep]","|-damage|p1a: Starmie|246/262|[from] Sandstorm","|-damage|p2a: Salamence|245/360|[from] Sandstorm","|-heal|p1a: Starmie|262/262|[from] item: Leftovers","|upkeep","|turn|13","||adding 10 for new turn","|","|t:|1752925022","|switch|p2a: Blissey|Blissey, F|557/652","|-damage|p2a: Blissey|476/652|[from] Spikes","|move|p1a: Starmie|Ice Beam|p2a: Blissey","|-damage|p2a: Blissey|418/652","|","|-weather|Sandstorm|[upkeep]","|-damage|p1a: Starmie|246/262|[from] Sandstorm","|-damage|p2a: Blissey|378/652|[from] Sandstorm","|-heal|p1a: Starmie|262/262|[from] item: Leftovers","|-heal|p2a: Blissey|418/652|[from] item: Leftovers","|upkeep","|turn|14","||adding 10 for new turn","|","|t:|1752925023","|move|p1a: Starmie|Ice Beam|p2a: Blissey","|-damage|p2a: Blissey|354/652","|move|p2a: Blissey|Wish|p2a: Blissey","|","|-weather|Sandstorm|[upkeep]","|-damage|p1a: Starmie|246/262|[from] Sandstorm","|-damage|p2a: Blissey|314/652|[from] Sandstorm","|-heal|p1a: Starmie|262/262|[from] item: Leftovers","|-heal|p2a: Blissey|354/652|[from] item: Leftovers","|upkeep","|turn|15","||adding 10 for new turn","|","|t:|1752925024","|move|p1a: Starmie|Ice Beam|p2a: Blissey","|-damage|p2a: Blissey|294/652","|move|p2a: Blissey|Seismic Toss|p1a: Starmie","|-damage|p1a: Starmie|162/262","|","|-heal|p2a: Blissey|620/652|[from] move: Wish|[wisher] Blissey","|-weather|Sandstorm|[upkeep]","|-damage|p1a: Starmie|146/262|[from] Sandstorm","|-damage|p2a: Blissey|580/652|[from] Sandstorm","|-heal|p1a: Starmie|162/262|[from] item: Leftovers","|-heal|p2a: Blissey|620/652|[from] item: Leftovers","|upkeep","|turn|16","||adding 10 for new turn","|","|t:|1752925025","|switch|p1a: Gengar|Gengar, F|303/303","|move|p2a: Blissey|Seismic Toss|p1a: Gengar","|-immune|p1a: Gengar","|","|-weather|Sandstorm|[upkeep]","|-damage|p1a: Gengar|285/303|[from] Sandstorm","|-damage|p2a: Blissey|580/652|[from] Sandstorm","|-heal|p1a: Gengar|303/303|[from] item: Leftovers","|-heal|p2a: Blissey|620/652|[from] item: Leftovers","|upkeep","|turn|17","||adding 10 for new turn","|","|t:|1752925026","|move|p1a: Gengar|Will-O-Wisp|p2a: Blissey|[miss]","|-miss|p1a: Gengar|p2a: Blissey","|move|p2a: Blissey|Wish|p2a: Blissey","|","|-weather|Sandstorm|[upkeep]","|-damage|p1a: Gengar|285/303|[from] Sandstorm","|-damage|p2a: Blissey|580/652|[from] Sandstorm","|-heal|p1a: Gengar|303/303|[from] item: Leftovers","|-heal|p2a: Blissey|620/652|[from] item: Leftovers","|upkeep","|turn|18","||adding 10 for new turn","|","|t:|1752925027","|switch|p2a: Tyranitar|Tyranitar, F|401/401","|-damage|p2a: Tyranitar|351/401|[from] Spikes","|move|p1a: Gengar|Will-O-Wisp|p2a: Tyranitar","|-status|p2a: Tyranitar|brn","|","|-heal|p2a: Tyranitar|401/401 brn|[from] move: Wish|[wisher] Blissey","|-weather|Sandstorm|[upkeep]","|-damage|p1a: Gengar|285/303|[from] Sandstorm","|-heal|p1a: Gengar|303/303|[from] item: Leftovers","|-damage|p2a: Tyranitar|351/401 brn|[from] brn","|upkeep","|turn|19","||adding 10 for new turn","|","|t:|1752925028","|-activate|p1a: Gengar|move: Pursuit","|move|p2a: Tyranitar|Pursuit|p1a: Gengar|[from]Pursuit","|-supereffective|p1a: Gengar","|-damage|p1a: Gengar|39/303","|switch|p1a: Blissey|Blissey, F, shiny|651/651","|","|-weather|Sandstorm|[upkeep]","|-damage|p1a: Blissey|611/651|[from] Sandstorm","|-heal|p2a: Tyranitar|376/401 brn|[from] item: Leftovers","|-damage|p2a: Tyranitar|326/401 brn|[from] brn","|-heal|p1a: Blissey|651/651|[from] item: Leftovers","|upkeep","|turn|20","||adding 10 for new turn","|","|t:|1752925029","|move|p2a: Tyranitar|Crunch|p1a: Blissey","|-damage|p1a: Blissey|560/651","|move|p1a: Blissey|Ice Beam|p2a: Tyranitar","|-damage|p2a: Tyranitar|246/401 brn","|","|-weather|Sandstorm|[upkeep]","|-damage|p1a: Blissey|520/651|[from] Sandstorm","|-heal|p2a: Tyranitar|271/401 brn|[from] item: Leftovers","|-damage|p2a: Tyranitar|221/401 brn|[from] brn","|-heal|p1a: Blissey|560/651|[from] item: Leftovers","|upkeep","|turn|21","||adding 10 for new turn","|","|t:|1752925030","|move|p2a: Tyranitar|Crunch|p1a: Blissey","|-damage|p1a: Blissey|472/651","|move|p1a: Blissey|Ice Beam|p2a: Tyranitar","|-damage|p2a: Tyranitar|141/401 brn","|","|-weather|Sandstorm|[upkeep]","|-damage|p1a: Blissey|432/651|[from] Sandstorm","|-heal|p2a: Tyranitar|166/401 brn|[from] item: Leftovers","|-damage|p2a: Tyranitar|116/401 brn|[from] brn","|-heal|p1a: Blissey|472/651|[from] item: Leftovers","|upkeep","|turn|22","||adding 10 for new turn","|","|t:|1752925031","|move|p2a: Tyranitar|Crunch|p1a: Blissey","|-damage|p1a: Blissey|386/651","|-unboost|p1a: Blissey|spd|1","|move|p1a: Blissey|Soft-Boiled|p1a: Blissey","|-heal|p1a: Blissey|651/651","|","|-weather|Sandstorm|[upkeep]","|-damage|p1a: Blissey|611/651|[from] Sandstorm","|-heal|p2a: Tyranitar|141/401 brn|[from] item: Leftovers","|-damage|p2a: Tyranitar|91/401 brn|[from] brn","|-heal|p1a: Blissey|651/651|[from] item: Leftovers","|upkeep","|turn|23","||adding 10 for new turn","|","|t:|1752925032","|move|p2a: Tyranitar|Crunch|p1a: Blissey","|-damage|p1a: Blissey|524/651","|move|p1a: Blissey|Ice Beam|p2a: Tyranitar","|-crit|p2a: Tyranitar","|-damage|p2a: Tyranitar|0 fnt","|faint|p2a: Tyranitar","||adding 5 to each for mid turn request","|","|t:|1752925033","|switch|p2a: Salamence|Salamence, F|245/360","|-ability|p2a: Salamence|Intimidate|boost","|-unboost|p1a: Blissey|atk|1","|","|-weather|Sandstorm|[upkeep]","|-damage|p2a: Salamence|223/360|[from] Sandstorm","|-damage|p1a: Blissey|484/651|[from] Sandstorm","|-heal|p1a: Blissey|524/651|[from] item: Leftovers","|upkeep","|turn|24","||adding 10 for new turn","|","|t:|1752925034","|switch|p1a: Gengar|Gengar, F|39/303","|move|p2a: Salamence|Hidden Power|p1a: Gengar","|-damage|p1a: Gengar|0 fnt","|faint|p1a: Gengar","||adding 5 to each for mid turn request","|","|t:|1752925035","|switch|p1a: Starmie|Starmie|162/262","|","|-weather|Sandstorm|[upkeep]","|-damage|p1a: Starmie|146/262|[from] Sandstorm","|-damage|p2a: Salamence|201/360|[from] Sandstorm","|-heal|p1a: Starmie|162/262|[from] item: Leftovers","|upkeep","|turn|25","||adding 10 for new turn","|","|t:|1752925036","|switch|p2a: Blissey|Blissey, F|620/652","|-damage|p2a: Blissey|539/652|[from] Spikes","|move|p1a: Starmie|Ice Beam|p2a: Blissey","|-crit|p2a: Blissey","|-damage|p2a: Blissey|413/652","|","|-weather|Sandstorm|[upkeep]","|-damage|p1a: Starmie|146/262|[from] Sandstorm","|-damage|p2a: Blissey|373/652|[from] Sandstorm","|-heal|p1a: Starmie|162/262|[from] item: Leftovers","|-heal|p2a: Blissey|413/652|[from] item: Leftovers","|upkeep","|turn|26","||adding 10 for new turn","|","|t:|1752925037","|switch|p1a: Blissey|Blissey, F, shiny|524/651","|move|p2a: Blissey|Wish|p2a: Blissey","|","|-weather|Sandstorm|[upkeep]","|-damage|p1a: Blissey|484/651|[from] Sandstorm","|-damage|p2a: Blissey|373/652|[from] Sandstorm","|-heal|p1a: Blissey|524/651|[from] item: Leftovers","|-heal|p2a: Blissey|413/652|[from] item: Leftovers","|upkeep","|turn|27","||adding 10 for new turn","|","|t:|1752925037","|move|p1a: Blissey|Toxic|p2a: Blissey","|-status|p2a: Blissey|tox","|move|p2a: Blissey|Toxic|p1a: Blissey","|-status|p1a: Blissey|tox","|","|-heal|p2a: Blissey|652/652 tox|[from] move: Wish|[wisher] Blissey","|-weather|Sandstorm|[upkeep]","|-damage|p1a: Blissey|484/651 tox|[from] Sandstorm","|-damage|p2a: Blissey|612/652 tox|[from] Sandstorm","|-heal|p1a: Blissey|524/651 tox|[from] item: Leftovers","|-damage|p1a: Blissey|484/651 tox|[from] psn","|-heal|p2a: Blissey|652/652 tox|[from] item: Leftovers","|-damage|p2a: Blissey|612/652 tox|[from] psn","|upkeep","|turn|28","||adding 10 for new turn","|","|t:|1752925038","|-curestatus|p1a: Blissey|tox|[from] ability: Natural Cure","|switch|p1a: Starmie|Starmie|162/262","|move|p2a: Blissey|Seismic Toss|p1a: Starmie","|-damage|p1a: Starmie|62/262","|","|-weather|Sandstorm|[upkeep]","|-damage|p1a: Starmie|46/262|[from] Sandstorm","|-damage|p2a: Blissey|572/652 tox|[from] Sandstorm","|-heal|p1a: Starmie|62/262|[from] item: Leftovers","|-heal|p2a: Blissey|612/652 tox|[from] item: Leftovers","|-damage|p2a: Blissey|532/652 tox|[from] psn","|upkeep","|turn|29","||adding 10 for new turn","|","|t:|1752925039","|move|p1a: Starmie|Hydro Pump|p2a: Blissey","|-damage|p2a: Blissey|421/652 tox","|move|p2a: Blissey|Seismic Toss|p1a: Starmie","|-damage|p1a: Starmie|0 fnt","|faint|p1a: Starmie","||adding 5 to each for mid turn request","|","|t:|1752925040","|switch|p1a: Blissey|Blissey, F, shiny|484/651","|","|-weather|Sandstorm|[upkeep]","|-damage|p1a: Blissey|444/651|[from] Sandstorm","|-damage|p2a: Blissey|381/652 tox|[from] Sandstorm","|-heal|p1a: Blissey|484/651|[from] item: Leftovers","|-heal|p2a: Blissey|421/652 tox|[from] item: Leftovers","|-damage|p2a: Blissey|301/652 tox|[from] psn","|upkeep","|turn|30","||adding 10 for new turn","|","|t:|1752925040","|move|p1a: Blissey|Fire Blast|p2a: Blissey","|-damage|p2a: Blissey|234/652 tox","|move|p2a: Blissey|Toxic|p1a: Blissey","|-status|p1a: Blissey|tox","|","|-weather|Sandstorm|[upkeep]","|-damage|p1a: Blissey|444/651 tox|[from] Sandstorm","|-damage|p2a: Blissey|194/652 tox|[from] Sandstorm","|-heal|p1a: Blissey|484/651 tox|[from] item: Leftovers","|-damage|p1a: Blissey|444/651 tox|[from] psn","|-heal|p2a: Blissey|234/652 tox|[from] item: Leftovers","|-damage|p2a: Blissey|74/652 tox|[from] psn","|upkeep","|turn|31","||adding 10 for new turn","|","|t:|1752925041","|move|p2a: Blissey|Protect|p2a: Blissey","|-singleturn|p2a: Blissey|Protect","|move|p1a: Blissey|Ice Beam|p2a: Blissey","|-activate|p2a: Blissey|Protect","|","|-weather|Sandstorm|[upkeep]","|-damage|p1a: Blissey|404/651 tox|[from] Sandstorm","|-damage|p2a: Blissey|34/652 tox|[from] Sandstorm","|-heal|p1a: Blissey|444/651 tox|[from] item: Leftovers","|-damage|p1a: Blissey|364/651 tox|[from] psn","|-heal|p2a: Blissey|74/652 tox|[from] item: Leftovers","|-damage|p2a: Blissey|0 fnt|[from] psn","|faint|p2a: Blissey","|upkeep","||adding 5 to each for mid turn request","|","|t:|1752925042","|switch|p2a: Salamence|Salamence, F|201/360","|-ability|p2a: Salamence|Intimidate|boost","|-unboost|p1a: Blissey|atk|1","|turn|32","||adding 10 for new turn","|","|t:|1752925043","|move|p2a: Salamence|Brick Break|p1a: Blissey","|-supereffective|p1a: Blissey","|-damage|p1a: Blissey|0 fnt","|faint|p1a: Blissey","|","|win|foultestacceptor1",""],"p1rating":null,"p2rating":null,"endType":"normal","ladderError":true,"timestamp":"Sat Jul 19 2025 04:37:23 GMT-0700 (アメリカ太平洋夏時間)","roomid":"battle-gen3ou-958","format":"gen3ou"}