{"winner":"foultestchallenge1","seed":"sodium,6daa0f6c5ba5cf830f9be16ae3057130","turns":44,"p1":"foultestchallenge1","p2":"foultestacceptor1","p1team":[{"name":"Skarmory","species":"Skarmory","item":"Leftovers","ability":"Keen Eye","moves":["Spikes","Protect","Roar","Toxic"],"nature":"Careful","evs":{"hp":252,"atk":0,"def":8,"spa":0,"spd":248,"spe":0},"gender":"F","ivs":{"hp":31,"atk":0,"def":31,"spa":31,"spd":31,"spe":31},"level":100},{"name":"Blissey","species":"Blissey","item":"Leftovers","ability":"Natural Cure","moves":["Soft-Boiled","Ice Beam","Toxic","Fire Blast"],"nature":"Modest","evs":{"hp":0,"atk":0,"def":252,"spa":252,"spd":0,"spe":4},"gender":"F","ivs":{"hp":31,"atk":0,"def":31,"spa":31,"spd":31,"spe":31},"shiny":true,"level":100},{"name":"Tyranitar","species":"Tyranitar","item":"Leftovers","ability":"Sand Stream","moves":["Focus Punch","Rock Slide","Hidden Power Bug","Earthquake"],"nature":"Adamant","evs":{"hp":248,"atk":196,"def":12,"spa":0,"spd":52,"spe":0},"gender":"F","ivs":{"hp":31,"atk":30,"def":30,"spa":31,"spd":30,"spe":31},"happiness":255,"hpType":"Bug","pokeball":"","gigantamax":false,"dynamaxLevel":10,"teraType":"","level":100},{"name":"Swampert","species":"Swampert","item":"Leftovers","ability":"Torrent","moves":["Earthquake","Ice Beam","Hydro Pump","Protect"],"nature":"Relaxed","evs":{"hp":240,"atk":0,"def":136,"spa":40,"spd":48,"spe":44},"gender":"F","level":100,"ivs":{"hp":31,"atk":31,"def":31,"spa":31,"spd":31,"spe":31}},{"name":"Gengar","species":"Gengar","item":"Leftovers","ability":"Levitate","moves":["Will-O-Wisp","Thunderbolt","Ice Punch","Explosion"],"nature":"Timid","evs":{"hp":168,"atk":0,"def":0,"spa":0,"spd":164,"spe":176},"gender":"F","level":100,"ivs":{"hp":31,"atk":31,"def":31,"spa":31,"spd":31,"spe":31}},{"name":"Starmie","species":"Starmie","item":"Leftovers","ability":"Natural Cure","moves":["Hydro Pump","Ice Beam","Thunderbolt","Rapid Spin"],"nature":"Timid","evs":{"hp":4,"atk":0,"def":0,"spa":252,"spd":0,"spe":252},"gender":"N","ivs":{"hp":31,"atk":0,"def":31,"spa":31,"spd":31,"spe":31},"level":100}],"p2team":[{"name":"Tyranitar","species":"Tyranitar","item":"Leftovers","ability":"Sand Stream","moves":["Rock Slide","Earthquake","Hidden Power Bug","Roar"],"nature":"Adamant","evs":{"hp":184,"atk":196,"def":120,"spa":0,"spd":0,"spe":8},"gender":"M","ivs":{"hp":31,"atk":30,"def":30,"spa":31,"spd":30,"spe":31},"happiness":255,"hpType":"Bug","pokeball":"","gigantamax":false,"dynamaxLevel":10,"teraType":"","level":100},{"name":"Milotic","species":"Milotic","item":"Leftovers","ability":"Marvel Scale","moves":["Surf","Toxic","Recover","Refresh"],"nature":"Bold","evs":{"hp":248,"atk":0,"def":212,"spa":0,"spd":0,"spe":48},"gender":"M","ivs":{"hp":31,"atk":0,"def":31,"spa":31,"spd":31,"spe":31},"level":100},{"name":"Blissey","species":"Blissey","item":"Leftovers","ability":"Natural Cure","moves":["Seismic Toss","Ice Beam","Thunder Wave","Soft-Boiled"],"nature":"Bold","evs":{"hp":40,"atk":0,"def":244,"spa":208,"spd":0,"spe":16},"gender":"F","level":100,"ivs":{"hp":31,"atk":31,"def":31,"spa":31,"spd":31,"spe":31}},{"name":"Skarmory","species":"Skarmory","item":"Leftovers","ability":"Keen Eye","moves":["Drill Peck","Toxic","Spikes","Roar"],"nature":"Careful","evs":{"hp":248,"atk":0,"def":0,"spa":0,"spd":236,"spe":24},"gender":"F","level":100,"ivs":{"hp":31,"atk":31,"def":31,"spa":31,"spd":31,"spe":31}},{"name":"Claydol","species":"Claydol","item":"Leftovers","ability":"Levitate","moves":["Earthquake","Psychic","Refresh","Rapid Spin"],"nature":"Adamant","evs":{"hp":224,"atk":228,"def":0,"spa":36,"spd":0,"spe":20},"gender":"N","level":100,"ivs":{"hp":31,"atk":31,"def":31,"spa":31,"spd":31,"spe":31}},{"name":"Dugtrio","species":"Dugtrio","item":"Choice Band","ability":"Arena Trap","moves":["Earthquake","Aerial Ace","Hidden Power Bug","Screech"],"nature":"Jolly","evs":{"hp":0,"atk":252,"def":0,"spa":0,"spd":4,"spe":252},"gender":"M","ivs":{"hp":31,"atk":30,"def":30,"spa":31,"spd":30,"spe":31},"happiness":255,"hpType":"Bug","pokeball":"","gigantamax":false,"dynamaxLevel":10,"teraType":"","level":100}],"score":[3,0],"inputLog":[">version 372d05e49c92a79eecdf6c8dddb208bd1765c00f",">start {\"formatid\":\"gen3ou\",\"seed\":\"sodium,6daa0f6c5ba5cf830f9be16ae3057130\"}",">player p1 {\"name\":\"foultestchallenge1\",\"avatar\":\"1\",\"team\":\"Skarmory||Leftovers|KeenEye|Spikes,Protect,Roar,Toxic|Careful|252,,8,,248,|F|,0,,,,|||]Blissey||Leftovers|NaturalCure|SoftBoiled,IceBeam,Toxic,FireBlast|Modest|,,252,252,,4|F|,0,,,,|S||]Tyranitar||Leftovers|SandStream|FocusPunch,RockSlide,HiddenPowerBug,Earthquake|Adamant|248,196,12,,52,|F|,30,30,,30,|||,Bug,,,,]Swampert||Leftovers|Torrent|Earthquake,IceBeam,HydroPump,Protect|Relaxed|240,,136,40,48,44|F||||]Gengar||Leftovers|Levitate|WillOWisp,Thunderbolt,IcePunch,Explosion|Timid|168,,,,164,176|F||||]Starmie||Leftovers|NaturalCure|HydroPump,IceBeam,Thunderbolt,RapidSpin|Timid|4,,,252,,252|N|,0,,,,|||\",\"rating\":0}",">player p2 {\"name\":\"foultestacceptor1\",\"avatar\":\"1\",\"team\":\"Tyranitar||Leftovers|SandStream|RockSlide,Earthquake,HiddenPowerBug,Roar|Adamant|184,196,120,,,8|M|,30,30,,30,|||,Bug,,,,]Milotic||Leftovers|MarvelScale|Surf,Toxic,Recover,Refresh|Bold|248,,212,,,48|M|,0,,,,|||]Blissey||Leftovers|NaturalCure|SeismicToss,IceBeam,ThunderWave,SoftBoiled|Bold|40,,244,208,,16|F||||]Skarmory||Leftovers|KeenEye|DrillPeck,Toxic,Spikes,Roar|Careful|248,,,,236,24|F||||]Claydol||Leftovers|Levitate|Earthquake,Psychic,Refresh,RapidSpin|Adamant|224,228,,36,,20|N||||]Dugtrio||ChoiceBand|ArenaTrap|Earthquake,AerialAce,HiddenPowerBug,Screech|Jolly|,252,,,4,252|M|,30,30,,30,|||,Bug,,,,\",\"rating\":0}",">p1 move spikes",">p2 move rockslide",">p1 move spikes",">p2 move rockslide",">p1 move spikes",">p2 move rockslide",">p1 switch 4",">p2 move rockslide",">p1 move earthquake",">p2 switch 4",">p1 move hydropump",">p2 move spikes",">p1 move hydropump",">p2 move spikes",">p1 move hydropump",">p2 move spikes",">p1 move hydropump",">p2 move toxic",">p1 move hydropump",">p2 switch 5",">p1 switch 5",">p2 move rapidspin",">p1 move icepunch",">p2 switch 3",">p1 move icepunch",">p2 move icebeam",">p1 move icepunch",">p2 move icebeam",">p1 move icepunch",">p2 move softboiled",">p1 move icepunch",">p2 move softboiled",">p1 move icepunch",">p2 move softboiled",">p1 move thunderbolt",">p2 move softboiled",">p1 move willowisp",">p2 move softboiled",">p1 move icepunch",">p2 move icebeam",">p1 move thunderbolt",">p2 move icebeam",">p1 switch 6",">p1 move rapidspin",">p2 move softboiled",">p1 switch 3",">p2 move seismictoss",">p1 move hiddenpower",">p2 move softboiled",">p1 move focuspunch",">p2 switch 5",">p1 move focuspunch",">p2 move spikes",">p2 switch 3",">p1 move hiddenpower",">p2 move rapidspin",">p2 switch 2",">p1 switch 2",">p2 move surf",">p1 move softboiled",">p2 move toxic",">p1 switch 3",">p2 move surf",">p1 move rapidspin",">p2 move surf",">p1 move thunderbolt",">p2 move surf",">p1 switch 4",">p1 move spikes",">p2 move surf",">p1 move spikes",">p2 move surf",">p1 move spikes",">p2 move surf",">p1 switch 2",">p1 move rockslide",">p2 move surf",">p1 move rockslide",">p2 move recover",">p1 move earthquake",">p2 move recover",">p2 switch 6",">p1 move earthquake",">p2 move earthquake",">p2 switch 4",">p1 switch 5",">p2 move earthquake",">p1 move hydropump",">p2 move rockslide",">p1 move earthquake",">p2 move rockslide",">p2 switch 5",">p1 move earthquake",">p2 move softboiled",">p1 move earthquake",">p2 move softboiled"],"log":["|j|☆foultestchallenge1","|j|☆foultestacceptor1","|t:|1752926497","|gametype|singles","|player|p1|foultestchallenge1|1|","|player|p2|foultestacceptor1|1|","|teamsize|p1|6","|teamsize|p2|6","|gen|3","|tier|[Gen 3] OU","|rule|Sleep Clause Mod: Limit one foe put to sleep","|rule|Switch Priority Clause Mod: Faster Pokémon switch first","|rule|Species Clause: Limit one of each Pokémon","|rule|OHKO Clause: OHKO moves are banned","|rule|Evasion Items Clause: Evasion items are banned","|rule|Evasion Moves Clause: Evasion moves are banned","|rule|Endless Battle Clause: Forcing endless battles is banned","|rule|HP Percentage Mod: HP is shown in percentages","|rule|One Boost Passer Clause: Limit one Baton Passer that has a way to boost its stats","|rule|Freeze Clause Mod: Limit one foe frozen","|","|t:|1752926497","|start","|switch|p1a: Skarmory|Skarmory, F|334/334","|switch|p2a: Tyranitar|Tyranitar, M|387/387","|-weather|Sandstorm|[from] ability: Sand Stream|[of] p2a: Tyranitar","|turn|1","|inactive|Battle timer is ON: inactive players will automatically lose when time's up. (requested by foultestacceptor1)","|inactive|foultestchallenge1 also wants the timer to be on.","|","|t:|1752926499","|move|p1a: Skarmory|Spikes|p2a: Tyranitar","|-sidestart|p2: foultestacceptor1|Spikes","|move|p2a: Tyranitar|Rock Slide|p1a: Skarmory","|-damage|p1a: Skarmory|220/334","|","|-weather|Sandstorm|[upkeep]","|-heal|p1a: Skarmory|240/334|[from] item: Leftovers","|upkeep","|turn|2","||adding 10 for new turn","|","|t:|1752926500","|move|p1a: Skarmory|Spikes|p2a: Tyranitar","|-sidestart|p2: foultestacceptor1|Spikes","|move|p2a: Tyranitar|Rock Slide|p1a: Skarmory","|-damage|p1a: Skarmory|126/334","|","|-weather|Sandstorm|[upkeep]","|-heal|p1a: Skarmory|146/334|[from] item: Leftovers","|upkeep","|turn|3","||adding 10 for new turn","|","|t:|1752926501","|move|p1a: Skarmory|Spikes|p2a: Tyranitar","|-sidestart|p2: foultestacceptor1|Spikes","|move|p2a: Tyranitar|Rock Slide|p1a: Skarmory","|-damage|p1a: Skarmory|38/334","|","|-weather|Sandstorm|[upkeep]","|-heal|p1a: Skarmory|58/334|[from] item: Leftovers","|upkeep","|turn|4","||adding 10 for new turn","|","|t:|1752926502","|switch|p1a: Swampert|Swampert, F|401/401","|move|p2a: Tyranitar|Rock Slide|p1a: Swampert|[miss]","|-miss|p2a: Tyranitar|p1a: Swampert","|","|-weather|Sandstorm|[upkeep]","|upkeep","|turn|5","||adding 10 for new turn","|","|t:|1752926503","|switch|p2a: Skarmory|Skarmory, F|333/333","|move|p1a: Swampert|Earthquake|p2a: Skarmory","|-immune|p2a: Skarmory","|","|-weather|Sandstorm|[upkeep]","|upkeep","|turn|6","||adding 10 for new turn","|","|t:|1752926504","|move|p2a: Skarmory|Spikes|p1a: Swampert","|-sidestart|p1: foultestchallenge1|Spikes","|move|p1a: Swampert|Hydro Pump|p2a: Skarmory","|-damage|p2a: Skarmory|219/333","|","|-weather|Sandstorm|[upkeep]","|-heal|p2a: Skarmory|239/333|[from] item: Leftovers","|upkeep","|turn|7","||adding 10 for new turn","|","|t:|1752926505","|move|p2a: Skarmory|Spikes|p1a: Swampert","|-sidestart|p1: foultestchallenge1|Spikes","|move|p1a: Swampert|Hydro Pump|p2a: Skarmory|[miss]","|-miss|p1a: Swampert|p2a: Skarmory","|","|-weather|Sandstorm|[upkeep]","|-heal|p2a: Skarmory|259/333|[from] item: Leftovers","|upkeep","|turn|8","||adding 10 for new turn","|","|t:|1752926506","|move|p2a: Skarmory|Spikes|p1a: Swampert","|-sidestart|p1: foultestchallenge1|Spikes","|move|p1a: Swampert|Hydro Pump|p2a: Skarmory","|-damage|p2a: Skarmory|138/333","|","|-weather|Sandstorm|[upkeep]","|-heal|p2a: Skarmory|158/333|[from] item: Leftovers","|upkeep","|turn|9","||adding 10 for new turn","|","|t:|1752926507","|move|p2a: Skarmory|Toxic|p1a: Swampert","|-status|p1a: Swampert|tox","|move|p1a: Swampert|Hydro Pump|p2a: Skarmory|[miss]","|-miss|p1a: Swampert|p2a: Skarmory","|","|-weather|Sandstorm|[upkeep]","|-heal|p2a: Skarmory|178/333|[from] item: Leftovers","|-damage|p1a: Swampert|376/401 tox|[from] psn","|upkeep","|turn|10","||adding 10 for new turn","|","|t:|1752926508","|switch|p2a: Claydol|Claydol|317/317","|move|p1a: Swampert|Hydro Pump|p2a: Claydol","|-supereffective|p2a: Claydol","|-damage|p2a: Claydol|92/317","|","|-weather|Sandstorm|[upkeep]","|-heal|p2a: Claydol|111/317|[from] item: Leftovers","|-heal|p1a: Swampert|401/401 tox|[from] item: Leftovers","|-damage|p1a: Swampert|351/401 tox|[from] psn","|upkeep","|turn|11","||adding 10 for new turn","|","|t:|1752926509","|switch|p1a: Gengar|Gengar, F|303/303","|move|p2a: Claydol|Rapid Spin|p1a: Gengar","|-immune|p1a: Gengar","|","|-weather|Sandstorm|[upkeep]","|-damage|p1a: Gengar|285/303|[from] Sandstorm","|-heal|p1a: Gengar|303/303|[from] item: Leftovers","|-heal|p2a: Claydol|130/317|[from] item: Leftovers","|upkeep","|turn|12","||adding 10 for new turn","|","|t:|1752926510","|switch|p2a: Blissey|Blissey, F|661/661","|-damage|p2a: Blissey|496/661|[from] Spikes","|move|p1a: Gengar|Ice Punch|p2a: Blissey","|-damage|p2a: Blissey|436/661","|-status|p2a: Blissey|frz","|","|-weather|Sandstorm|[upkeep]","|-damage|p1a: Gengar|285/303|[from] Sandstorm","|-damage|p2a: Blissey|395/661 frz|[from] Sandstorm","|-heal|p1a: Gengar|303/303|[from] item: Leftovers","|-heal|p2a: Blissey|436/661 frz|[from] item: Leftovers","|upkeep","|turn|13","||adding 10 for new turn","|","|t:|1752926512","|move|p1a: Gengar|Ice Punch|p2a: Blissey","|-damage|p2a: Blissey|381/661 frz","|cant|p2a: Blissey|frz","|","|-weather|Sandstorm|[upkeep]","|-damage|p1a: Gengar|285/303|[from] Sandstorm","|-damage|p2a: Blissey|340/661 frz|[from] Sandstorm","|-heal|p1a: Gengar|303/303|[from] item: Leftovers","|-heal|p2a: Blissey|381/661 frz|[from] item: Leftovers","|upkeep","|turn|14","||adding 10 for new turn","|","|t:|1752926513","|move|p1a: Gengar|Ice Punch|p2a: Blissey","|-damage|p2a: Blissey|321/661 frz","|cant|p2a: Blissey|frz","|","|-weather|Sandstorm|[upkeep]","|-damage|p1a: Gengar|285/303|[from] Sandstorm","|-damage|p2a: Blissey|280/661 frz|[from] Sandstorm","|-heal|p1a: Gengar|303/303|[from] item: Leftovers","|-heal|p2a: Blissey|321/661 frz|[from] item: Leftovers","|upkeep","|turn|15","||adding 10 for new turn","|","|t:|1752926514","|move|p1a: Gengar|Ice Punch|p2a: Blissey","|-damage|p2a: Blissey|267/661 frz","|cant|p2a: Blissey|frz","|","|-weather|Sandstorm|[upkeep]","|-damage|p1a: Gengar|285/303|[from] Sandstorm","|-damage|p2a: Blissey|226/661 frz|[from] Sandstorm","|-heal|p1a: Gengar|303/303|[from] item: Leftovers","|-heal|p2a: Blissey|267/661 frz|[from] item: Leftovers","|upkeep","|turn|16","||adding 10 for new turn","|","|t:|1752926515","|move|p1a: Gengar|Ice Punch|p2a: Blissey","|-damage|p2a: Blissey|214/661 frz","|cant|p2a: Blissey|frz","|","|-weather|Sandstorm|[upkeep]","|-damage|p1a: Gengar|285/303|[from] Sandstorm","|-damage|p2a: Blissey|173/661 frz|[from] Sandstorm","|-heal|p1a: Gengar|303/303|[from] item: Leftovers","|-heal|p2a: Blissey|214/661 frz|[from] item: Leftovers","|upkeep","|turn|17","||adding 10 for new turn","|","|t:|1752926516","|move|p1a: Gengar|Ice Punch|p2a: Blissey","|-damage|p2a: Blissey|153/661 frz","|cant|p2a: Blissey|frz","|","|-weather|Sandstorm|[upkeep]","|-damage|p1a: Gengar|285/303|[from] Sandstorm","|-damage|p2a: Blissey|112/661 frz|[from] Sandstorm","|-heal|p1a: Gengar|303/303|[from] item: Leftovers","|-heal|p2a: Blissey|153/661 frz|[from] item: Leftovers","|upkeep","|turn|18","||adding 10 for new turn","|","|t:|1752926517","|move|p1a: Gengar|Thunderbolt|p2a: Blissey","|-crit|p2a: Blissey","|-damage|p2a: Blissey|16/661 frz","|-curestatus|p2a: Blissey|frz|[msg]","|move|p2a: Blissey|Soft-Boiled|p2a: Blissey","|-heal|p2a: Blissey|346/661","|","|-weather|Sandstorm|[upkeep]","|-damage|p1a: Gengar|285/303|[from] Sandstorm","|-damage|p2a: Blissey|305/661|[from] Sandstorm","|-heal|p1a: Gengar|303/303|[from] item: Leftovers","|-heal|p2a: Blissey|346/661|[from] item: Leftovers","|upkeep","|turn|19","||adding 10 for new turn","|","|t:|1752926518","|move|p1a: Gengar|Will-O-Wisp|p2a: Blissey","|-status|p2a: Blissey|brn","|move|p2a: Blissey|Soft-Boiled|p2a: Blissey","|-heal|p2a: Blissey|661/661 brn","|","|-weather|Sandstorm|[upkeep]","|-damage|p1a: Gengar|285/303|[from] Sandstorm","|-damage|p2a: Blissey|620/661 brn|[from] Sandstorm","|-heal|p1a: Gengar|303/303|[from] item: Leftovers","|-heal|p2a: Blissey|661/661 brn|[from] item: Leftovers","|-damage|p2a: Blissey|579/661 brn|[from] brn","|upkeep","|turn|20","||adding 10 for new turn","|","|t:|1752926519","|move|p1a: Gengar|Ice Punch|p2a: Blissey","|-damage|p2a: Blissey|525/661 brn","|move|p2a: Blissey|Ice Beam|p1a: Gengar","|-crit|p1a: Gengar","|-damage|p1a: Gengar|140/303","|","|-weather|Sandstorm|[upkeep]","|-damage|p1a: Gengar|122/303|[from] Sandstorm","|-damage|p2a: Blissey|484/661 brn|[from] Sandstorm","|-heal|p1a: Gengar|140/303|[from] item: Leftovers","|-heal|p2a: Blissey|525/661 brn|[from] item: Leftovers","|-damage|p2a: Blissey|443/661 brn|[from] brn","|upkeep","|turn|21","||adding 10 for new turn","|","|t:|1752926520","|move|p1a: Gengar|Thunderbolt|p2a: Blissey","|-damage|p2a: Blissey|372/661 brn","|move|p2a: Blissey|Ice Beam|p1a: Gengar","|-crit|p1a: Gengar","|-damage|p1a: Gengar|0 fnt","|faint|p1a: Gengar","||adding 5 to each for mid turn request","|","|t:|1752926521","|switch|p1a: Starmie|Starmie|262/262","|-damage|p1a: Starmie|197/262|[from] Spikes","|","|-weather|Sandstorm|[upkeep]","|-damage|p1a: Starmie|181/262|[from] Sandstorm","|-damage|p2a: Blissey|331/661 brn|[from] Sandstorm","|-heal|p1a: Starmie|197/262|[from] item: Leftovers","|-heal|p2a: Blissey|372/661 brn|[from] item: Leftovers","|-damage|p2a: Blissey|290/661 brn|[from] brn","|upkeep","|turn|22","||adding 10 for new turn","|","|t:|1752926522","|move|p1a: Starmie|Rapid Spin|p2a: Blissey","|-damage|p2a: Blissey|270/661 brn","|-sideend|p1: foultestchallenge1|Spikes|[from] move: Rapid Spin|[of] p1a: Starmie","|move|p2a: Blissey|Soft-Boiled|p2a: Blissey","|-heal|p2a: Blissey|600/661 brn","|","|-weather|Sandstorm|[upkeep]","|-damage|p1a: Starmie|181/262|[from] Sandstorm","|-damage|p2a: Blissey|559/661 brn|[from] Sandstorm","|-heal|p1a: Starmie|197/262|[from] item: Leftovers","|-heal|p2a: Blissey|600/661 brn|[from] item: Leftovers","|-damage|p2a: Blissey|518/661 brn|[from] brn","|upkeep","|turn|23","||adding 10 for new turn","|","|t:|1752926523","|switch|p1a: Tyranitar|Tyranitar, F|403/403","|move|p2a: Blissey|Seismic Toss|p1a: Tyranitar","|-damage|p1a: Tyranitar|303/403","|","|-weather|Sandstorm|[upkeep]","|-damage|p2a: Blissey|477/661 brn|[from] Sandstorm","|-heal|p1a: Tyranitar|328/403|[from] item: Leftovers","|-heal|p2a: Blissey|518/661 brn|[from] item: Leftovers","|-damage|p2a: Blissey|436/661 brn|[from] brn","|upkeep","|turn|24","||adding 10 for new turn","|","|t:|1752926524","|move|p1a: Tyranitar|Hidden Power|p2a: Blissey","|-damage|p2a: Blissey|279/661 brn","|move|p2a: Blissey|Soft-Boiled|p2a: Blissey","|-heal|p2a: Blissey|609/661 brn","|","|-weather|Sandstorm|[upkeep]","|-damage|p2a: Blissey|568/661 brn|[from] Sandstorm","|-heal|p1a: Tyranitar|353/403|[from] item: Leftovers","|-heal|p2a: Blissey|609/661 brn|[from] item: Leftovers","|-damage|p2a: Blissey|527/661 brn|[from] brn","|upkeep","|turn|25","||adding 10 for new turn","|","|t:|1752926525","|-singleturn|p1a: Tyranitar|move: Focus Punch","|-curestatus|p2a: Blissey|brn|[from] ability: Natural Cure","|switch|p2a: Skarmory|Skarmory, F|178/333","|move|p1a: Tyranitar|Focus Punch|p2a: Skarmory","|-damage|p2a: Skarmory|41/333","|","|-weather|Sandstorm|[upkeep]","|-heal|p2a: Skarmory|61/333|[from] item: Leftovers","|-heal|p1a: Tyranitar|378/403|[from] item: Leftovers","|upkeep","|turn|26","||adding 10 for new turn","|","|t:|1752926526","|-singleturn|p1a: Tyranitar|move: Focus Punch","|move|p2a: Skarmory|Spikes|p1a: Tyranitar","|-sidestart|p1: foultestchallenge1|Spikes","|move|p1a: Tyranitar|Focus Punch|p2a: Skarmory","|-damage|p2a: Skarmory|0 fnt","|faint|p2a: Skarmory","||adding 5 to each for mid turn request","|","|t:|1752926527","|switch|p2a: Claydol|Claydol|130/317","|","|-weather|Sandstorm|[upkeep]","|-heal|p2a: Claydol|149/317|[from] item: Leftovers","|-heal|p1a: Tyranitar|403/403|[from] item: Leftovers","|upkeep","|turn|27","||adding 10 for new turn","|","|t:|1752926528","|move|p2a: Claydol|Rapid Spin|p1a: Tyranitar","|-resisted|p1a: Tyranitar","|-damage|p1a: Tyranitar|395/403","|-sideend|p2: foultestacceptor1|Spikes|[from] move: Rapid Spin|[of] p2a: Claydol","|move|p1a: Tyranitar|Hidden Power|p2a: Claydol","|-supereffective|p2a: Claydol","|-damage|p2a: Claydol|0 fnt","|faint|p2a: Claydol","||adding 5 to each for mid turn request","|","|t:|1752926529","|switch|p2a: Milotic|Milotic, M|393/393","|","|-weather|Sandstorm|[upkeep]","|-damage|p2a: Milotic|369/393|[from] Sandstorm","|-heal|p2a: Milotic|393/393|[from] item: Leftovers","|-heal|p1a: Tyranitar|403/403|[from] item: Leftovers","|upkeep","|turn|28","||adding 10 for new turn","|","|t:|1752926530","|switch|p1a: Blissey|Blissey, F, shiny|651/651","|-damage|p1a: Blissey|570/651|[from] Spikes","|move|p2a: Milotic|Surf|p1a: Blissey","|-crit|p1a: Blissey","|-damage|p1a: Blissey|406/651","|","|-weather|Sandstorm|[upkeep]","|-damage|p2a: Milotic|369/393|[from] Sandstorm","|-damage|p1a: Blissey|366/651|[from] Sandstorm","|-heal|p2a: Milotic|393/393|[from] item: Leftovers","|-heal|p1a: Blissey|406/651|[from] item: Leftovers","|upkeep","|turn|29","||adding 10 for new turn","|","|t:|1752926531","|move|p2a: Milotic|Toxic|p1a: Blissey","|-status|p1a: Blissey|tox","|move|p1a: Blissey|Soft-Boiled|p1a: Blissey","|-heal|p1a: Blissey|651/651 tox","|","|-weather|Sandstorm|[upkeep]","|-damage|p2a: Milotic|369/393|[from] Sandstorm","|-damage|p1a: Blissey|611/651 tox|[from] Sandstorm","|-heal|p2a: Milotic|393/393|[from] item: Leftovers","|-heal|p1a: Blissey|651/651 tox|[from] item: Leftovers","|-damage|p1a: Blissey|611/651 tox|[from] psn","|upkeep","|turn|30","||adding 10 for new turn","|","|t:|1752926532","|-curestatus|p1a: Blissey|tox|[from] ability: Natural Cure","|switch|p1a: Starmie|Starmie|197/262","|-damage|p1a: Starmie|165/262|[from] Spikes","|move|p2a: Milotic|Surf|p1a: Starmie","|-resisted|p1a: Starmie","|-damage|p1a: Starmie|97/262","|","|-weather|Sandstorm|[upkeep]","|-damage|p1a: Starmie|81/262|[from] Sandstorm","|-damage|p2a: Milotic|369/393|[from] Sandstorm","|-heal|p1a: Starmie|97/262|[from] item: Leftovers","|-heal|p2a: Milotic|393/393|[from] item: Leftovers","|upkeep","|turn|31","||adding 10 for new turn","|","|t:|1752926534","|move|p1a: Starmie|Rapid Spin|p2a: Milotic","|-damage|p2a: Milotic|384/393","|-sideend|p1: foultestchallenge1|Spikes|[from] move: Rapid Spin|[of] p1a: Starmie","|move|p2a: Milotic|Surf|p1a: Starmie","|-resisted|p1a: Starmie","|-damage|p1a: Starmie|37/262","|","|-weather|Sandstorm|[upkeep]","|-damage|p1a: Starmie|21/262|[from] Sandstorm","|-damage|p2a: Milotic|360/393|[from] Sandstorm","|-heal|p1a: Starmie|37/262|[from] item: Leftovers","|-heal|p2a: Milotic|384/393|[from] item: Leftovers","|upkeep","|turn|32","||adding 10 for new turn","|","|t:|1752926535","|move|p1a: Starmie|Thunderbolt|p2a: Milotic","|-supereffective|p2a: Milotic","|-damage|p2a: Milotic|216/393","|-status|p2a: Milotic|par","|move|p2a: Milotic|Surf|p1a: Starmie","|-resisted|p1a: Starmie","|-damage|p1a: Starmie|0 fnt","|faint|p1a: Starmie","||adding 5 to each for mid turn request","|","|t:|1752926535","|switch|p1a: Skarmory|Skarmory, F|58/334","|","|-weather|Sandstorm|[upkeep]","|-damage|p2a: Milotic|192/393 par|[from] Sandstorm","|-heal|p1a: Skarmory|78/334|[from] item: Leftovers","|-heal|p2a: Milotic|216/393 par|[from] item: Leftovers","|upkeep","|turn|33","||adding 10 for new turn","|","|t:|1752926536","|move|p1a: Skarmory|Spikes|p2a: Milotic","|-sidestart|p2: foultestacceptor1|Spikes","|cant|p2a: Milotic|par","|","|-weather|Sandstorm|[upkeep]","|-damage|p2a: Milotic|192/393 par|[from] Sandstorm","|-heal|p1a: Skarmory|98/334|[from] item: Leftovers","|-heal|p2a: Milotic|216/393 par|[from] item: Leftovers","|upkeep","|turn|34","||adding 10 for new turn","|","|t:|1752926537","|move|p1a: Skarmory|Spikes|p2a: Milotic","|-sidestart|p2: foultestacceptor1|Spikes","|move|p2a: Milotic|Surf|p1a: Skarmory","|-damage|p1a: Skarmory|1/334","|","|-weather|Sandstorm|[upkeep]","|-damage|p2a: Milotic|192/393 par|[from] Sandstorm","|-heal|p1a: Skarmory|21/334|[from] item: Leftovers","|-heal|p2a: Milotic|216/393 par|[from] item: Leftovers","|upkeep","|turn|35","||adding 10 for new turn","|","|t:|1752926538","|move|p1a: Skarmory|Spikes|p2a: Milotic","|-sidestart|p2: foultestacceptor1|Spikes","|move|p2a: Milotic|Surf|p1a: Skarmory","|-damage|p1a: Skarmory|0 fnt","|faint|p1a: Skarmory","||adding 5 to each for mid turn request","|","|t:|1752926539","|switch|p1a: Tyranitar|Tyranitar, F|403/403","|","|-weather|Sandstorm|[upkeep]","|-damage|p2a: Milotic|192/393 par|[from] Sandstorm","|-heal|p2a: Milotic|216/393 par|[from] item: Leftovers","|upkeep","|turn|36","||adding 10 for new turn","|","|t:|1752926540","|move|p1a: Tyranitar|Rock Slide|p2a: Milotic","|-damage|p2a: Milotic|136/393 par","|cant|p2a: Milotic|flinch","|","|-weather|Sandstorm|[upkeep]","|-damage|p2a: Milotic|112/393 par|[from] Sandstorm","|-heal|p2a: Milotic|136/393 par|[from] item: Leftovers","|upkeep","|turn|37","||adding 10 for new turn","|","|t:|1752926541","|move|p1a: Tyranitar|Rock Slide|p2a: Milotic","|-damage|p2a: Milotic|55/393 par","|cant|p2a: Milotic|par","|","|-weather|Sandstorm|[upkeep]","|-damage|p2a: Milotic|31/393 par|[from] Sandstorm","|-heal|p2a: Milotic|55/393 par|[from] item: Leftovers","|upkeep","|turn|38","||adding 10 for new turn","|","|t:|1752926542","|move|p1a: Tyranitar|Earthquake|p2a: Milotic","|-damage|p2a: Milotic|0 fnt","|faint|p2a: Milotic","||adding 5 to each for mid turn request","|","|t:|1752926543","|switch|p2a: Dugtrio|Dugtrio, M|211/211","|-damage|p2a: Dugtrio|159/211|[from] Spikes","|","|-weather|Sandstorm|[upkeep]","|upkeep","|turn|39","||adding 10 for new turn","|","|t:|1752926544","|move|p2a: Dugtrio|Earthquake|p1a: Tyranitar","|-supereffective|p1a: Tyranitar","|-damage|p1a: Tyranitar|58/403","|move|p1a: Tyranitar|Earthquake|p2a: Dugtrio","|-damage|p2a: Dugtrio|0 fnt","|faint|p2a: Dugtrio","||adding 5 to each for mid turn request","|","|t:|1752926544","|switch|p2a: Tyranitar|Tyranitar, M|387/387","|-damage|p2a: Tyranitar|291/387|[from] Spikes","|","|-weather|Sandstorm|[upkeep]","|-heal|p2a: Tyranitar|315/387|[from] item: Leftovers","|-heal|p1a: Tyranitar|83/403|[from] item: Leftovers","|upkeep","|turn|40","||adding 10 for new turn","|","|t:|1752926545","|switch|p1a: Swampert|Swampert, F|351/401 tox","|move|p2a: Tyranitar|Earthquake|p1a: Swampert","|-damage|p1a: Swampert|241/401 tox","|","|-weather|Sandstorm|[upkeep]","|-heal|p2a: Tyranitar|339/387|[from] item: Leftovers","|-heal|p1a: Swampert|266/401 tox|[from] item: Leftovers","|-damage|p1a: Swampert|241/401 tox|[from] psn","|upkeep","|turn|41","||adding 10 for new turn","|","|t:|1752926546","|move|p2a: Tyranitar|Rock Slide|p1a: Swampert","|-resisted|p1a: Swampert","|-damage|p1a: Swampert|177/401 tox","|move|p1a: Swampert|Hydro Pump|p2a: Tyranitar","|-supereffective|p2a: Tyranitar","|-damage|p2a: Tyranitar|77/387","|","|-weather|Sandstorm|[upkeep]","|-heal|p2a: Tyranitar|101/387|[from] item: Leftovers","|-heal|p1a: Swampert|202/401 tox|[from] item: Leftovers","|-damage|p1a: Swampert|152/401 tox|[from] psn","|upkeep","|turn|42","||adding 10 for new turn","|","|t:|1752926547","|move|p2a: Tyranitar|Rock Slide|p1a: Swampert|[miss]","|-miss|p2a: Tyranitar|p1a: Swampert","|move|p1a: Swampert|Earthquake|p2a: Tyranitar","|-supereffective|p2a: Tyranitar","|-damage|p2a: Tyranitar|0 fnt","|faint|p2a: Tyranitar","||adding 5 to each for mid turn request","|","|t:|1752926548","|switch|p2a: Blissey|Blissey, F|527/661","|-damage|p2a: Blissey|362/661|[from] Spikes","|","|-weather|Sandstorm|[upkeep]","|-damage|p2a: Blissey|321/661|[from] Sandstorm","|-heal|p1a: Swampert|177/401 tox|[from] item: Leftovers","|-heal|p2a: Blissey|362/661|[from] item: Leftovers","|-damage|p1a: Swampert|102/401 tox|[from] psn","|upkeep","|turn|43","||adding 10 for new turn","|","|t:|1752926549","|move|p1a: Swampert|Earthquake|p2a: Blissey","|-damage|p2a: Blissey|125/661","|move|p2a: Blissey|Soft-Boiled|p2a: Blissey","|-heal|p2a: Blissey|455/661","|","|-weather|Sandstorm|[upkeep]","|-damage|p2a: Blissey|414/661|[from] Sandstorm","|-heal|p2a: Blissey|455/661|[from] item: Leftovers","|-heal|p1a: Swampert|127/401 tox|[from] item: Leftovers","|-damage|p1a: Swampert|27/401 tox|[from] psn","|upkeep","|turn|44","||adding 10 for new turn","|","|t:|1752926550","|move|p1a: Swampert|Earthquake|p2a: Blissey","|-crit|p2a: Blissey","|-damage|p2a: Blissey|0 fnt","|faint|p2a: Blissey","|","|win|foultestchallenge1",""],"p1rating":null,"p2rating":null,"endType":"normal","ladderError":true,"timestamp":"Sat Jul 19 2025 05:02:30 GMT-0700 (アメリカ太平洋夏時間)","roomid":"battle-gen3ou-980","format":"gen3ou"}