{"winner":"foultestchallenge1","seed":"sodium,0cc3df9528883d862bec3d1937d2bc52","turns":184,"p1":"foultestchallenge1","p2":"foultestacceptor1","p1team":[{"name":"Dugtrio","species":"Dugtrio","item":"Choice Band","ability":"Arena Trap","moves":["Earthquake","Hidden Power Bug","Aerial Ace","Sunny Day"],"nature":"Adamant","evs":{"hp":96,"atk":168,"def":20,"spa":0,"spd":0,"spe":224},"gender":"M","ivs":{"hp":31,"atk":30,"def":30,"spa":31,"spd":30,"spe":31},"happiness":255,"hpType":"Bug","pokeball":"","gigantamax":false,"dynamaxLevel":10,"teraType":"","level":100},{"name":"Forretress","species":"Forretress","item":"Leftovers","ability":"Sturdy","moves":["Spikes","Zap Cannon","Explosion","Hidden Power Bug"],"nature":"Careful","evs":{"hp":252,"atk":0,"def":4,"spa":0,"spd":252,"spe":0},"gender":"F","ivs":{"hp":31,"atk":30,"def":30,"spa":31,"spd":30,"spe":31},"happiness":255,"hpType":"Bug","pokeball":"","gigantamax":false,"dynamaxLevel":10,"teraType":"","level":100},{"name":"Snorlax","species":"Snorlax","item":"Leftovers","ability":"Immunity","moves":["Return","Curse","Rest","Shadow Ball"],"nature":"Careful","evs":{"hp":144,"atk":96,"def":132,"spa":0,"spd":136,"spe":0},"gender":"F","level":100,"ivs":{"hp":31,"atk":31,"def":31,"spa":31,"spd":31,"spe":31}},{"name":"Suicune","species":"Suicune","item":"Leftovers","ability":"Pressure","moves":["Calm Mind","Rest","Ice Beam","Surf"],"nature":"Bold","evs":{"hp":240,"atk":0,"def":252,"spa":0,"spd":0,"spe":16},"gender":"N","ivs":{"hp":31,"atk":0,"def":31,"spa":31,"spd":31,"spe":31},"level":100},{"name":"Claydol","species":"Claydol","item":"Leftovers","ability":"Levitate","moves":["Earthquake","Psychic","Rapid Spin","Rest"],"nature":"Lonely","evs":{"hp":252,"atk":224,"def":0,"spa":24,"spd":0,"spe":8},"gender":"N","level":100,"ivs":{"hp":31,"atk":31,"def":31,"spa":31,"spd":31,"spe":31}},{"name":"Blissey","species":"Blissey","item":"Leftovers","ability":"Natural Cure","moves":["Soft-Boiled","Seismic Toss","Thunder Wave","Aromatherapy"],"nature":"Bold","evs":{"hp":252,"atk":0,"def":252,"spa":0,"spd":0,"spe":4},"gender":"F","ivs":{"hp":31,"atk":0,"def":31,"spa":31,"spd":31,"spe":31},"level":100}],"p2team":[{"name":"Skarmory","species":"Skarmory","item":"Leftovers","ability":"Keen Eye","moves":["Spikes","Protect","Roar","Toxic"],"nature":"Careful","evs":{"hp":252,"atk":0,"def":8,"spa":0,"spd":248,"spe":0},"gender":"F","ivs":{"hp":31,"atk":0,"def":31,"spa":31,"spd":31,"spe":31},"level":100},{"name":"Blissey","species":"Blissey","item":"Leftovers","ability":"Natural Cure","moves":["Soft-Boiled","Ice Beam","Toxic","Fire Blast"],"nature":"Modest","evs":{"hp":0,"atk":0,"def":252,"spa":252,"spd":0,"spe":4},"gender":"F","ivs":{"hp":31,"atk":0,"def":31,"spa":31,"spd":31,"spe":31},"shiny":true,"level":100},{"name":"Tyranitar","species":"Tyranitar","item":"Leftovers","ability":"Sand Stream","moves":["Focus Punch","Rock Slide","Hidden Power Bug","Earthquake"],"nature":"Adamant","evs":{"hp":248,"atk":196,"def":12,"spa":0,"spd":52,"spe":0},"gender":"F","ivs":{"hp":31,"atk":30,"def":30,"spa":31,"spd":30,"spe":31},"happiness":255,"hpType":"Bug","pokeball":"","gigantamax":false,"dynamaxLevel":10,"teraType":"","level":100},{"name":"Swampert","species":"Swampert","item":"Leftovers","ability":"Torrent","moves":["Earthquake","Ice Beam","Hydro Pump","Protect"],"nature":"Relaxed","evs":{"hp":240,"atk":0,"def":136,"spa":40,"spd":48,"spe":44},"gender":"F","level":100,"ivs":{"hp":31,"atk":31,"def":31,"spa":31,"spd":31,"spe":31}},{"name":"Gengar","species":"Gengar","item":"Leftovers","ability":"Levitate","moves":["Will-O-Wisp","Thunderbolt","Ice Punch","Explosion"],"nature":"Timid","evs":{"hp":168,"atk":0,"def":0,"spa":0,"spd":164,"spe":176},"gender":"F","level":100,"ivs":{"hp":31,"atk":31,"def":31,"spa":31,"spd":31,"spe":31}},{"name":"Starmie","species":"Starmie","item":"Leftovers","ability":"Natural Cure","moves":["Hydro Pump","Ice Beam","Thunderbolt","Rapid Spin"],"nature":"Timid","evs":{"hp":4,"atk":0,"def":0,"spa":252,"spd":0,"spe":252},"gender":"N","ivs":{"hp":31,"atk":0,"def":31,"spa":31,"spd":31,"spe":31},"level":100}],"score":[2,0],"inputLog":[">version 372d05e49c92a79eecdf6c8dddb208bd1765c00f",">start {\"formatid\":\"gen3ou\",\"seed\":\"sodium,0cc3df9528883d862bec3d1937d2bc52\"}",">player p1 {\"name\":\"foultestchallenge1\",\"avatar\":\"1\",\"team\":\"Dugtrio||ChoiceBand|ArenaTrap|Earthquake,HiddenPowerBug,AerialAce,SunnyDay|Adamant|96,168,20,,,224|M|,30,30,,30,|||,Bug,,,,]Forretress||Leftovers|Sturdy|Spikes,ZapCannon,Explosion,HiddenPowerBug|Careful|252,,4,,252,|F|,30,30,,30,|||,Bug,,,,]Snorlax||Leftovers|Immunity|Return,Curse,Rest,ShadowBall|Careful|144,96,132,,136,|F||||]Suicune||Leftovers|Pressure|CalmMind,Rest,IceBeam,Surf|Bold|240,,252,,,16|N|,0,,,,|||]Claydol||Leftovers|Levitate|Earthquake,Psychic,RapidSpin,Rest|Lonely|252,224,,24,,8|N||||]Blissey||Leftovers|NaturalCure|SoftBoiled,SeismicToss,ThunderWave,Aromatherapy|Bold|252,,252,,,4|F|,0,,,,|||\",\"rating\":0}",">player p2 {\"name\":\"foultestacceptor1\",\"avatar\":\"169\",\"team\":\"Skarmory||Leftovers|KeenEye|Spikes,Protect,Roar,Toxic|Careful|252,,8,,248,|F|,0,,,,|||]Blissey||Leftovers|NaturalCure|SoftBoiled,IceBeam,Toxic,FireBlast|Modest|,,252,252,,4|F|,0,,,,|S||]Tyranitar||Leftovers|SandStream|FocusPunch,RockSlide,HiddenPowerBug,Earthquake|Adamant|248,196,12,,52,|F|,30,30,,30,|||,Bug,,,,]Swampert||Leftovers|Torrent|Earthquake,IceBeam,HydroPump,Protect|Relaxed|240,,136,40,48,44|F||||]Gengar||Leftovers|Levitate|WillOWisp,Thunderbolt,IcePunch,Explosion|Timid|168,,,,164,176|F||||]Starmie||Leftovers|NaturalCure|HydroPump,IceBeam,Thunderbolt,RapidSpin|Timid|4,,,252,,252|N|,0,,,,|||\",\"rating\":0}",">p1 switch 2",">p2 move spikes",">p1 move spikes",">p2 switch 5",">p1 switch 4",">p2 move willowisp",">p1 move calmmind",">p2 move thunderbolt",">p1 move rest",">p2 move thunderbolt",">p1 move surf",">p2 switch 5",">p1 move icebeam",">p2 move roar",">p1 move rapidspin",">p2 move spikes",">p1 move rapidspin",">p2 move spikes",">p1 move rapidspin",">p2 move spikes",">p1 move rapidspin",">p2 move spikes",">p1 move rapidspin",">p2 move spikes",">p1 move rapidspin",">p2 move spikes",">p1 move rapidspin",">p2 move spikes",">p1 move rapidspin",">p2 move spikes",">p1 move rapidspin",">p2 move spikes",">p1 move rapidspin",">p2 move spikes",">p1 move rapidspin",">p2 move spikes",">p1 move rapidspin",">p2 move spikes",">p1 move rapidspin",">p2 move spikes",">p1 move rapidspin",">p2 move spikes",">p1 move rapidspin",">p2 move spikes",">p1 move rapidspin",">p2 move spikes",">p1 move rapidspin",">p2 move spikes",">p1 move rapidspin",">p2 move spikes",">p1 move rapidspin",">p2 move spikes",">p1 move rapidspin",">p2 move spikes",">p1 move rapidspin",">p2 move spikes",">p1 move rapidspin",">p2 move spikes",">p1 move rapidspin",">p2 move spikes",">p1 move rapidspin",">p2 move spikes",">p1 move rapidspin",">p2 move spikes",">p1 move rapidspin",">p2 move spikes",">p1 move rapidspin",">p2 move spikes",">p1 move rapidspin",">p2 move spikes",">p1 move rapidspin",">p2 move spikes",">p1 move rapidspin",">p2 move spikes",">p1 move rapidspin",">p2 move toxic",">p1 switch 5",">p2 move spikes",">p1 move surf",">p2 move toxic",">p1 move surf",">p2 switch 6",">p1 switch 6",">p2 move rapidspin",">p1 move aromatherapy",">p2 switch 3",">p1 move thunderwave",">p2 move focuspunch",">p1 switch 2",">p1 move earthquake",">p2 move earthquake",">p1 switch 4",">p1 move spikes",">p2 switch 5",">p1 switch 5",">p2 move willowisp",">p1 move psychic",">p2 move willowisp",">p1 move psychic",">p2 move willowisp",">p2 switch 3",">p1 move rapidspin",">p2 move rapidspin",">p1 move rest",">p2 move hydropump",">p1 switch 5",">p2 move hydropump",">p1 move hiddenpower",">p2 move hydropump",">p1 switch 3",">p1 move return",">p2 switch 6",">p1 move return",">p2 move protect",">p1 move curse",">p2 move protect",">p1 move return",">p2 move roar",">p1 move surf",">p2 move toxic",">p1 move rest",">p2 move roar",">p1 move return",">p2 move roar",">p1 switch 5",">p2 move roar",">p1 switch 5",">p2 move roar",">p1 switch 5",">p2 move roar",">p1 switch 5",">p2 move roar",">p1 switch 5",">p2 move roar",">p1 switch 5",">p2 move roar",">p1 switch 5",">p2 move roar",">p1 switch 5",">p2 move roar",">p1 switch 5",">p2 move roar",">p1 switch 5",">p2 move roar",">p1 switch 5",">p2 move roar",">p1 move surf",">p2 switch 6",">p1 switch 6",">p2 move thunderbolt",">p1 move return",">p2 switch 5",">p1 switch 6",">p2 move focuspunch",">p1 move calmmind",">p2 move focuspunch",">p1 move surf",">p2 move focuspunch",">p2 switch 5",">p1 switch 6",">p2 move thunderbolt",">p1 move return",">p2 switch 4",">p1 move return",">p2 move earthquake",">p1 move rest",">p2 move earthquake",">p1 switch 6",">p2 move earthquake",">p1 move rest",">p2 move earthquake",">p1 switch 6",">p2 switch 4",">p1 switch 6",">p2 switch 4",">p1 switch 6",">p2 switch 4",">p1 move curse",">p2 switch 4",">p1 switch 6",">p2 move earthquake",">p1 move calmmind",">p2 move earthquake",">p1 move surf",">p2 move earthquake",">p1 switch 6",">p1 move return",">p2 move earthquake",">p1 move curse",">p2 move earthquake",">p1 move rest",">p2 switch 6",">p1 move rest",">p2 move roar",">p1 switch 5",">p2 switch 6",">p1 move curse",">p2 move earthquake",">p1 move return",">p2 move earthquake",">p1 move rest",">p2 move icebeam",">p1 move shadowball",">p2 move hydropump",">p1 switch 5",">p2 move hydropump",">p1 switch 5",">p2 move hydropump",">p1 move return",">p2 move hydropump",">p1 move return",">p2 switch 4",">p2 switch 4",">p1 move rest",">p2 move icebeam",">p1 move shadowball",">p2 move hydropump",">p1 move curse",">p2 move hydropump",">p1 move curse",">p2 switch 6",">p1 move return",">p2 move roar",">p1 switch 5",">p2 switch 6",">p1 move curse",">p2 switch 6",">p1 move return",">p2 move roar",">p1 switch 5",">p2 switch 6",">p1 move curse",">p2 switch 6",">p1 move return",">p2 move roar",">p1 switch 5",">p2 switch 6",">p1 move curse",">p2 switch 6",">p1 move return",">p2 move roar",">p1 switch 5",">p2 switch 6",">p1 move curse",">p2 switch 6",">p1 move return",">p2 move roar",">p1 switch 5",">p2 switch 6",">p1 move curse",">p2 move icebeam",">p1 move curse",">p2 move icebeam",">p1 move return",">p2 move protect",">p1 move return",">p2 move protect",">p1 move return",">p2 move icebeam",">p1 move return",">p2 move hydropump",">p2 switch 2",">p1 move rest",">p2 move fireblast",">p1 move return",">p2 switch 6",">p1 move rest",">p2 move roar",">p1 switch 5",">p2 move protect",">p1 move curse",">p2 move roar",">p1 switch 5",">p2 switch 6",">p1 move return",">p2 switch 6",">p1 move curse",">p2 move roar",">p1 switch 5",">p2 switch 6",">p1 move return",">p2 switch 6",">p1 move return",">p2 move roar",">p1 switch 5",">p2 move roar",">p1 switch 5",">p2 move roar",">p1 switch 5",">p2 switch 6",">p1 move return",">p2 switch 6",">p1 move return",">p2 move protect",">p1 move return",">p2 move protect",">p1 move curse",">p2 move protect",">p1 move return",">p2 move roar",">p1 switch 5",">p2 move toxic",">p1 move return",">p2 move protect",">p1 move return",">p2 move protect",">p1 move curse",">p2 move toxic",">p1 move return",">p2 move protect",">p1 move return",">p2 move protect",">p1 move shadowball",">p2 move toxic",">p1 move return",">p2 move protect",">p1 move shadowball",">p2 move toxic",">p1 move return",">p2 move roar",">p1 switch 5",">p2 switch 6",">p1 move curse",">p2 switch 6",">p1 switch 5",">p2 move roar",">p1 move curse",">p2 move toxic",">p1 move shadowball",">p2 move protect",">p1 move shadowball",">p2 move toxic",">p1 move shadowball",">p2 move protect",">p1 move shadowball",">p2 move toxic",">p1 move shadowball",">p2 move protect",">p1 move shadowball",">p2 move toxic",">p1 move shadowball",">p2 move toxic",">p1 move curse",">p2 move toxic",">p1 move shadowball",">p2 move protect",">p1 move shadowball",">p2 switch 6",">p1 move shadowball",">p2 switch 6",">p1 move shadowball",">p2 switch 6",">p1 move shadowball",">p2 switch 6",">p1 move shadowball",">p2 move protect",">p1 move shadowball",">p2 switch 6",">p1 move shadowball",">p2 switch 6",">p1 move shadowball",">p2 switch 6",">p1 move shadowball",">p2 switch 6",">p1 move shadowball",">p2 switch 6",">p1 move shadowball",">p2 move icebeam",">p1 move shadowball",">p2 move icebeam",">p1 move shadowball",">p2 switch 6",">p2 switch 6",">p1 move return",">p2 move icebeam",">p1 move return",">p2 move icebeam"],"log":["|j|☆foultestchallenge1","|j|☆foultestacceptor1","|t:|1752972528","|gametype|singles","|player|p1|foultestchallenge1|1|","|player|p2|foultestacceptor1|169|","|teamsize|p1|6","|teamsize|p2|6","|gen|3","|tier|[Gen 3] OU","|rule|Sleep Clause Mod: Limit one foe put to sleep","|rule|Switch Priority Clause Mod: Faster Pokémon switch first","|rule|Species Clause: Limit one of each Pokémon","|rule|OHKO Clause: OHKO moves are banned","|rule|Evasion Items Clause: Evasion items are banned","|rule|Evasion Moves Clause: Evasion moves are banned","|rule|Endless Battle Clause: Forcing endless battles is banned","|rule|HP Percentage Mod: HP is shown in percentages","|rule|One Boost Passer Clause: Limit one Baton Passer that has a way to boost its stats","|rule|Freeze Clause Mod: Limit one foe frozen","|","|t:|1752972528","|start","|switch|p1a: Dugtrio|Dugtrio, M|235/235","|switch|p2a: Skarmory|Skarmory, F|334/334","|turn|1","|inactive|Battle timer is ON: inactive players will automatically lose when time's up. (requested by foultestchallenge1)","|inactive|foultestacceptor1 also wants the timer to be on.","|","|t:|1752972536","|switch|p1a: Forretress|Forretress, F|354/354","|move|p2a: Skarmory|Spikes|p1a: Forretress","|-sidestart|p1: foultestchallenge1|Spikes","|","|upkeep","|turn|2","||adding 10 for new turn","|","|t:|1752972544","|switch|p2a: Gengar|Gengar, F|303/303","|move|p1a: Forretress|Spikes|p2a: Gengar","|-sidestart|p2: foultestacceptor1|Spikes","|","|upkeep","|turn|3","||adding 10 for new turn","|","|t:|1752972552","|switch|p1a: Suicune|Suicune|401/401","|-damage|p1a: Suicune|351/401|[from] Spikes","|-ability|p1a: Suicune|Pressure|[silent]","|move|p2a: Gengar|Will-O-Wisp|p1a: Suicune","|-status|p1a: Suicune|brn","|","|-heal|p1a: Suicune|376/401 brn|[from] item: Leftovers","|-damage|p1a: Suicune|326/401 brn|[from] brn","|upkeep","|turn|4","||adding 10 for new turn","|","|t:|1752972560","|move|p2a: Gengar|Thunderbolt|p1a: Suicune","|-supereffective|p1a: Suicune","|-damage|p1a: Suicune|170/401 brn","|move|p1a: Suicune|Calm Mind|p1a: Suicune","|-boost|p1a: Suicune|spa|1","|-boost|p1a: Suicune|spd|1","|","|-heal|p1a: Suicune|195/401 brn|[from] item: Leftovers","|-damage|p1a: Suicune|145/401 brn|[from] brn","|upkeep","|turn|5","||adding 10 for new turn","|","|t:|1752972569","|move|p2a: Gengar|Thunderbolt|p1a: Suicune","|-supereffective|p1a: Suicune","|-damage|p1a: Suicune|31/401 brn","|move|p1a: Suicune|Rest|p1a: Suicune","|-status|p1a: Suicune|slp|[from] move: Rest","|-heal|p1a: Suicune|401/401 slp|[silent]","|","|upkeep","|turn|6","||adding 10 for new turn","|","|t:|1752972577","|switch|p2a: Skarmory|Skarmory, F|334/334","|cant|p1a: Suicune|slp","|","|upkeep","|turn|7","||adding 10 for new turn","|","|t:|1752972585","|cant|p1a: Suicune|slp","|move|p2a: Skarmory|Roar|p1a: Suicune","|drag|p1a: Claydol|Claydol|324/324","|","|upkeep","|turn|8","||adding 10 for new turn","|","|t:|1752972593","|move|p1a: Claydol|Rapid Spin|p2a: Skarmory","|-resisted|p2a: Skarmory","|-damage|p2a: Skarmory|328/334","|-sideend|p1: foultestchallenge1|Spikes|[from] move: Rapid Spin|[of] p1a: Claydol","|move|p2a: Skarmory|Spikes|p1a: Claydol","|-sidestart|p1: foultestchallenge1|Spikes","|","|-heal|p2a: Skarmory|334/334|[from] item: Leftovers","|upkeep","|turn|9","||adding 10 for new turn","|","|t:|1752972601","|move|p1a: Claydol|Rapid Spin|p2a: Skarmory","|-resisted|p2a: Skarmory","|-damage|p2a: Skarmory|328/334","|-sideend|p1: foultestchallenge1|Spikes|[from] move: Rapid Spin|[of] p1a: Claydol","|move|p2a: Skarmory|Spikes|p1a: Claydol","|-sidestart|p1: foultestchallenge1|Spikes","|","|-heal|p2a: Skarmory|334/334|[from] item: Leftovers","|upkeep","|turn|10","||adding 10 for new turn","|","|t:|1752972609","|move|p1a: Claydol|Rapid Spin|p2a: Skarmory","|-resisted|p2a: Skarmory","|-damage|p2a: Skarmory|328/334","|-sideend|p1: foultestchallenge1|Spikes|[from] move: Rapid Spin|[of] p1a: Claydol","|move|p2a: Skarmory|Spikes|p1a: Claydol","|-sidestart|p1: foultestchallenge1|Spikes","|","|-heal|p2a: Skarmory|334/334|[from] item: Leftovers","|upkeep","|turn|11","||adding 10 for new turn","|","|t:|1752972618","|move|p1a: Claydol|Rapid Spin|p2a: Skarmory","|-resisted|p2a: Skarmory","|-damage|p2a: Skarmory|328/334","|-sideend|p1: foultestchallenge1|Spikes|[from] move: Rapid Spin|[of] p1a: Claydol","|move|p2a: Skarmory|Spikes|p1a: Claydol","|-sidestart|p1: foultestchallenge1|Spikes","|","|-heal|p2a: Skarmory|334/334|[from] item: Leftovers","|upkeep","|turn|12","||adding 10 for new turn","|","|t:|1752972626","|move|p1a: Claydol|Rapid Spin|p2a: Skarmory","|-resisted|p2a: Skarmory","|-damage|p2a: Skarmory|328/334","|-sideend|p1: foultestchallenge1|Spikes|[from] move: Rapid Spin|[of] p1a: Claydol","|move|p2a: Skarmory|Spikes|p1a: Claydol","|-sidestart|p1: foultestchallenge1|Spikes","|","|-heal|p2a: Skarmory|334/334|[from] item: Leftovers","|upkeep","|turn|13","||adding 10 for new turn","|","|t:|1752972634","|move|p1a: Claydol|Rapid Spin|p2a: Skarmory","|-resisted|p2a: Skarmory","|-damage|p2a: Skarmory|328/334","|-sideend|p1: foultestchallenge1|Spikes|[from] move: Rapid Spin|[of] p1a: Claydol","|move|p2a: Skarmory|Spikes|p1a: Claydol","|-sidestart|p1: foultestchallenge1|Spikes","|","|-heal|p2a: Skarmory|334/334|[from] item: Leftovers","|upkeep","|turn|14","||adding 10 for new turn","|","|t:|1752972642","|move|p1a: Claydol|Rapid Spin|p2a: Skarmory","|-resisted|p2a: Skarmory","|-damage|p2a: Skarmory|328/334","|-sideend|p1: foultestchallenge1|Spikes|[from] move: Rapid Spin|[of] p1a: Claydol","|move|p2a: Skarmory|Spikes|p1a: Claydol","|-sidestart|p1: foultestchallenge1|Spikes","|","|-heal|p2a: Skarmory|334/334|[from] item: Leftovers","|upkeep","|turn|15","||adding 10 for new turn","|","|t:|1752972651","|move|p1a: Claydol|Rapid Spin|p2a: Skarmory","|-resisted|p2a: Skarmory","|-damage|p2a: Skarmory|328/334","|-sideend|p1: foultestchallenge1|Spikes|[from] move: Rapid Spin|[of] p1a: Claydol","|move|p2a: Skarmory|Spikes|p1a: Claydol","|-sidestart|p1: foultestchallenge1|Spikes","|","|-heal|p2a: Skarmory|334/334|[from] item: Leftovers","|upkeep","|turn|16","||adding 10 for new turn","|","|t:|1752972659","|move|p1a: Claydol|Rapid Spin|p2a: Skarmory","|-resisted|p2a: Skarmory","|-damage|p2a: Skarmory|328/334","|-sideend|p1: foultestchallenge1|Spikes|[from] move: Rapid Spin|[of] p1a: Claydol","|move|p2a: Skarmory|Spikes|p1a: Claydol","|-sidestart|p1: foultestchallenge1|Spikes","|","|-heal|p2a: Skarmory|334/334|[from] item: Leftovers","|upkeep","|turn|17","||adding 10 for new turn","|","|t:|1752972667","|move|p1a: Claydol|Rapid Spin|p2a: Skarmory","|-resisted|p2a: Skarmory","|-damage|p2a: Skarmory|328/334","|-sideend|p1: foultestchallenge1|Spikes|[from] move: Rapid Spin|[of] p1a: Claydol","|move|p2a: Skarmory|Spikes|p1a: Claydol","|-sidestart|p1: foultestchallenge1|Spikes","|","|-heal|p2a: Skarmory|334/334|[from] item: Leftovers","|upkeep","|turn|18","||adding 10 for new turn","|","|t:|1752972675","|move|p1a: Claydol|Rapid Spin|p2a: Skarmory","|-resisted|p2a: Skarmory","|-damage|p2a: Skarmory|328/334","|-sideend|p1: foultestchallenge1|Spikes|[from] move: Rapid Spin|[of] p1a: Claydol","|move|p2a: Skarmory|Spikes|p1a: Claydol","|-sidestart|p1: foultestchallenge1|Spikes","|","|-heal|p2a: Skarmory|334/334|[from] item: Leftovers","|upkeep","|turn|19","||adding 10 for new turn","|","|t:|1752972684","|move|p1a: Claydol|Rapid Spin|p2a: Skarmory","|-resisted|p2a: Skarmory","|-damage|p2a: Skarmory|328/334","|-sideend|p1: foultestchallenge1|Spikes|[from] move: Rapid Spin|[of] p1a: Claydol","|move|p2a: Skarmory|Spikes|p1a: Claydol","|-sidestart|p1: foultestchallenge1|Spikes","|","|-heal|p2a: Skarmory|334/334|[from] item: Leftovers","|upkeep","|turn|20","||adding 10 for new turn","|","|t:|1752972692","|move|p1a: Claydol|Rapid Spin|p2a: Skarmory","|-resisted|p2a: Skarmory","|-damage|p2a: Skarmory|328/334","|-sideend|p1: foultestchallenge1|Spikes|[from] move: Rapid Spin|[of] p1a: Claydol","|move|p2a: Skarmory|Spikes|p1a: Claydol","|-sidestart|p1: foultestchallenge1|Spikes","|","|-heal|p2a: Skarmory|334/334|[from] item: Leftovers","|upkeep","|turn|21","||adding 10 for new turn","|","|t:|1752972700","|move|p1a: Claydol|Rapid Spin|p2a: Skarmory","|-resisted|p2a: Skarmory","|-crit|p2a: Skarmory","|-damage|p2a: Skarmory|320/334","|-sideend|p1: foultestchallenge1|Spikes|[from] move: Rapid Spin|[of] p1a: Claydol","|move|p2a: Skarmory|Spikes|p1a: Claydol","|-sidestart|p1: foultestchallenge1|Spikes","|","|-heal|p2a: Skarmory|334/334|[from] item: Leftovers","|upkeep","|turn|22","||adding 10 for new turn","|","|t:|1752972708","|move|p1a: Claydol|Rapid Spin|p2a: Skarmory","|-resisted|p2a: Skarmory","|-damage|p2a: Skarmory|328/334","|-sideend|p1: foultestchallenge1|Spikes|[from] move: Rapid Spin|[of] p1a: Claydol","|move|p2a: Skarmory|Spikes|p1a: Claydol","|-sidestart|p1: foultestchallenge1|Spikes","|","|-heal|p2a: Skarmory|334/334|[from] item: Leftovers","|upkeep","|turn|23","||adding 10 for new turn","|","|t:|1752972716","|move|p1a: Claydol|Rapid Spin|p2a: Skarmory","|-resisted|p2a: Skarmory","|-damage|p2a: Skarmory|328/334","|-sideend|p1: foultestchallenge1|Spikes|[from] move: Rapid Spin|[of] p1a: Claydol","|move|p2a: Skarmory|Spikes|p1a: Claydol","|-sidestart|p1: foultestchallenge1|Spikes","|","|-heal|p2a: Skarmory|334/334|[from] item: Leftovers","|upkeep","|turn|24","||adding 10 for new turn","|","|t:|1752972725","|move|p1a: Claydol|Rapid Spin|p2a: Skarmory","|-resisted|p2a: Skarmory","|-damage|p2a: Skarmory|328/334","|-sideend|p1: foultestchallenge1|Spikes|[from] move: Rapid Spin|[of] p1a: Claydol","|move|p2a: Skarmory|Spikes|p1a: Claydol","|-sidestart|p1: foultestchallenge1|Spikes","|","|-heal|p2a: Skarmory|334/334|[from] item: Leftovers","|upkeep","|turn|25","||adding 10 for new turn","|","|t:|1752972733","|move|p1a: Claydol|Rapid Spin|p2a: Skarmory","|-resisted|p2a: Skarmory","|-damage|p2a: Skarmory|328/334","|-sideend|p1: foultestchallenge1|Spikes|[from] move: Rapid Spin|[of] p1a: Claydol","|move|p2a: Skarmory|Spikes|p1a: Claydol","|-sidestart|p1: foultestchallenge1|Spikes","|","|-heal|p2a: Skarmory|334/334|[from] item: Leftovers","|upkeep","|turn|26","||adding 10 for new turn","|","|t:|1752972741","|move|p1a: Claydol|Rapid Spin|p2a: Skarmory","|-resisted|p2a: Skarmory","|-damage|p2a: Skarmory|327/334","|-sideend|p1: foultestchallenge1|Spikes|[from] move: Rapid Spin|[of] p1a: Claydol","|move|p2a: Skarmory|Spikes|p1a: Claydol","|-sidestart|p1: foultestchallenge1|Spikes","|","|-heal|p2a: Skarmory|334/334|[from] item: Leftovers","|upkeep","|turn|27","||adding 10 for new turn","|","|t:|1752972750","|move|p1a: Claydol|Rapid Spin|p2a: Skarmory","|-resisted|p2a: Skarmory","|-damage|p2a: Skarmory|328/334","|-sideend|p1: foultestchallenge1|Spikes|[from] move: Rapid Spin|[of] p1a: Claydol","|move|p2a: Skarmory|Spikes|p1a: Claydol","|-sidestart|p1: foultestchallenge1|Spikes","|","|-heal|p2a: Skarmory|334/334|[from] item: Leftovers","|upkeep","|turn|28","||adding 10 for new turn","|","|t:|1752972758","|move|p1a: Claydol|Rapid Spin|p2a: Skarmory","|-resisted|p2a: Skarmory","|-damage|p2a: Skarmory|327/334","|-sideend|p1: foultestchallenge1|Spikes|[from] move: Rapid Spin|[of] p1a: Claydol","|move|p2a: Skarmory|Spikes|p1a: Claydol","|-sidestart|p1: foultestchallenge1|Spikes","|","|-heal|p2a: Skarmory|334/334|[from] item: Leftovers","|upkeep","|turn|29","||adding 10 for new turn","|","|t:|1752972766","|move|p1a: Claydol|Rapid Spin|p2a: Skarmory","|-resisted|p2a: Skarmory","|-damage|p2a: Skarmory|328/334","|-sideend|p1: foultestchallenge1|Spikes|[from] move: Rapid Spin|[of] p1a: Claydol","|move|p2a: Skarmory|Spikes|p1a: Claydol","|-sidestart|p1: foultestchallenge1|Spikes","|","|-heal|p2a: Skarmory|334/334|[from] item: Leftovers","|upkeep","|turn|30","||adding 10 for new turn","|","|t:|1752972774","|move|p1a: Claydol|Rapid Spin|p2a: Skarmory","|-resisted|p2a: Skarmory","|-damage|p2a: Skarmory|328/334","|-sideend|p1: foultestchallenge1|Spikes|[from] move: Rapid Spin|[of] p1a: Claydol","|move|p2a: Skarmory|Spikes|p1a: Claydol","|-sidestart|p1: foultestchallenge1|Spikes","|","|-heal|p2a: Skarmory|334/334|[from] item: Leftovers","|upkeep","|turn|31","||adding 10 for new turn","|","|t:|1752972783","|move|p1a: Claydol|Rapid Spin|p2a: Skarmory","|-resisted|p2a: Skarmory","|-damage|p2a: Skarmory|328/334","|-sideend|p1: foultestchallenge1|Spikes|[from] move: Rapid Spin|[of] p1a: Claydol","|move|p2a: Skarmory|Spikes|p1a: Claydol","|-sidestart|p1: foultestchallenge1|Spikes","|","|-heal|p2a: Skarmory|334/334|[from] item: Leftovers","|upkeep","|turn|32","||adding 10 for new turn","|","|t:|1752972791","|move|p1a: Claydol|Rapid Spin|p2a: Skarmory","|-resisted|p2a: Skarmory","|-damage|p2a: Skarmory|328/334","|-sideend|p1: foultestchallenge1|Spikes|[from] move: Rapid Spin|[of] p1a: Claydol","|move|p2a: Skarmory|Spikes|p1a: Claydol","|-sidestart|p1: foultestchallenge1|Spikes","|","|-heal|p2a: Skarmory|334/334|[from] item: Leftovers","|upkeep","|turn|33","||adding 10 for new turn","|","|t:|1752972799","|move|p1a: Claydol|Rapid Spin|p2a: Skarmory","|-resisted|p2a: Skarmory","|-damage|p2a: Skarmory|328/334","|-sideend|p1: foultestchallenge1|Spikes|[from] move: Rapid Spin|[of] p1a: Claydol","|move|p2a: Skarmory|Spikes|p1a: Claydol","|-sidestart|p1: foultestchallenge1|Spikes","|","|-heal|p2a: Skarmory|334/334|[from] item: Leftovers","|upkeep","|turn|34","||adding 10 for new turn","|","|t:|1752972807","|move|p1a: Claydol|Rapid Spin|p2a: Skarmory","|-resisted|p2a: Skarmory","|-damage|p2a: Skarmory|328/334","|-sideend|p1: foultestchallenge1|Spikes|[from] move: Rapid Spin|[of] p1a: Claydol","|move|p2a: Skarmory|Spikes|p1a: Claydol","|-sidestart|p1: foultestchallenge1|Spikes","|","|-heal|p2a: Skarmory|334/334|[from] item: Leftovers","|upkeep","|turn|35","||adding 10 for new turn","|","|t:|1752972816","|move|p1a: Claydol|Rapid Spin|p2a: Skarmory","|-resisted|p2a: Skarmory","|-damage|p2a: Skarmory|328/334","|-sideend|p1: foultestchallenge1|Spikes|[from] move: Rapid Spin|[of] p1a: Claydol","|move|p2a: Skarmory|Spikes|p1a: Claydol","|-sidestart|p1: foultestchallenge1|Spikes","|","|-heal|p2a: Skarmory|334/334|[from] item: Leftovers","|upkeep","|turn|36","||adding 10 for new turn","|","|t:|1752972824","|move|p1a: Claydol|Rapid Spin|p2a: Skarmory","|-resisted|p2a: Skarmory","|-damage|p2a: Skarmory|329/334","|-sideend|p1: foultestchallenge1|Spikes|[from] move: Rapid Spin|[of] p1a: Claydol","|move|p2a: Skarmory|Spikes|p1a: Claydol","|-sidestart|p1: foultestchallenge1|Spikes","|","|-heal|p2a: Skarmory|334/334|[from] item: Leftovers","|upkeep","|turn|37","||adding 10 for new turn","|","|t:|1752972832","|move|p1a: Claydol|Rapid Spin|p2a: Skarmory","|-resisted|p2a: Skarmory","|-damage|p2a: Skarmory|328/334","|-sideend|p1: foultestchallenge1|Spikes|[from] move: Rapid Spin|[of] p1a: Claydol","|move|p2a: Skarmory|Spikes|p1a: Claydol","|-sidestart|p1: foultestchallenge1|Spikes","|","|-heal|p2a: Skarmory|334/334|[from] item: Leftovers","|upkeep","|turn|38","||adding 10 for new turn","|","|t:|1752972840","|move|p1a: Claydol|Rapid Spin|p2a: Skarmory","|-resisted|p2a: Skarmory","|-damage|p2a: Skarmory|328/334","|-sideend|p1: foultestchallenge1|Spikes|[from] move: Rapid Spin|[of] p1a: Claydol","|move|p2a: Skarmory|Toxic|p1a: Claydol","|-status|p1a: Claydol|tox","|","|-damage|p1a: Claydol|304/324 tox|[from] psn","|-heal|p2a: Skarmory|334/334|[from] item: Leftovers","|upkeep","|turn|39","||adding 10 for new turn","|","|t:|1752972848","|switch|p1a: Suicune|Suicune|401/401 slp","|-ability|p1a: Suicune|Pressure|[silent]","|move|p2a: Skarmory|Spikes|p1a: Suicune","|-sidestart|p1: foultestchallenge1|Spikes","|","|upkeep","|turn|40","||adding 10 for new turn","|","|t:|1752972856","|-curestatus|p1a: Suicune|slp|[msg]","|move|p1a: Suicune|Surf|p2a: Skarmory","|-damage|p2a: Skarmory|247/334","|move|p2a: Skarmory|Toxic|p1a: Suicune","|-status|p1a: Suicune|tox","|","|-damage|p1a: Suicune|376/401 tox|[from] psn","|-heal|p2a: Skarmory|267/334|[from] item: Leftovers","|upkeep","|turn|41","||adding 10 for new turn","|","|t:|1752972861","|switch|p2a: Starmie|Starmie|262/262","|-damage|p2a: Starmie|230/262|[from] Spikes","|move|p1a: Suicune|Surf|p2a: Starmie","|-resisted|p2a: Starmie","|-damage|p2a: Starmie|171/262","|","|-heal|p2a: Starmie|187/262|[from] item: Leftovers","|-heal|p1a: Suicune|401/401 tox|[from] item: Leftovers","|-damage|p1a: Suicune|351/401 tox|[from] psn","|upkeep","|turn|42","||adding 10 for new turn","|","|t:|1752972869","|switch|p1a: Blissey|Blissey, F|714/714","|-damage|p1a: Blissey|625/714|[from] Spikes","|move|p2a: Starmie|Rapid Spin|p1a: Blissey","|-crit|p1a: Blissey","|-damage|p1a: Blissey|590/714","|-sideend|p2: foultestacceptor1|Spikes|[from] move: Rapid Spin|[of] p2a: Starmie","|","|-heal|p2a: Starmie|203/262|[from] item: Leftovers","|-heal|p1a: Blissey|634/714|[from] item: Leftovers","|upkeep","|turn|43","||adding 10 for new turn","|","|t:|1752972878","|switch|p2a: Tyranitar|Tyranitar, F|403/403","|-weather|Sandstorm|[from] ability: Sand Stream|[of] p2a: Tyranitar","|move|p1a: Blissey|Aromatherapy|p1a: Blissey","|-cureteam|p1a: Blissey|[from] move: Aromatherapy","|","|-weather|Sandstorm|[upkeep]","|-damage|p1a: Blissey|590/714|[from] Sandstorm","|-heal|p1a: Blissey|634/714|[from] item: Leftovers","|upkeep","|turn|44","||adding 10 for new turn","|","|t:|1752972886","|-singleturn|p2a: Tyranitar|move: Focus Punch","|move|p1a: Blissey|Thunder Wave|p2a: Tyranitar","|-status|p2a: Tyranitar|par","|move|p2a: Tyranitar|Focus Punch|p1a: Blissey","|-supereffective|p1a: Blissey","|-damage|p1a: Blissey|0 fnt","|faint|p1a: Blissey","||adding 5 to each for mid turn request","|","|t:|1752972894","|switch|p1a: Dugtrio|Dugtrio, M|235/235","|-damage|p1a: Dugtrio|206/235|[from] Spikes","|","|-weather|Sandstorm|[upkeep]","|upkeep","|turn|45","||adding 10 for new turn","|","|t:|1752972902","|move|p1a: Dugtrio|Earthquake|p2a: Tyranitar","|-supereffective|p2a: Tyranitar","|-damage|p2a: Tyranitar|46/403 par","|move|p2a: Tyranitar|Earthquake|p1a: Dugtrio","|-damage|p1a: Dugtrio|0 fnt","|faint|p1a: Dugtrio","||adding 5 to each for mid turn request","|","|t:|1752972910","|switch|p1a: Forretress|Forretress, F|354/354","|-damage|p1a: Forretress|310/354|[from] Spikes","|","|-weather|Sandstorm|[upkeep]","|-heal|p1a: Forretress|332/354|[from] item: Leftovers","|-heal|p2a: Tyranitar|71/403 par|[from] item: Leftovers","|upkeep","|turn|46","||adding 10 for new turn","|","|t:|1752972917","|switch|p2a: Gengar|Gengar, F|303/303","|move|p1a: Forretress|Spikes|p2a: Gengar","|-sidestart|p2: foultestacceptor1|Spikes","|","|-weather|Sandstorm|[upkeep]","|-damage|p2a: Gengar|285/303|[from] Sandstorm","|-heal|p2a: Gengar|303/303|[from] item: Leftovers","|-heal|p1a: Forretress|354/354|[from] item: Leftovers","|upkeep","|turn|47","||adding 10 for new turn","|","|t:|1752972925","|switch|p1a: Claydol|Claydol|304/324","|move|p2a: Gengar|Will-O-Wisp|p1a: Claydol|[miss]","|-miss|p2a: Gengar|p1a: Claydol","|","|-weather|Sandstorm|[upkeep]","|-damage|p2a: Gengar|285/303|[from] Sandstorm","|-heal|p2a: Gengar|303/303|[from] item: Leftovers","|-heal|p1a: Claydol|324/324|[from] item: Leftovers","|upkeep","|turn|48","||adding 10 for new turn","|","|t:|1752972933","|move|p2a: Gengar|Will-O-Wisp|p1a: Claydol|[miss]","|-miss|p2a: Gengar|p1a: Claydol","|move|p1a: Claydol|Psychic|p2a: Gengar","|-supereffective|p2a: Gengar","|-damage|p2a: Gengar|140/303","|-unboost|p2a: Gengar|spd|1","|","|-weather|Sandstorm|[upkeep]","|-damage|p2a: Gengar|122/303|[from] Sandstorm","|-heal|p2a: Gengar|140/303|[from] item: Leftovers","|upkeep","|turn|49","||adding 10 for new turn","|","|t:|1752972941","|move|p2a: Gengar|Will-O-Wisp|p1a: Claydol","|-status|p1a: Claydol|brn","|move|p1a: Claydol|Psychic|p2a: Gengar","|-supereffective|p2a: Gengar","|-damage|p2a: Gengar|0 fnt","|faint|p2a: Gengar","||adding 5 to each for mid turn request","|","|t:|1752972949","|switch|p2a: Starmie|Starmie|203/262","|-damage|p2a: Starmie|171/262|[from] Spikes","|","|-weather|Sandstorm|[upkeep]","|-damage|p2a: Starmie|155/262|[from] Sandstorm","|-heal|p2a: Starmie|171/262|[from] item: Leftovers","|-damage|p1a: Claydol|284/324 brn|[from] brn","|upkeep","|turn|50","||adding 10 for new turn","|","|t:|1752972957","|move|p2a: Starmie|Rapid Spin|p1a: Claydol","|-damage|p1a: Claydol|274/324 brn","|-sideend|p2: foultestacceptor1|Spikes|[from] move: Rapid Spin|[of] p2a: Starmie","|move|p1a: Claydol|Rapid Spin|p2a: Starmie","|-damage|p2a: Starmie|160/262","|-sideend|p1: foultestchallenge1|Spikes|[from] move: Rapid Spin|[of] p1a: Claydol","|","|-weather|Sandstorm|[upkeep]","|-damage|p2a: Starmie|144/262|[from] Sandstorm","|-heal|p2a: Starmie|160/262|[from] item: Leftovers","|-heal|p1a: Claydol|294/324 brn|[from] item: Leftovers","|-damage|p1a: Claydol|254/324 brn|[from] brn","|upkeep","|turn|51","||adding 10 for new turn","|","|t:|1752972965","|move|p2a: Starmie|Hydro Pump|p1a: Claydol|[miss]","|-miss|p2a: Starmie|p1a: Claydol","|move|p1a: Claydol|Rest|p1a: Claydol","|-status|p1a: Claydol|slp|[from] move: Rest","|-heal|p1a: Claydol|324/324 slp|[silent]","|","|-weather|Sandstorm|[upkeep]","|-damage|p2a: Starmie|144/262|[from] Sandstorm","|-heal|p2a: Starmie|160/262|[from] item: Leftovers","|upkeep","|turn|52","||adding 10 for new turn","|","|t:|1752972973","|switch|p1a: Forretress|Forretress, F|354/354","|move|p2a: Starmie|Hydro Pump|p1a: Forretress","|-damage|p1a: Forretress|186/354","|","|-weather|Sandstorm|[upkeep]","|-damage|p2a: Starmie|144/262|[from] Sandstorm","|-heal|p2a: Starmie|160/262|[from] item: Leftovers","|-heal|p1a: Forretress|208/354|[from] item: Leftovers","|upkeep","|turn|53","||adding 10 for new turn","|","|t:|1752972981","|move|p2a: Starmie|Hydro Pump|p1a: Forretress","|-crit|p1a: Forretress","|-damage|p1a: Forretress|0 fnt","|faint|p1a: Forretress","||adding 5 to each for mid turn request","|","|t:|1752972989","|switch|p1a: Snorlax|Snorlax, F|497/497","|","|-weather|Sandstorm|[upkeep]","|-damage|p2a: Starmie|144/262|[from] Sandstorm","|-damage|p1a: Snorlax|466/497|[from] Sandstorm","|-heal|p2a: Starmie|160/262|[from] item: Leftovers","|-heal|p1a: Snorlax|497/497|[from] item: Leftovers","|upkeep","|turn|54","||adding 10 for new turn","|","|t:|1752972997","|switch|p2a: Skarmory|Skarmory, F|267/334","|move|p1a: Snorlax|Return|p2a: Skarmory","|-resisted|p2a: Skarmory","|-crit|p2a: Skarmory","|-damage|p2a: Skarmory|152/334","|","|-weather|Sandstorm|[upkeep]","|-damage|p1a: Snorlax|466/497|[from] Sandstorm","|-heal|p2a: Skarmory|172/334|[from] item: Leftovers","|-heal|p1a: Snorlax|497/497|[from] item: Leftovers","|upkeep","|turn|55","||adding 10 for new turn","|","|t:|1752973005","|move|p2a: Skarmory|Protect|p2a: Skarmory","|-singleturn|p2a: Skarmory|Protect","|move|p1a: Snorlax|Return|p2a: Skarmory","|-activate|p2a: Skarmory|Protect","|","|-weather|Sandstorm|[upkeep]","|-damage|p1a: Snorlax|466/497|[from] Sandstorm","|-heal|p2a: Skarmory|192/334|[from] item: Leftovers","|-heal|p1a: Snorlax|497/497|[from] item: Leftovers","|upkeep","|turn|56","||adding 10 for new turn","|","|t:|1752973012","|move|p2a: Skarmory|Protect||[still]","|-fail|p2a: Skarmory","|move|p1a: Snorlax|Curse|p1a: Snorlax","|-unboost|p1a: Snorlax|spe|1","|-boost|p1a: Snorlax|atk|1","|-boost|p1a: Snorlax|def|1","|","|-weather|Sandstorm|[upkeep]","|-damage|p1a: Snorlax|466/497|[from] Sandstorm","|-heal|p2a: Skarmory|212/334|[from] item: Leftovers","|-heal|p1a: Snorlax|497/497|[from] item: Leftovers","|upkeep","|turn|57","||adding 10 for new turn","|","|t:|1752973020","|move|p1a: Snorlax|Return|p2a: Skarmory","|-resisted|p2a: Skarmory","|-damage|p2a: Skarmory|131/334","|move|p2a: Skarmory|Roar|p1a: Snorlax","|drag|p1a: Suicune|Suicune|351/401","|-ability|p1a: Suicune|Pressure|[silent]","|","|-weather|Sandstorm|[upkeep]","|-damage|p1a: Suicune|326/401|[from] Sandstorm","|-heal|p1a: Suicune|351/401|[from] item: Leftovers","|-heal|p2a: Skarmory|151/334|[from] item: Leftovers","|upkeep","|turn|58","||adding 10 for new turn","|","|t:|1752973024","|move|p1a: Suicune|Surf|p2a: Skarmory","|-damage|p2a: Skarmory|65/334","|move|p2a: Skarmory|Toxic|p1a: Suicune","|-status|p1a: Suicune|tox","|","|-weather|Sandstorm|[upkeep]","|-damage|p1a: Suicune|326/401 tox|[from] Sandstorm","|-heal|p1a: Suicune|351/401 tox|[from] item: Leftovers","|-damage|p1a: Suicune|326/401 tox|[from] psn","|-heal|p2a: Skarmory|85/334|[from] item: Leftovers","|upkeep","|turn|59","||adding 10 for new turn","|","|t:|1752973029","|move|p1a: Suicune|Rest|p1a: Suicune","|-status|p1a: Suicune|slp|[from] move: Rest","|-heal|p1a: Suicune|401/401 slp|[silent]","|move|p2a: Skarmory|Roar|p1a: Suicune","|drag|p1a: Snorlax|Snorlax, F|497/497","|","|-weather|Sandstorm|[upkeep]","|-damage|p1a: Snorlax|466/497|[from] Sandstorm","|-heal|p2a: Skarmory|105/334|[from] item: Leftovers","|-heal|p1a: Snorlax|497/497|[from] item: Leftovers","|upkeep","|turn|60","||adding 10 for new turn","|","|t:|1752973036","|move|p1a: Snorlax|Return|p2a: Skarmory","|-resisted|p2a: Skarmory","|-damage|p2a: Skarmory|53/334","|move|p2a: Skarmory|Roar|p1a: Snorlax","|drag|p1a: Claydol|Claydol|324/324 slp","|","|-weather|Sandstorm|[upkeep]","|-heal|p2a: Skarmory|73/334|[from] item: Leftovers","|upkeep","|turn|61","||adding 10 for new turn","|","|t:|1752973040","|switch|p1a: Snorlax|Snorlax, F|497/497","|move|p2a: Skarmory|Roar|p1a: Snorlax","|drag|p1a: Claydol|Claydol|324/324 slp","|","|-weather|Sandstorm|[upkeep]","|-heal|p2a: Skarmory|93/334|[from] item: Leftovers","|upkeep","|turn|62","||adding 10 for new turn","|","|t:|1752973045","|switch|p1a: Snorlax|Snorlax, F|497/497","|move|p2a: Skarmory|Roar|p1a: Snorlax","|drag|p1a: Claydol|Claydol|324/324 slp","|","|-weather|Sandstorm|[upkeep]","|-heal|p2a: Skarmory|113/334|[from] item: Leftovers","|upkeep","|turn|63","||adding 10 for new turn","|","|t:|1752973049","|switch|p1a: Snorlax|Snorlax, F|497/497","|move|p2a: Skarmory|Roar|p1a: Snorlax","|drag|p1a: Claydol|Claydol|324/324 slp","|","|-weather|Sandstorm|[upkeep]","|-heal|p2a: Skarmory|133/334|[from] item: Leftovers","|upkeep","|turn|64","||adding 10 for new turn","|","|t:|1752973053","|switch|p1a: Snorlax|Snorlax, F|497/497","|move|p2a: Skarmory|Roar|p1a: Snorlax","|drag|p1a: Claydol|Claydol|324/324 slp","|","|-weather|Sandstorm|[upkeep]","|-heal|p2a: Skarmory|153/334|[from] item: Leftovers","|upkeep","|turn|65","||adding 10 for new turn","|","|t:|1752973057","|switch|p1a: Snorlax|Snorlax, F|497/497","|move|p2a: Skarmory|Roar|p1a: Snorlax","|drag|p1a: Claydol|Claydol|324/324 slp","|","|-weather|Sandstorm|[upkeep]","|-heal|p2a: Skarmory|173/334|[from] item: Leftovers","|upkeep","|turn|66","||adding 10 for new turn","|","|t:|1752973062","|switch|p1a: Snorlax|Snorlax, F|497/497","|move|p2a: Skarmory|Roar|p1a: Snorlax","|drag|p1a: Claydol|Claydol|324/324 slp","|","|-weather|Sandstorm|[upkeep]","|-heal|p2a: Skarmory|193/334|[from] item: Leftovers","|upkeep","|turn|67","||adding 10 for new turn","|","|t:|1752973066","|switch|p1a: Snorlax|Snorlax, F|497/497","|move|p2a: Skarmory|Roar|p1a: Snorlax","|drag|p1a: Claydol|Claydol|324/324 slp","|","|-weather|Sandstorm|[upkeep]","|-heal|p2a: Skarmory|213/334|[from] item: Leftovers","|upkeep","|turn|68","||adding 10 for new turn","|","|t:|1752973070","|switch|p1a: Snorlax|Snorlax, F|497/497","|move|p2a: Skarmory|Roar|p1a: Snorlax","|drag|p1a: Claydol|Claydol|324/324 slp","|","|-weather|Sandstorm|[upkeep]","|-heal|p2a: Skarmory|233/334|[from] item: Leftovers","|upkeep","|turn|69","||adding 10 for new turn","|","|t:|1752973075","|switch|p1a: Snorlax|Snorlax, F|497/497","|move|p2a: Skarmory|Roar|p1a: Snorlax","|drag|p1a: Claydol|Claydol|324/324 slp","|","|-weather|Sandstorm|[upkeep]","|-heal|p2a: Skarmory|253/334|[from] item: Leftovers","|upkeep","|turn|70","||adding 10 for new turn","|","|t:|1752973079","|switch|p1a: Snorlax|Snorlax, F|497/497","|move|p2a: Skarmory|Roar|p1a: Snorlax","|drag|p1a: Claydol|Claydol|324/324 slp","|","|-weather|Sandstorm|[upkeep]","|-heal|p2a: Skarmory|273/334|[from] item: Leftovers","|upkeep","|turn|71","||adding 10 for new turn","|","|t:|1752973083","|switch|p1a: Snorlax|Snorlax, F|497/497","|move|p2a: Skarmory|Roar|p1a: Snorlax","|drag|p1a: Suicune|Suicune|401/401 slp","|-ability|p1a: Suicune|Pressure|[silent]","|","|-weather|Sandstorm|[upkeep]","|-damage|p1a: Suicune|376/401 slp|[from] Sandstorm","|-heal|p1a: Suicune|401/401 slp|[from] item: Leftovers","|-heal|p2a: Skarmory|293/334|[from] item: Leftovers","|upkeep","|turn|72","||adding 10 for new turn","|","|t:|1752973087","|switch|p2a: Starmie|Starmie|160/262","|cant|p1a: Suicune|slp","|","|-weather|Sandstorm|[upkeep]","|-damage|p2a: Starmie|144/262|[from] Sandstorm","|-damage|p1a: Suicune|376/401 slp|[from] Sandstorm","|-heal|p2a: Starmie|160/262|[from] item: Leftovers","|-heal|p1a: Suicune|401/401 slp|[from] item: Leftovers","|upkeep","|turn|73","||adding 10 for new turn","|","|t:|1752973095","|switch|p1a: Snorlax|Snorlax, F|497/497","|move|p2a: Starmie|Thunderbolt|p1a: Snorlax","|-damage|p1a: Snorlax|422/497","|-status|p1a: Snorlax|par","|","|-weather|Sandstorm|[upkeep]","|-damage|p2a: Starmie|144/262|[from] Sandstorm","|-damage|p1a: Snorlax|391/497 par|[from] Sandstorm","|-heal|p2a: Starmie|160/262|[from] item: Leftovers","|-heal|p1a: Snorlax|422/497 par|[from] item: Leftovers","|upkeep","|turn|74","||adding 10 for new turn","|","|t:|1752973103","|switch|p2a: Tyranitar|Tyranitar, F|71/403 par","|cant|p1a: Snorlax|par","|","|-weather|Sandstorm|[upkeep]","|-damage|p1a: Snorlax|391/497 par|[from] Sandstorm","|-heal|p2a: Tyranitar|96/403 par|[from] item: Leftovers","|-heal|p1a: Snorlax|422/497 par|[from] item: Leftovers","|upkeep","|turn|75","||adding 10 for new turn","|","|t:|1752973111","|-singleturn|p2a: Tyranitar|move: Focus Punch","|switch|p1a: Suicune|Suicune|401/401 slp","|-ability|p1a: Suicune|Pressure|[silent]","|move|p2a: Tyranitar|Focus Punch|p1a: Suicune","|-damage|p1a: Suicune|285/401 slp","|","|-weather|Sandstorm|[upkeep]","|-damage|p1a: Suicune|260/401 slp|[from] Sandstorm","|-heal|p1a: Suicune|285/401 slp|[from] item: Leftovers","|-heal|p2a: Tyranitar|121/403 par|[from] item: Leftovers","|upkeep","|turn|76","||adding 10 for new turn","|","|t:|1752973119","|-singleturn|p2a: Tyranitar|move: Focus Punch","|cant|p1a: Suicune|slp","|move|p2a: Tyranitar|Focus Punch|p1a: Suicune","|-damage|p1a: Suicune|155/401 slp","|","|-weather|Sandstorm|[upkeep]","|-damage|p1a: Suicune|130/401 slp|[from] Sandstorm","|-heal|p1a: Suicune|155/401 slp|[from] item: Leftovers","|-heal|p2a: Tyranitar|146/403 par|[from] item: Leftovers","|upkeep","|turn|77","||adding 10 for new turn","|","|t:|1752973127","|-singleturn|p2a: Tyranitar|move: Focus Punch","|-curestatus|p1a: Suicune|slp|[msg]","|move|p1a: Suicune|Surf|p2a: Tyranitar","|-supereffective|p2a: Tyranitar","|-damage|p2a: Tyranitar|0 fnt","|faint|p2a: Tyranitar","||adding 5 to each for mid turn request","|","|t:|1752973131","|switch|p2a: Starmie|Starmie|160/262","|","|-weather|Sandstorm|[upkeep]","|-damage|p2a: Starmie|144/262|[from] Sandstorm","|-damage|p1a: Suicune|130/401|[from] Sandstorm","|-heal|p2a: Starmie|160/262|[from] item: Leftovers","|-heal|p1a: Suicune|155/401|[from] item: Leftovers","|upkeep","|turn|78","||adding 10 for new turn","|","|t:|1752973135","|switch|p1a: Snorlax|Snorlax, F|422/497 par","|move|p2a: Starmie|Thunderbolt|p1a: Snorlax","|-damage|p1a: Snorlax|357/497 par","|","|-weather|Sandstorm|[upkeep]","|-damage|p2a: Starmie|144/262|[from] Sandstorm","|-damage|p1a: Snorlax|326/497 par|[from] Sandstorm","|-heal|p2a: Starmie|160/262|[from] item: Leftovers","|-heal|p1a: Snorlax|357/497 par|[from] item: Leftovers","|upkeep","|turn|79","||adding 10 for new turn","|","|t:|1752973143","|switch|p2a: Swampert|Swampert, F|401/401","|move|p1a: Snorlax|Return|p2a: Swampert","|-damage|p2a: Swampert|279/401","|","|-weather|Sandstorm|[upkeep]","|-damage|p1a: Snorlax|326/497 par|[from] Sandstorm","|-heal|p2a: Swampert|304/401|[from] item: Leftovers","|-heal|p1a: Snorlax|357/497 par|[from] item: Leftovers","|upkeep","|turn|80","||adding 10 for new turn","|","|t:|1752973151","|move|p2a: Swampert|Earthquake|p1a: Snorlax","|-damage|p1a: Snorlax|194/497 par","|move|p1a: Snorlax|Return|p2a: Swampert","|-damage|p2a: Swampert|183/401","|","|-weather|Sandstorm|[upkeep]","|-damage|p1a: Snorlax|163/497 par|[from] Sandstorm","|-heal|p2a: Swampert|208/401|[from] item: Leftovers","|-heal|p1a: Snorlax|194/497 par|[from] item: Leftovers","|upkeep","|turn|81","||adding 10 for new turn","|","|t:|1752973160","|move|p2a: Swampert|Earthquake|p1a: Snorlax","|-damage|p1a: Snorlax|39/497 par","|move|p1a: Snorlax|Rest|p1a: Snorlax","|-status|p1a: Snorlax|slp|[from] move: Rest","|-heal|p1a: Snorlax|497/497 slp|[silent]","|","|-weather|Sandstorm|[upkeep]","|-damage|p1a: Snorlax|466/497 slp|[from] Sandstorm","|-heal|p2a: Swampert|233/401|[from] item: Leftovers","|-heal|p1a: Snorlax|497/497 slp|[from] item: Leftovers","|upkeep","|turn|82","||adding 10 for new turn","|","|t:|1752973167","|switch|p1a: Suicune|Suicune|155/401","|-ability|p1a: Suicune|Pressure|[silent]","|move|p2a: Swampert|Earthquake|p1a: Suicune","|-damage|p1a: Suicune|69/401","|","|-weather|Sandstorm|[upkeep]","|-damage|p1a: Suicune|44/401|[from] Sandstorm","|-heal|p1a: Suicune|69/401|[from] item: Leftovers","|-heal|p2a: Swampert|258/401|[from] item: Leftovers","|upkeep","|turn|83","||adding 10 for new turn","|","|t:|1752973175","|move|p1a: Suicune|Rest|p1a: Suicune","|-status|p1a: Suicune|slp|[from] move: Rest","|-heal|p1a: Suicune|401/401 slp|[silent]","|move|p2a: Swampert|Earthquake|p1a: Suicune","|-damage|p1a: Suicune|322/401 slp","|","|-weather|Sandstorm|[upkeep]","|-damage|p1a: Suicune|297/401 slp|[from] Sandstorm","|-heal|p1a: Suicune|322/401 slp|[from] item: Leftovers","|-heal|p2a: Swampert|283/401|[from] item: Leftovers","|upkeep","|turn|84","||adding 10 for new turn","|","|t:|1752973183","|switch|p1a: Snorlax|Snorlax, F|497/497 slp","|switch|p2a: Starmie|Starmie|160/262","|","|-weather|Sandstorm|[upkeep]","|-damage|p2a: Starmie|144/262|[from] Sandstorm","|-damage|p1a: Snorlax|466/497 slp|[from] Sandstorm","|-heal|p2a: Starmie|160/262|[from] item: Leftovers","|-heal|p1a: Snorlax|497/497 slp|[from] item: Leftovers","|upkeep","|turn|85","||adding 10 for new turn","|","|t:|1752973187","|switch|p2a: Swampert|Swampert, F|283/401","|switch|p1a: Suicune|Suicune|322/401 slp","|-ability|p1a: Suicune|Pressure|[silent]","|","|-weather|Sandstorm|[upkeep]","|-damage|p1a: Suicune|297/401 slp|[from] Sandstorm","|-heal|p1a: Suicune|322/401 slp|[from] item: Leftovers","|-heal|p2a: Swampert|308/401|[from] item: Leftovers","|upkeep","|turn|86","||adding 10 for new turn","|","|t:|1752973195","|switch|p1a: Snorlax|Snorlax, F|497/497 slp","|switch|p2a: Starmie|Starmie|160/262","|","|-weather|Sandstorm|[upkeep]","|-damage|p2a: Starmie|144/262|[from] Sandstorm","|-damage|p1a: Snorlax|466/497 slp|[from] Sandstorm","|-heal|p2a: Starmie|160/262|[from] item: Leftovers","|-heal|p1a: Snorlax|497/497 slp|[from] item: Leftovers","|upkeep","|turn|87","||adding 10 for new turn","|","|t:|1752973199","|switch|p2a: Swampert|Swampert, F|308/401","|cant|p1a: Snorlax|slp","|","|-weather|Sandstorm|[upkeep]","|-damage|p1a: Snorlax|466/497 slp|[from] Sandstorm","|-heal|p2a: Swampert|333/401|[from] item: Leftovers","|-heal|p1a: Snorlax|497/497 slp|[from] item: Leftovers","|upkeep","|turn|88","||adding 10 for new turn","|","|t:|1752973207","|switch|p1a: Suicune|Suicune|322/401 slp","|-ability|p1a: Suicune|Pressure|[silent]","|move|p2a: Swampert|Earthquake|p1a: Suicune","|-damage|p1a: Suicune|243/401 slp","|","|-weather|Sandstorm|[upkeep]","|-damage|p1a: Suicune|218/401 slp|[from] Sandstorm","|-heal|p1a: Suicune|243/401 slp|[from] item: Leftovers","|-heal|p2a: Swampert|358/401|[from] item: Leftovers","|upkeep","|turn|89","||adding 10 for new turn","|","|t:|1752973215","|cant|p1a: Suicune|slp","|move|p2a: Swampert|Earthquake|p1a: Suicune","|-crit|p1a: Suicune","|-damage|p1a: Suicune|75/401 slp","|","|-weather|Sandstorm|[upkeep]","|-damage|p1a: Suicune|50/401 slp|[from] Sandstorm","|-heal|p1a: Suicune|75/401 slp|[from] item: Leftovers","|-heal|p2a: Swampert|383/401|[from] item: Leftovers","|upkeep","|turn|90","||adding 10 for new turn","|","|t:|1752973223","|cant|p1a: Suicune|slp","|move|p2a: Swampert|Earthquake|p1a: Suicune","|-damage|p1a: Suicune|0 fnt","|faint|p1a: Suicune","||adding 5 to each for mid turn request","|","|t:|1752973230","|switch|p1a: Snorlax|Snorlax, F|497/497 slp","|","|-weather|Sandstorm|[upkeep]","|-damage|p1a: Snorlax|466/497 slp|[from] Sandstorm","|-heal|p2a: Swampert|401/401|[from] item: Leftovers","|-heal|p1a: Snorlax|497/497 slp|[from] item: Leftovers","|upkeep","|turn|91","||adding 10 for new turn","|","|t:|1752973238","|move|p2a: Swampert|Earthquake|p1a: Snorlax","|-damage|p1a: Snorlax|344/497 slp","|cant|p1a: Snorlax|slp","|","|-weather|Sandstorm|[upkeep]","|-damage|p1a: Snorlax|313/497 slp|[from] Sandstorm","|-heal|p1a: Snorlax|344/497 slp|[from] item: Leftovers","|upkeep","|turn|92","||adding 10 for new turn","|","|t:|1752973246","|move|p2a: Swampert|Earthquake|p1a: Snorlax","|-damage|p1a: Snorlax|194/497 slp","|-curestatus|p1a: Snorlax|slp|[msg]","|move|p1a: Snorlax|Curse|p1a: Snorlax","|-unboost|p1a: Snorlax|spe|1","|-boost|p1a: Snorlax|atk|1","|-boost|p1a: Snorlax|def|1","|","|-weather|Sandstorm|[upkeep]","|-damage|p1a: Snorlax|163/497|[from] Sandstorm","|-heal|p1a: Snorlax|194/497|[from] item: Leftovers","|upkeep","|turn|93","||adding 10 for new turn","|","|t:|1752973253","|switch|p2a: Skarmory|Skarmory, F|293/334","|move|p1a: Snorlax|Rest|p1a: Snorlax","|-status|p1a: Snorlax|slp|[from] move: Rest","|-heal|p1a: Snorlax|497/497 slp|[silent]","|","|-weather|Sandstorm|[upkeep]","|-damage|p1a: Snorlax|466/497 slp|[from] Sandstorm","|-heal|p2a: Skarmory|313/334|[from] item: Leftovers","|-heal|p1a: Snorlax|497/497 slp|[from] item: Leftovers","|upkeep","|turn|94","||adding 10 for new turn","|","|t:|1752973258","|cant|p1a: Snorlax|slp","|move|p2a: Skarmory|Roar|p1a: Snorlax","|drag|p1a: Claydol|Claydol|324/324 slp","|","|-weather|Sandstorm|[upkeep]","|-heal|p2a: Skarmory|333/334|[from] item: Leftovers","|upkeep","|turn|95","||adding 10 for new turn","|","|t:|1752973262","|switch|p1a: Snorlax|Snorlax, F|497/497 slp","|switch|p2a: Swampert|Swampert, F|401/401","|","|-weather|Sandstorm|[upkeep]","|-damage|p1a: Snorlax|466/497 slp|[from] Sandstorm","|-heal|p1a: Snorlax|497/497 slp|[from] item: Leftovers","|upkeep","|turn|96","||adding 10 for new turn","|","|t:|1752973270","|move|p2a: Swampert|Earthquake|p1a: Snorlax","|-damage|p1a: Snorlax|351/497 slp","|cant|p1a: Snorlax|slp","|","|-weather|Sandstorm|[upkeep]","|-damage|p1a: Snorlax|320/497 slp|[from] Sandstorm","|-heal|p1a: Snorlax|351/497 slp|[from] item: Leftovers","|upkeep","|turn|97","||adding 10 for new turn","|","|t:|1752973277","|move|p2a: Swampert|Earthquake|p1a: Snorlax","|-damage|p1a: Snorlax|191/497 slp","|-curestatus|p1a: Snorlax|slp|[msg]","|move|p1a: Snorlax|Return|p2a: Swampert","|-damage|p2a: Swampert|280/401","|","|-weather|Sandstorm|[upkeep]","|-damage|p1a: Snorlax|160/497|[from] Sandstorm","|-heal|p2a: Swampert|305/401|[from] item: Leftovers","|-heal|p1a: Snorlax|191/497|[from] item: Leftovers","|upkeep","|turn|98","||adding 10 for new turn","|","|t:|1752973285","|move|p2a: Swampert|Ice Beam|p1a: Snorlax","|-damage|p1a: Snorlax|136/497","|move|p1a: Snorlax|Rest|p1a: Snorlax","|-status|p1a: Snorlax|slp|[from] move: Rest","|-heal|p1a: Snorlax|497/497 slp|[silent]","|","|-weather|Sandstorm|[upkeep]","|-damage|p1a: Snorlax|466/497 slp|[from] Sandstorm","|-heal|p2a: Swampert|330/401|[from] item: Leftovers","|-heal|p1a: Snorlax|497/497 slp|[from] item: Leftovers","|upkeep","|turn|99","||adding 10 for new turn","|","|t:|1752973293","|move|p2a: Swampert|Hydro Pump|p1a: Snorlax","|-crit|p1a: Snorlax","|-damage|p1a: Snorlax|302/497 slp","|cant|p1a: Snorlax|slp","|","|-weather|Sandstorm|[upkeep]","|-damage|p1a: Snorlax|271/497 slp|[from] Sandstorm","|-heal|p2a: Swampert|355/401|[from] item: Leftovers","|-heal|p1a: Snorlax|302/497 slp|[from] item: Leftovers","|upkeep","|turn|100","||adding 10 for new turn","|","|t:|1752973297","|switch|p1a: Claydol|Claydol|324/324 slp","|move|p2a: Swampert|Hydro Pump|p1a: Claydol","|-supereffective|p1a: Claydol","|-damage|p1a: Claydol|96/324 slp","|","|-weather|Sandstorm|[upkeep]","|-heal|p1a: Claydol|116/324 slp|[from] item: Leftovers","|-heal|p2a: Swampert|380/401|[from] item: Leftovers","|upkeep","|turn|101","||adding 10 for new turn","|","|t:|1752973302","|switch|p1a: Snorlax|Snorlax, F|302/497 slp","|move|p2a: Swampert|Hydro Pump|p1a: Snorlax","|-damage|p1a: Snorlax|208/497 slp","|","|-weather|Sandstorm|[upkeep]","|-damage|p1a: Snorlax|177/497 slp|[from] Sandstorm","|-heal|p2a: Swampert|401/401|[from] item: Leftovers","|-heal|p1a: Snorlax|208/497 slp|[from] item: Leftovers","|upkeep","|turn|102","||adding 10 for new turn","|","|t:|1752973306","|move|p2a: Swampert|Hydro Pump|p1a: Snorlax|[miss]","|-miss|p2a: Swampert|p1a: Snorlax","|cant|p1a: Snorlax|slp","|","|-weather|Sandstorm|[upkeep]","|-damage|p1a: Snorlax|177/497 slp|[from] Sandstorm","|-heal|p1a: Snorlax|208/497 slp|[from] item: Leftovers","|upkeep","|turn|103","||adding 10 for new turn","|","|t:|1752973310","|switch|p2a: Starmie|Starmie|160/262","|-curestatus|p1a: Snorlax|slp|[msg]","|move|p1a: Snorlax|Return|p2a: Starmie","|-damage|p2a: Starmie|1/262","|","|-weather|Sandstorm|[upkeep]","|-damage|p2a: Starmie|0 fnt|[from] Sandstorm","|-damage|p1a: Snorlax|177/497|[from] Sandstorm","|faint|p2a: Starmie","|-heal|p1a: Snorlax|208/497|[from] item: Leftovers","|upkeep","||adding 5 to each for mid turn request","|","|t:|1752973314","|switch|p2a: Swampert|Swampert, F|401/401","|turn|104","||adding 10 for new turn","|","|t:|1752973319","|move|p2a: Swampert|Ice Beam|p1a: Snorlax","|-damage|p1a: Snorlax|159/497","|move|p1a: Snorlax|Rest|p1a: Snorlax","|-status|p1a: Snorlax|slp|[from] move: Rest","|-heal|p1a: Snorlax|497/497 slp|[silent]","|","|-weather|Sandstorm|[upkeep]","|-damage|p1a: Snorlax|466/497 slp|[from] Sandstorm","|-heal|p1a: Snorlax|497/497 slp|[from] item: Leftovers","|upkeep","|turn|105","||adding 10 for new turn","|","|t:|1752973323","|move|p2a: Swampert|Hydro Pump|p1a: Snorlax|[miss]","|-miss|p2a: Swampert|p1a: Snorlax","|cant|p1a: Snorlax|slp","|","|-weather|Sandstorm|[upkeep]","|-damage|p1a: Snorlax|466/497 slp|[from] Sandstorm","|-heal|p1a: Snorlax|497/497 slp|[from] item: Leftovers","|upkeep","|turn|106","||adding 10 for new turn","|","|t:|1752973327","|move|p2a: Swampert|Hydro Pump|p1a: Snorlax","|-damage|p1a: Snorlax|394/497 slp","|cant|p1a: Snorlax|slp","|","|-weather|Sandstorm|[upkeep]","|-damage|p1a: Snorlax|363/497 slp|[from] Sandstorm","|-heal|p1a: Snorlax|394/497 slp|[from] item: Leftovers","|upkeep","|turn|107","||adding 10 for new turn","|","|t:|1752973331","|switch|p2a: Skarmory|Skarmory, F|333/334","|-curestatus|p1a: Snorlax|slp|[msg]","|move|p1a: Snorlax|Curse|p1a: Snorlax","|-unboost|p1a: Snorlax|spe|1","|-boost|p1a: Snorlax|atk|1","|-boost|p1a: Snorlax|def|1","|","|-weather|Sandstorm|[upkeep]","|-damage|p1a: Snorlax|363/497|[from] Sandstorm","|-heal|p2a: Skarmory|334/334|[from] item: Leftovers","|-heal|p1a: Snorlax|394/497|[from] item: Leftovers","|upkeep","|turn|108","||adding 10 for new turn","|","|t:|1752973336","|move|p1a: Snorlax|Return|p2a: Skarmory","|-resisted|p2a: Skarmory","|-damage|p2a: Skarmory|259/334","|move|p2a: Skarmory|Roar|p1a: Snorlax","|drag|p1a: Claydol|Claydol|116/324 slp","|","|-weather|Sandstorm|[upkeep]","|-heal|p1a: Claydol|136/324 slp|[from] item: Leftovers","|-heal|p2a: Skarmory|279/334|[from] item: Leftovers","|upkeep","|turn|109","||adding 10 for new turn","|","|t:|1752973340","|switch|p1a: Snorlax|Snorlax, F|394/497","|switch|p2a: Swampert|Swampert, F|401/401","|","|-weather|Sandstorm|[upkeep]","|-damage|p1a: Snorlax|363/497|[from] Sandstorm","|-heal|p1a: Snorlax|394/497|[from] item: Leftovers","|upkeep","|turn|110","||adding 10 for new turn","|","|t:|1752973344","|switch|p2a: Skarmory|Skarmory, F|279/334","|move|p1a: Snorlax|Curse|p1a: Snorlax","|-unboost|p1a: Snorlax|spe|1","|-boost|p1a: Snorlax|atk|1","|-boost|p1a: Snorlax|def|1","|","|-weather|Sandstorm|[upkeep]","|-damage|p1a: Snorlax|363/497|[from] Sandstorm","|-heal|p2a: Skarmory|299/334|[from] item: Leftovers","|-heal|p1a: Snorlax|394/497|[from] item: Leftovers","|upkeep","|turn|111","||adding 10 for new turn","|","|t:|1752973348","|move|p1a: Snorlax|Return|p2a: Skarmory","|-resisted|p2a: Skarmory","|-damage|p2a: Skarmory|215/334","|move|p2a: Skarmory|Roar|p1a: Snorlax","|drag|p1a: Claydol|Claydol|136/324 slp","|","|-weather|Sandstorm|[upkeep]","|-heal|p1a: Claydol|156/324 slp|[from] item: Leftovers","|-heal|p2a: Skarmory|235/334|[from] item: Leftovers","|upkeep","|turn|112","||adding 10 for new turn","|","|t:|1752973353","|switch|p1a: Snorlax|Snorlax, F|394/497","|switch|p2a: Swampert|Swampert, F|401/401","|","|-weather|Sandstorm|[upkeep]","|-damage|p1a: Snorlax|363/497|[from] Sandstorm","|-heal|p1a: Snorlax|394/497|[from] item: Leftovers","|upkeep","|turn|113","||adding 10 for new turn","|","|t:|1752973357","|switch|p2a: Skarmory|Skarmory, F|235/334","|move|p1a: Snorlax|Curse|p1a: Snorlax","|-unboost|p1a: Snorlax|spe|1","|-boost|p1a: Snorlax|atk|1","|-boost|p1a: Snorlax|def|1","|","|-weather|Sandstorm|[upkeep]","|-damage|p1a: Snorlax|363/497|[from] Sandstorm","|-heal|p2a: Skarmory|255/334|[from] item: Leftovers","|-heal|p1a: Snorlax|394/497|[from] item: Leftovers","|upkeep","|turn|114","||adding 10 for new turn","|","|t:|1752973361","|move|p1a: Snorlax|Return|p2a: Skarmory","|-resisted|p2a: Skarmory","|-damage|p2a: Skarmory|180/334","|move|p2a: Skarmory|Roar|p1a: Snorlax","|drag|p1a: Claydol|Claydol|156/324 slp","|","|-weather|Sandstorm|[upkeep]","|-heal|p1a: Claydol|176/324 slp|[from] item: Leftovers","|-heal|p2a: Skarmory|200/334|[from] item: Leftovers","|upkeep","|turn|115","||adding 10 for new turn","|","|t:|1752973366","|switch|p1a: Snorlax|Snorlax, F|394/497","|switch|p2a: Swampert|Swampert, F|401/401","|","|-weather|Sandstorm|[upkeep]","|-damage|p1a: Snorlax|363/497|[from] Sandstorm","|-heal|p1a: Snorlax|394/497|[from] item: Leftovers","|upkeep","|turn|116","||adding 10 for new turn","|","|t:|1752973370","|switch|p2a: Skarmory|Skarmory, F|200/334","|move|p1a: Snorlax|Curse|p1a: Snorlax","|-unboost|p1a: Snorlax|spe|1","|-boost|p1a: Snorlax|atk|1","|-boost|p1a: Snorlax|def|1","|","|-weather|Sandstorm|[upkeep]","|-damage|p1a: Snorlax|363/497|[from] Sandstorm","|-heal|p2a: Skarmory|220/334|[from] item: Leftovers","|-heal|p1a: Snorlax|394/497|[from] item: Leftovers","|upkeep","|turn|117","||adding 10 for new turn","|","|t:|1752973374","|move|p1a: Snorlax|Return|p2a: Skarmory","|-resisted|p2a: Skarmory","|-crit|p2a: Skarmory","|-damage|p2a: Skarmory|50/334","|move|p2a: Skarmory|Roar|p1a: Snorlax","|drag|p1a: Claydol|Claydol|176/324 slp","|","|-weather|Sandstorm|[upkeep]","|-heal|p1a: Claydol|196/324 slp|[from] item: Leftovers","|-heal|p2a: Skarmory|70/334|[from] item: Leftovers","|upkeep","|turn|118","||adding 10 for new turn","|","|t:|1752973378","|switch|p1a: Snorlax|Snorlax, F|394/497","|switch|p2a: Swampert|Swampert, F|401/401","|","|-weather|Sandstorm|[upkeep]","|-damage|p1a: Snorlax|363/497|[from] Sandstorm","|-heal|p1a: Snorlax|394/497|[from] item: Leftovers","|upkeep","|turn|119","||adding 10 for new turn","|","|t:|1752973383","|switch|p2a: Skarmory|Skarmory, F|70/334","|move|p1a: Snorlax|Curse|p1a: Snorlax","|-unboost|p1a: Snorlax|spe|1","|-boost|p1a: Snorlax|atk|1","|-boost|p1a: Snorlax|def|1","|","|-weather|Sandstorm|[upkeep]","|-damage|p1a: Snorlax|363/497|[from] Sandstorm","|-heal|p2a: Skarmory|90/334|[from] item: Leftovers","|-heal|p1a: Snorlax|394/497|[from] item: Leftovers","|upkeep","|turn|120","||adding 10 for new turn","|","|t:|1752973387","|move|p1a: Snorlax|Return|p2a: Skarmory","|-resisted|p2a: Skarmory","|-damage|p2a: Skarmory|13/334","|move|p2a: Skarmory|Roar|p1a: Snorlax","|drag|p1a: Claydol|Claydol|196/324 slp","|","|-weather|Sandstorm|[upkeep]","|-heal|p1a: Claydol|216/324 slp|[from] item: Leftovers","|-heal|p2a: Skarmory|33/334|[from] item: Leftovers","|upkeep","|turn|121","||adding 10 for new turn","|","|t:|1752973391","|switch|p1a: Snorlax|Snorlax, F|394/497","|switch|p2a: Swampert|Swampert, F|401/401","|","|-weather|Sandstorm|[upkeep]","|-damage|p1a: Snorlax|363/497|[from] Sandstorm","|-heal|p1a: Snorlax|394/497|[from] item: Leftovers","|upkeep","|turn|122","||adding 10 for new turn","|","|t:|1752973396","|move|p2a: Swampert|Ice Beam|p1a: Snorlax","|-damage|p1a: Snorlax|346/497","|move|p1a: Snorlax|Curse|p1a: Snorlax","|-unboost|p1a: Snorlax|spe|1","|-boost|p1a: Snorlax|atk|1","|-boost|p1a: Snorlax|def|1","|","|-weather|Sandstorm|[upkeep]","|-damage|p1a: Snorlax|315/497|[from] Sandstorm","|-heal|p1a: Snorlax|346/497|[from] item: Leftovers","|upkeep","|turn|123","||adding 10 for new turn","|","|t:|1752973400","|move|p2a: Swampert|Ice Beam|p1a: Snorlax","|-damage|p1a: Snorlax|297/497","|move|p1a: Snorlax|Curse|p1a: Snorlax","|-unboost|p1a: Snorlax|spe|1","|-boost|p1a: Snorlax|atk|1","|-boost|p1a: Snorlax|def|1","|","|-weather|Sandstorm|[upkeep]","|-damage|p1a: Snorlax|266/497|[from] Sandstorm","|-heal|p1a: Snorlax|297/497|[from] item: Leftovers","|upkeep","|turn|124","||adding 10 for new turn","|","|t:|1752973405","|move|p2a: Swampert|Protect|p2a: Swampert","|-singleturn|p2a: Swampert|Protect","|move|p1a: Snorlax|Return|p2a: Swampert","|-activate|p2a: Swampert|Protect","|","|-weather|Sandstorm|[upkeep]","|-damage|p1a: Snorlax|266/497|[from] Sandstorm","|-heal|p1a: Snorlax|297/497|[from] item: Leftovers","|upkeep","|turn|125","||adding 10 for new turn","|","|t:|1752973409","|move|p2a: Swampert|Protect|p2a: Swampert","|-singleturn|p2a: Swampert|Protect","|move|p1a: Snorlax|Return|p2a: Swampert","|-activate|p2a: Swampert|Protect","|","|-weather|Sandstorm|[upkeep]","|-damage|p1a: Snorlax|266/497|[from] Sandstorm","|-heal|p1a: Snorlax|297/497|[from] item: Leftovers","|upkeep","|turn|126","||adding 10 for new turn","|","|t:|1752973413","|move|p2a: Swampert|Ice Beam|p1a: Snorlax","|-damage|p1a: Snorlax|242/497","|move|p1a: Snorlax|Return|p2a: Swampert","|-damage|p2a: Swampert|174/401","|","|-weather|Sandstorm|[upkeep]","|-damage|p1a: Snorlax|211/497|[from] Sandstorm","|-heal|p2a: Swampert|199/401|[from] item: Leftovers","|-heal|p1a: Snorlax|242/497|[from] item: Leftovers","|upkeep","|turn|127","||adding 10 for new turn","|","|t:|1752973418","|move|p2a: Swampert|Hydro Pump|p1a: Snorlax","|-damage|p1a: Snorlax|149/497","|move|p1a: Snorlax|Return|p2a: Swampert","|-damage|p2a: Swampert|0 fnt","|faint|p2a: Swampert","||adding 5 to each for mid turn request","|","|t:|1752973421","|switch|p2a: Blissey|Blissey, F, shiny|651/651","|","|-weather|Sandstorm|[upkeep]","|-damage|p2a: Blissey|611/651|[from] Sandstorm","|-damage|p1a: Snorlax|118/497|[from] Sandstorm","|-heal|p2a: Blissey|651/651|[from] item: Leftovers","|-heal|p1a: Snorlax|149/497|[from] item: Leftovers","|upkeep","|turn|128","||adding 10 for new turn","|","|t:|1752973429","|move|p2a: Blissey|Fire Blast|p1a: Snorlax","|-damage|p1a: Snorlax|69/497","|move|p1a: Snorlax|Rest|p1a: Snorlax","|-status|p1a: Snorlax|slp|[from] move: Rest","|-heal|p1a: Snorlax|497/497 slp|[silent]","|","|-weather|Sandstorm|[upkeep]","|-damage|p2a: Blissey|611/651|[from] Sandstorm","|-damage|p1a: Snorlax|466/497 slp|[from] Sandstorm","|-heal|p2a: Blissey|651/651|[from] item: Leftovers","|-heal|p1a: Snorlax|497/497 slp|[from] item: Leftovers","|upkeep","|turn|129","||adding 10 for new turn","|","|t:|1752973437","|switch|p2a: Skarmory|Skarmory, F|33/334","|cant|p1a: Snorlax|slp","|","|-weather|Sandstorm|[upkeep]","|-damage|p1a: Snorlax|466/497 slp|[from] Sandstorm","|-heal|p2a: Skarmory|53/334|[from] item: Leftovers","|-heal|p1a: Snorlax|497/497 slp|[from] item: Leftovers","|upkeep","|turn|130","||adding 10 for new turn","|","|t:|1752973441","|cant|p1a: Snorlax|slp","|move|p2a: Skarmory|Roar|p1a: Snorlax","|drag|p1a: Claydol|Claydol|216/324 slp","|","|-weather|Sandstorm|[upkeep]","|-heal|p1a: Claydol|236/324 slp|[from] item: Leftovers","|-heal|p2a: Skarmory|73/334|[from] item: Leftovers","|upkeep","|turn|131","||adding 10 for new turn","|","|t:|1752973445","|switch|p1a: Snorlax|Snorlax, F|497/497 slp","|move|p2a: Skarmory|Protect||[still]","|-fail|p2a: Skarmory","|","|-weather|Sandstorm|[upkeep]","|-damage|p1a: Snorlax|466/497 slp|[from] Sandstorm","|-heal|p2a: Skarmory|93/334|[from] item: Leftovers","|-heal|p1a: Snorlax|497/497 slp|[from] item: Leftovers","|upkeep","|turn|132","||adding 10 for new turn","|","|t:|1752973449","|-curestatus|p1a: Snorlax|slp|[msg]","|move|p1a: Snorlax|Curse|p1a: Snorlax","|-unboost|p1a: Snorlax|spe|1","|-boost|p1a: Snorlax|atk|1","|-boost|p1a: Snorlax|def|1","|move|p2a: Skarmory|Roar|p1a: Snorlax","|drag|p1a: Claydol|Claydol|236/324 slp","|","|-weather|Sandstorm|[upkeep]","|-heal|p1a: Claydol|256/324 slp|[from] item: Leftovers","|-heal|p2a: Skarmory|113/334|[from] item: Leftovers","|upkeep","|turn|133","||adding 10 for new turn","|","|t:|1752973454","|switch|p1a: Snorlax|Snorlax, F|497/497","|switch|p2a: Blissey|Blissey, F, shiny|651/651","|","|-weather|Sandstorm|[upkeep]","|-damage|p2a: Blissey|611/651|[from] Sandstorm","|-damage|p1a: Snorlax|466/497|[from] Sandstorm","|-heal|p2a: Blissey|651/651|[from] item: Leftovers","|-heal|p1a: Snorlax|497/497|[from] item: Leftovers","|upkeep","|turn|134","||adding 10 for new turn","|","|t:|1752973461","|switch|p2a: Skarmory|Skarmory, F|113/334","|move|p1a: Snorlax|Return|p2a: Skarmory","|-resisted|p2a: Skarmory","|-damage|p2a: Skarmory|64/334","|","|-weather|Sandstorm|[upkeep]","|-damage|p1a: Snorlax|466/497|[from] Sandstorm","|-heal|p2a: Skarmory|84/334|[from] item: Leftovers","|-heal|p1a: Snorlax|497/497|[from] item: Leftovers","|upkeep","|turn|135","||adding 10 for new turn","|","|t:|1752973465","|move|p1a: Snorlax|Curse|p1a: Snorlax","|-unboost|p1a: Snorlax|spe|1","|-boost|p1a: Snorlax|atk|1","|-boost|p1a: Snorlax|def|1","|move|p2a: Skarmory|Roar|p1a: Snorlax","|drag|p1a: Claydol|Claydol|256/324 slp","|","|-weather|Sandstorm|[upkeep]","|-heal|p1a: Claydol|276/324 slp|[from] item: Leftovers","|-heal|p2a: Skarmory|104/334|[from] item: Leftovers","|upkeep","|turn|136","||adding 10 for new turn","|","|t:|1752973470","|switch|p1a: Snorlax|Snorlax, F|497/497","|switch|p2a: Blissey|Blissey, F, shiny|651/651","|","|-weather|Sandstorm|[upkeep]","|-damage|p2a: Blissey|611/651|[from] Sandstorm","|-damage|p1a: Snorlax|466/497|[from] Sandstorm","|-heal|p2a: Blissey|651/651|[from] item: Leftovers","|-heal|p1a: Snorlax|497/497|[from] item: Leftovers","|upkeep","|turn|137","||adding 10 for new turn","|","|t:|1752973477","|switch|p2a: Skarmory|Skarmory, F|104/334","|move|p1a: Snorlax|Return|p2a: Skarmory","|-resisted|p2a: Skarmory","|-damage|p2a: Skarmory|55/334","|","|-weather|Sandstorm|[upkeep]","|-damage|p1a: Snorlax|466/497|[from] Sandstorm","|-heal|p2a: Skarmory|75/334|[from] item: Leftovers","|-heal|p1a: Snorlax|497/497|[from] item: Leftovers","|upkeep","|turn|138","||adding 10 for new turn","|","|t:|1752973481","|move|p1a: Snorlax|Return|p2a: Skarmory","|-resisted|p2a: Skarmory","|-damage|p2a: Skarmory|22/334","|move|p2a: Skarmory|Roar|p1a: Snorlax","|drag|p1a: Claydol|Claydol|276/324 slp","|","|-weather|Sandstorm|[upkeep]","|-heal|p1a: Claydol|296/324 slp|[from] item: Leftovers","|-heal|p2a: Skarmory|42/334|[from] item: Leftovers","|upkeep","|turn|139","||adding 10 for new turn","|","|t:|1752973486","|switch|p1a: Snorlax|Snorlax, F|497/497","|move|p2a: Skarmory|Roar|p1a: Snorlax","|drag|p1a: Claydol|Claydol|296/324 slp","|","|-weather|Sandstorm|[upkeep]","|-heal|p1a: Claydol|316/324 slp|[from] item: Leftovers","|-heal|p2a: Skarmory|62/334|[from] item: Leftovers","|upkeep","|turn|140","||adding 10 for new turn","|","|t:|1752973490","|switch|p1a: Snorlax|Snorlax, F|497/497","|move|p2a: Skarmory|Roar|p1a: Snorlax","|drag|p1a: Claydol|Claydol|316/324 slp","|","|-weather|Sandstorm|[upkeep]","|-heal|p1a: Claydol|324/324 slp|[from] item: Leftovers","|-heal|p2a: Skarmory|82/334|[from] item: Leftovers","|upkeep","|turn|141","||adding 10 for new turn","|","|t:|1752973494","|switch|p1a: Snorlax|Snorlax, F|497/497","|switch|p2a: Blissey|Blissey, F, shiny|651/651","|","|-weather|Sandstorm|[upkeep]","|-damage|p2a: Blissey|611/651|[from] Sandstorm","|-damage|p1a: Snorlax|466/497|[from] Sandstorm","|-heal|p2a: Blissey|651/651|[from] item: Leftovers","|-heal|p1a: Snorlax|497/497|[from] item: Leftovers","|upkeep","|turn|142","||adding 10 for new turn","|","|t:|1752973501","|switch|p2a: Skarmory|Skarmory, F|82/334","|move|p1a: Snorlax|Return|p2a: Skarmory","|-resisted|p2a: Skarmory","|-damage|p2a: Skarmory|31/334","|","|-weather|Sandstorm|[upkeep]","|-damage|p1a: Snorlax|466/497|[from] Sandstorm","|-heal|p2a: Skarmory|51/334|[from] item: Leftovers","|-heal|p1a: Snorlax|497/497|[from] item: Leftovers","|upkeep","|turn|143","||adding 10 for new turn","|","|t:|1752973506","|move|p2a: Skarmory|Protect|p2a: Skarmory","|-singleturn|p2a: Skarmory|Protect","|move|p1a: Snorlax|Return|p2a: Skarmory","|-activate|p2a: Skarmory|Protect","|","|-weather|Sandstorm|[upkeep]","|-damage|p1a: Snorlax|466/497|[from] Sandstorm","|-heal|p2a: Skarmory|71/334|[from] item: Leftovers","|-heal|p1a: Snorlax|497/497|[from] item: Leftovers","|upkeep","|turn|144","||adding 10 for new turn","|","|t:|1752973510","|move|p2a: Skarmory|Protect|p2a: Skarmory","|-singleturn|p2a: Skarmory|Protect","|move|p1a: Snorlax|Return|p2a: Skarmory","|-activate|p2a: Skarmory|Protect","|","|-weather|Sandstorm|[upkeep]","|-damage|p1a: Snorlax|466/497|[from] Sandstorm","|-heal|p2a: Skarmory|91/334|[from] item: Leftovers","|-heal|p1a: Snorlax|497/497|[from] item: Leftovers","|upkeep","|turn|145","||adding 10 for new turn","|","|t:|1752973514","|move|p2a: Skarmory|Protect|p2a: Skarmory","|-singleturn|p2a: Skarmory|Protect","|move|p1a: Snorlax|Curse|p1a: Snorlax","|-unboost|p1a: Snorlax|spe|1","|-boost|p1a: Snorlax|atk|1","|-boost|p1a: Snorlax|def|1","|","|-weather|Sandstorm|[upkeep]","|-damage|p1a: Snorlax|466/497|[from] Sandstorm","|-heal|p2a: Skarmory|111/334|[from] item: Leftovers","|-heal|p1a: Snorlax|497/497|[from] item: Leftovers","|upkeep","|turn|146","||adding 10 for new turn","|","|t:|1752973518","|move|p1a: Snorlax|Return|p2a: Skarmory","|-resisted|p2a: Skarmory","|-damage|p2a: Skarmory|29/334","|move|p2a: Skarmory|Roar|p1a: Snorlax","|drag|p1a: Claydol|Claydol|324/324 slp","|","|-weather|Sandstorm|[upkeep]","|-heal|p2a: Skarmory|49/334|[from] item: Leftovers","|upkeep","|turn|147","||adding 10 for new turn","|","|t:|1752973522","|switch|p1a: Snorlax|Snorlax, F|497/497","|move|p2a: Skarmory|Toxic|p1a: Snorlax","|-immune|p1a: Snorlax|[from] ability: Immunity","|","|-weather|Sandstorm|[upkeep]","|-damage|p1a: Snorlax|466/497|[from] Sandstorm","|-heal|p2a: Skarmory|69/334|[from] item: Leftovers","|-heal|p1a: Snorlax|497/497|[from] item: Leftovers","|upkeep","|turn|148","||adding 10 for new turn","|","|t:|1752973527","|move|p2a: Skarmory|Protect|p2a: Skarmory","|-singleturn|p2a: Skarmory|Protect","|move|p1a: Snorlax|Return|p2a: Skarmory","|-activate|p2a: Skarmory|Protect","|","|-weather|Sandstorm|[upkeep]","|-damage|p1a: Snorlax|466/497|[from] Sandstorm","|-heal|p2a: Skarmory|89/334|[from] item: Leftovers","|-heal|p1a: Snorlax|497/497|[from] item: Leftovers","|upkeep","|turn|149","||adding 10 for new turn","|","|t:|1752973531","|move|p2a: Skarmory|Protect|p2a: Skarmory","|-singleturn|p2a: Skarmory|Protect","|move|p1a: Snorlax|Return|p2a: Skarmory","|-activate|p2a: Skarmory|Protect","|","|-weather|Sandstorm|[upkeep]","|-damage|p1a: Snorlax|466/497|[from] Sandstorm","|-heal|p2a: Skarmory|109/334|[from] item: Leftovers","|-heal|p1a: Snorlax|497/497|[from] item: Leftovers","|upkeep","|turn|150","||adding 10 for new turn","|","|t:|1752973535","|move|p2a: Skarmory|Toxic|p1a: Snorlax|[miss]","|-miss|p2a: Skarmory|p1a: Snorlax","|move|p1a: Snorlax|Curse|p1a: Snorlax","|-unboost|p1a: Snorlax|spe|1","|-boost|p1a: Snorlax|atk|1","|-boost|p1a: Snorlax|def|1","|","|-weather|Sandstorm|[upkeep]","|-damage|p1a: Snorlax|466/497|[from] Sandstorm","|-heal|p2a: Skarmory|129/334|[from] item: Leftovers","|-heal|p1a: Snorlax|497/497|[from] item: Leftovers","|upkeep","|turn|151","||adding 10 for new turn","|","|t:|1752973540","|move|p2a: Skarmory|Protect|p2a: Skarmory","|-singleturn|p2a: Skarmory|Protect","|move|p1a: Snorlax|Return|p2a: Skarmory","|-activate|p2a: Skarmory|Protect","|","|-weather|Sandstorm|[upkeep]","|-damage|p1a: Snorlax|466/497|[from] Sandstorm","|-heal|p2a: Skarmory|149/334|[from] item: Leftovers","|-heal|p1a: Snorlax|497/497|[from] item: Leftovers","|upkeep","|turn|152","||adding 10 for new turn","|","|t:|1752973544","|move|p2a: Skarmory|Protect|p2a: Skarmory","|-singleturn|p2a: Skarmory|Protect","|move|p1a: Snorlax|Return|p2a: Skarmory","|-activate|p2a: Skarmory|Protect","|","|-weather|Sandstorm|[upkeep]","|-damage|p1a: Snorlax|466/497|[from] Sandstorm","|-heal|p2a: Skarmory|169/334|[from] item: Leftovers","|-heal|p1a: Snorlax|497/497|[from] item: Leftovers","|upkeep","|turn|153","||adding 10 for new turn","|","|t:|1752973548","|move|p2a: Skarmory|Toxic|p1a: Snorlax","|-immune|p1a: Snorlax|[from] ability: Immunity","|move|p1a: Snorlax|Shadow Ball|p2a: Skarmory","|-resisted|p2a: Skarmory","|-damage|p2a: Skarmory|125/334","|","|-weather|Sandstorm|[upkeep]","|-damage|p1a: Snorlax|466/497|[from] Sandstorm","|-heal|p2a: Skarmory|145/334|[from] item: Leftovers","|-heal|p1a: Snorlax|497/497|[from] item: Leftovers","|upkeep","|turn|154","||adding 10 for new turn","|","|t:|1752973553","|move|p2a: Skarmory|Protect|p2a: Skarmory","|-singleturn|p2a: Skarmory|Protect","|move|p1a: Snorlax|Return|p2a: Skarmory","|-activate|p2a: Skarmory|Protect","|","|-weather|Sandstorm|[upkeep]","|-damage|p1a: Snorlax|466/497|[from] Sandstorm","|-heal|p2a: Skarmory|165/334|[from] item: Leftovers","|-heal|p1a: Snorlax|497/497|[from] item: Leftovers","|upkeep","|turn|155","||adding 10 for new turn","|","|t:|1752973557","|move|p2a: Skarmory|Toxic|p1a: Snorlax","|-immune|p1a: Snorlax|[from] ability: Immunity","|move|p1a: Snorlax|Shadow Ball|p2a: Skarmory","|-resisted|p2a: Skarmory","|-damage|p2a: Skarmory|123/334","|-unboost|p2a: Skarmory|spd|1","|","|-weather|Sandstorm|[upkeep]","|-damage|p1a: Snorlax|466/497|[from] Sandstorm","|-heal|p2a: Skarmory|143/334|[from] item: Leftovers","|-heal|p1a: Snorlax|497/497|[from] item: Leftovers","|upkeep","|turn|156","||adding 10 for new turn","|","|t:|1752973561","|move|p1a: Snorlax|Return|p2a: Skarmory","|-resisted|p2a: Skarmory","|-damage|p2a: Skarmory|63/334","|move|p2a: Skarmory|Roar|p1a: Snorlax","|drag|p1a: Claydol|Claydol|324/324 slp","|","|-weather|Sandstorm|[upkeep]","|-heal|p2a: Skarmory|83/334|[from] item: Leftovers","|upkeep","|turn|157","||adding 10 for new turn","|","|t:|1752973566","|switch|p1a: Snorlax|Snorlax, F|497/497","|switch|p2a: Blissey|Blissey, F, shiny|651/651","|","|-weather|Sandstorm|[upkeep]","|-damage|p2a: Blissey|611/651|[from] Sandstorm","|-damage|p1a: Snorlax|466/497|[from] Sandstorm","|-heal|p2a: Blissey|651/651|[from] item: Leftovers","|-heal|p1a: Snorlax|497/497|[from] item: Leftovers","|upkeep","|turn|158","||adding 10 for new turn","|","|t:|1752973574","|switch|p2a: Skarmory|Skarmory, F|83/334","|move|p1a: Snorlax|Curse|p1a: Snorlax","|-unboost|p1a: Snorlax|spe|1","|-boost|p1a: Snorlax|atk|1","|-boost|p1a: Snorlax|def|1","|","|-weather|Sandstorm|[upkeep]","|-damage|p1a: Snorlax|466/497|[from] Sandstorm","|-heal|p2a: Skarmory|103/334|[from] item: Leftovers","|-heal|p1a: Snorlax|497/497|[from] item: Leftovers","|upkeep","|turn|159","||adding 10 for new turn","|","|t:|1752973578","|switch|p1a: Claydol|Claydol|324/324 slp","|move|p2a: Skarmory|Roar|p1a: Claydol","|drag|p1a: Snorlax|Snorlax, F|497/497","|","|-weather|Sandstorm|[upkeep]","|-damage|p1a: Snorlax|466/497|[from] Sandstorm","|-heal|p2a: Skarmory|123/334|[from] item: Leftovers","|-heal|p1a: Snorlax|497/497|[from] item: Leftovers","|upkeep","|turn|160","||adding 10 for new turn","|","|t:|1752973582","|move|p2a: Skarmory|Toxic|p1a: Snorlax","|-immune|p1a: Snorlax|[from] ability: Immunity","|move|p1a: Snorlax|Curse|p1a: Snorlax","|-unboost|p1a: Snorlax|spe|1","|-boost|p1a: Snorlax|atk|1","|-boost|p1a: Snorlax|def|1","|","|-weather|Sandstorm|[upkeep]","|-damage|p1a: Snorlax|466/497|[from] Sandstorm","|-heal|p2a: Skarmory|143/334|[from] item: Leftovers","|-heal|p1a: Snorlax|497/497|[from] item: Leftovers","|upkeep","|turn|161","||adding 10 for new turn","|","|t:|1752973586","|move|p2a: Skarmory|Protect|p2a: Skarmory","|-singleturn|p2a: Skarmory|Protect","|move|p1a: Snorlax|Shadow Ball|p2a: Skarmory","|-activate|p2a: Skarmory|Protect","|","|-weather|Sandstorm|[upkeep]","|-damage|p1a: Snorlax|466/497|[from] Sandstorm","|-heal|p2a: Skarmory|163/334|[from] item: Leftovers","|-heal|p1a: Snorlax|497/497|[from] item: Leftovers","|upkeep","|turn|162","||adding 10 for new turn","|","|t:|1752973590","|move|p2a: Skarmory|Toxic|p1a: Snorlax|[miss]","|-miss|p2a: Skarmory|p1a: Snorlax","|move|p1a: Snorlax|Shadow Ball|p2a: Skarmory","|-resisted|p2a: Skarmory","|-damage|p2a: Skarmory|125/334","|","|-weather|Sandstorm|[upkeep]","|-damage|p1a: Snorlax|466/497|[from] Sandstorm","|-heal|p2a: Skarmory|145/334|[from] item: Leftovers","|-heal|p1a: Snorlax|497/497|[from] item: Leftovers","|upkeep","|turn|163","||adding 10 for new turn","|","|t:|1752973595","|move|p2a: Skarmory|Protect|p2a: Skarmory","|-singleturn|p2a: Skarmory|Protect","|move|p1a: Snorlax|Shadow Ball|p2a: Skarmory","|-activate|p2a: Skarmory|Protect","|","|-weather|Sandstorm|[upkeep]","|-damage|p1a: Snorlax|466/497|[from] Sandstorm","|-heal|p2a: Skarmory|165/334|[from] item: Leftovers","|-heal|p1a: Snorlax|497/497|[from] item: Leftovers","|upkeep","|turn|164","||adding 10 for new turn","|","|t:|1752973599","|move|p2a: Skarmory|Toxic|p1a: Snorlax","|-immune|p1a: Snorlax|[from] ability: Immunity","|move|p1a: Snorlax|Shadow Ball|p2a: Skarmory","|-resisted|p2a: Skarmory","|-damage|p2a: Skarmory|123/334","|","|-weather|Sandstorm|[upkeep]","|-damage|p1a: Snorlax|466/497|[from] Sandstorm","|-heal|p2a: Skarmory|143/334|[from] item: Leftovers","|-heal|p1a: Snorlax|497/497|[from] item: Leftovers","|upkeep","|turn|165","||adding 10 for new turn","|","|t:|1752973604","|move|p2a: Skarmory|Protect|p2a: Skarmory","|-singleturn|p2a: Skarmory|Protect","|move|p1a: Snorlax|Shadow Ball|p2a: Skarmory","|-activate|p2a: Skarmory|Protect","|","|-weather|Sandstorm|[upkeep]","|-damage|p1a: Snorlax|466/497|[from] Sandstorm","|-heal|p2a: Skarmory|163/334|[from] item: Leftovers","|-heal|p1a: Snorlax|497/497|[from] item: Leftovers","|upkeep","|turn|166","||adding 10 for new turn","|","|t:|1752973608","|move|p2a: Skarmory|Toxic|p1a: Snorlax","|-immune|p1a: Snorlax|[from] ability: Immunity","|move|p1a: Snorlax|Shadow Ball|p2a: Skarmory","|-resisted|p2a: Skarmory","|-damage|p2a: Skarmory|120/334","|","|-weather|Sandstorm|[upkeep]","|-damage|p1a: Snorlax|466/497|[from] Sandstorm","|-heal|p2a: Skarmory|140/334|[from] item: Leftovers","|-heal|p1a: Snorlax|497/497|[from] item: Leftovers","|upkeep","|turn|167","||adding 10 for new turn","|","|t:|1752973612","|move|p2a: Skarmory|Toxic|p1a: Snorlax|[miss]","|-miss|p2a: Skarmory|p1a: Snorlax","|move|p1a: Snorlax|Shadow Ball|p2a: Skarmory","|-resisted|p2a: Skarmory","|-damage|p2a: Skarmory|100/334","|","|-weather|Sandstorm|[upkeep]","|-damage|p1a: Snorlax|466/497|[from] Sandstorm","|-heal|p2a: Skarmory|120/334|[from] item: Leftovers","|-heal|p1a: Snorlax|497/497|[from] item: Leftovers","|upkeep","|turn|168","||adding 10 for new turn","|","|t:|1752973616","|move|p2a: Skarmory|Toxic|p1a: Snorlax","|-immune|p1a: Snorlax|[from] ability: Immunity","|move|p1a: Snorlax|Curse|p1a: Snorlax","|-unboost|p1a: Snorlax|spe|1","|-boost|p1a: Snorlax|atk|1","|-boost|p1a: Snorlax|def|1","|","|-weather|Sandstorm|[upkeep]","|-damage|p1a: Snorlax|466/497|[from] Sandstorm","|-heal|p2a: Skarmory|140/334|[from] item: Leftovers","|-heal|p1a: Snorlax|497/497|[from] item: Leftovers","|upkeep","|turn|169","||adding 10 for new turn","|","|t:|1752973621","|move|p2a: Skarmory|Protect|p2a: Skarmory","|-singleturn|p2a: Skarmory|Protect","|move|p1a: Snorlax|Shadow Ball|p2a: Skarmory","|-activate|p2a: Skarmory|Protect","|","|-weather|Sandstorm|[upkeep]","|-damage|p1a: Snorlax|466/497|[from] Sandstorm","|-heal|p2a: Skarmory|160/334|[from] item: Leftovers","|-heal|p1a: Snorlax|497/497|[from] item: Leftovers","|upkeep","|turn|170","||adding 10 for new turn","|","|t:|1752973625","|switch|p2a: Blissey|Blissey, F, shiny|651/651","|move|p1a: Snorlax|Shadow Ball|p2a: Blissey","|-immune|p2a: Blissey","|","|-weather|Sandstorm|[upkeep]","|-damage|p2a: Blissey|611/651|[from] Sandstorm","|-damage|p1a: Snorlax|466/497|[from] Sandstorm","|-heal|p2a: Blissey|651/651|[from] item: Leftovers","|-heal|p1a: Snorlax|497/497|[from] item: Leftovers","|upkeep","|turn|171","||adding 10 for new turn","|","|t:|1752973633","|switch|p2a: Skarmory|Skarmory, F|160/334","|move|p1a: Snorlax|Shadow Ball|p2a: Skarmory","|-resisted|p2a: Skarmory","|-damage|p2a: Skarmory|106/334","|","|-weather|Sandstorm|[upkeep]","|-damage|p1a: Snorlax|466/497|[from] Sandstorm","|-heal|p2a: Skarmory|126/334|[from] item: Leftovers","|-heal|p1a: Snorlax|497/497|[from] item: Leftovers","|upkeep","|turn|172","||adding 10 for new turn","|","|t:|1752973637","|switch|p2a: Blissey|Blissey, F, shiny|651/651","|move|p1a: Snorlax|Shadow Ball|p2a: Blissey","|-immune|p2a: Blissey","|","|-weather|Sandstorm|[upkeep]","|-damage|p2a: Blissey|611/651|[from] Sandstorm","|-damage|p1a: Snorlax|466/497|[from] Sandstorm","|-heal|p2a: Blissey|651/651|[from] item: Leftovers","|-heal|p1a: Snorlax|497/497|[from] item: Leftovers","|upkeep","|turn|173","||adding 10 for new turn","|","|t:|1752973645","|switch|p2a: Skarmory|Skarmory, F|126/334","|move|p1a: Snorlax|Shadow Ball|p2a: Skarmory","|-resisted|p2a: Skarmory","|-damage|p2a: Skarmory|69/334","|","|-weather|Sandstorm|[upkeep]","|-damage|p1a: Snorlax|466/497|[from] Sandstorm","|-heal|p2a: Skarmory|89/334|[from] item: Leftovers","|-heal|p1a: Snorlax|497/497|[from] item: Leftovers","|upkeep","|turn|174","||adding 10 for new turn","|","|t:|1752973649","|move|p2a: Skarmory|Protect|p2a: Skarmory","|-singleturn|p2a: Skarmory|Protect","|move|p1a: Snorlax|Shadow Ball|p2a: Skarmory","|-activate|p2a: Skarmory|Protect","|","|-weather|Sandstorm|[upkeep]","|-damage|p1a: Snorlax|466/497|[from] Sandstorm","|-heal|p2a: Skarmory|109/334|[from] item: Leftovers","|-heal|p1a: Snorlax|497/497|[from] item: Leftovers","|upkeep","|turn|175","||adding 10 for new turn","|","|t:|1752973653","|switch|p2a: Blissey|Blissey, F, shiny|651/651","|move|p1a: Snorlax|Shadow Ball|p2a: Blissey","|-immune|p2a: Blissey","|","|-weather|Sandstorm|[upkeep]","|-damage|p2a: Blissey|611/651|[from] Sandstorm","|-damage|p1a: Snorlax|466/497|[from] Sandstorm","|-heal|p2a: Blissey|651/651|[from] item: Leftovers","|-heal|p1a: Snorlax|497/497|[from] item: Leftovers","|upkeep","|turn|176","||adding 10 for new turn","|","|t:|1752973661","|switch|p2a: Skarmory|Skarmory, F|109/334","|move|p1a: Snorlax|Shadow Ball|p2a: Skarmory","|-resisted|p2a: Skarmory","|-damage|p2a: Skarmory|57/334","|-unboost|p2a: Skarmory|spd|1","|","|-weather|Sandstorm|[upkeep]","|-damage|p1a: Snorlax|466/497|[from] Sandstorm","|-heal|p2a: Skarmory|77/334|[from] item: Leftovers","|-heal|p1a: Snorlax|497/497|[from] item: Leftovers","|upkeep","|turn|177","||adding 10 for new turn","|","|t:|1752973665","|switch|p2a: Blissey|Blissey, F, shiny|651/651","|move|p1a: Snorlax|Shadow Ball|p2a: Blissey","|-immune|p2a: Blissey","|","|-weather|Sandstorm|[upkeep]","|-damage|p2a: Blissey|611/651|[from] Sandstorm","|-damage|p1a: Snorlax|466/497|[from] Sandstorm","|-heal|p2a: Blissey|651/651|[from] item: Leftovers","|-heal|p1a: Snorlax|497/497|[from] item: Leftovers","|upkeep","|turn|178","||adding 10 for new turn","|","|t:|1752973673","|switch|p2a: Skarmory|Skarmory, F|77/334","|move|p1a: Snorlax|Shadow Ball|p2a: Skarmory","|-resisted|p2a: Skarmory","|-damage|p2a: Skarmory|19/334","|","|-weather|Sandstorm|[upkeep]","|-damage|p1a: Snorlax|466/497|[from] Sandstorm","|-heal|p2a: Skarmory|39/334|[from] item: Leftovers","|-heal|p1a: Snorlax|497/497|[from] item: Leftovers","|upkeep","|turn|179","||adding 10 for new turn","|","|t:|1752973677","|switch|p2a: Blissey|Blissey, F, shiny|651/651","|move|p1a: Snorlax|Shadow Ball|p2a: Blissey","|-immune|p2a: Blissey","|","|-weather|Sandstorm|[upkeep]","|-damage|p2a: Blissey|611/651|[from] Sandstorm","|-damage|p1a: Snorlax|466/497|[from] Sandstorm","|-heal|p2a: Blissey|651/651|[from] item: Leftovers","|-heal|p1a: Snorlax|497/497|[from] item: Leftovers","|upkeep","|turn|180","||adding 10 for new turn","|","|t:|1752973685","|move|p2a: Blissey|Ice Beam|p1a: Snorlax","|-damage|p1a: Snorlax|427/497","|move|p1a: Snorlax|Shadow Ball|p2a: Blissey","|-immune|p2a: Blissey","|","|-weather|Sandstorm|[upkeep]","|-damage|p2a: Blissey|611/651|[from] Sandstorm","|-damage|p1a: Snorlax|396/497|[from] Sandstorm","|-heal|p2a: Blissey|651/651|[from] item: Leftovers","|-heal|p1a: Snorlax|427/497|[from] item: Leftovers","|upkeep","|turn|181","||adding 10 for new turn","|","|t:|1752973692","|move|p2a: Blissey|Ice Beam|p1a: Snorlax","|-damage|p1a: Snorlax|357/497","|-status|p1a: Snorlax|frz","|cant|p1a: Snorlax|frz","|","|-weather|Sandstorm|[upkeep]","|-damage|p2a: Blissey|611/651|[from] Sandstorm","|-damage|p1a: Snorlax|326/497 frz|[from] Sandstorm","|-heal|p2a: Blissey|651/651|[from] item: Leftovers","|-heal|p1a: Snorlax|357/497 frz|[from] item: Leftovers","|upkeep","|turn|182","||adding 10 for new turn","|","|t:|1752973700","|switch|p2a: Skarmory|Skarmory, F|39/334","|-curestatus|p1a: Snorlax|frz|[msg]","|move|p1a: Snorlax|Shadow Ball|p2a: Skarmory","|-resisted|p2a: Skarmory","|-damage|p2a: Skarmory|0 fnt","|faint|p2a: Skarmory","||adding 5 to each for mid turn request","|","|t:|1752973704","|switch|p2a: Blissey|Blissey, F, shiny|651/651","|","|-weather|Sandstorm|[upkeep]","|-damage|p2a: Blissey|611/651|[from] Sandstorm","|-damage|p1a: Snorlax|326/497|[from] Sandstorm","|-heal|p2a: Blissey|651/651|[from] item: Leftovers","|-heal|p1a: Snorlax|357/497|[from] item: Leftovers","|upkeep","|turn|183","||adding 10 for new turn","|","|t:|1752973711","|move|p2a: Blissey|Ice Beam|p1a: Snorlax","|-damage|p1a: Snorlax|295/497","|move|p1a: Snorlax|Return|p2a: Blissey","|-damage|p2a: Blissey|51/651","|","|-weather|Sandstorm|[upkeep]","|-damage|p2a: Blissey|11/651|[from] Sandstorm","|-damage|p1a: Snorlax|264/497|[from] Sandstorm","|-heal|p2a: Blissey|51/651|[from] item: Leftovers","|-heal|p1a: Snorlax|295/497|[from] item: Leftovers","|upkeep","|turn|184","||adding 10 for new turn","|","|t:|1752973719","|move|p2a: Blissey|Ice Beam|p1a: Snorlax","|-damage|p1a: Snorlax|228/497","|move|p1a: Snorlax|Return|p2a: Blissey","|-damage|p2a: Blissey|0 fnt","|faint|p2a: Blissey","|","|win|foultestchallenge1",""],"p1rating":null,"p2rating":null,"endType":"normal","ladderError":true,"timestamp":"Sat Jul 19 2025 18:08:39 GMT-0700 (アメリカ太平洋夏時間)","roomid":"battle-gen3ou-1024","format":"gen3ou"}