{"winner":"foultestchallenge1","seed":"sodium,db4baac2aa310077df5f4c415972f0c8","turns":153,"p1":"foultestchallenge1","p2":"foultestacceptor1","p1team":[{"name":"Dugtrio","species":"Dugtrio","item":"Choice Band","ability":"Arena Trap","moves":["Earthquake","Hidden Power Bug","Aerial Ace","Sunny Day"],"nature":"Adamant","evs":{"hp":96,"atk":168,"def":20,"spa":0,"spd":0,"spe":224},"gender":"M","ivs":{"hp":31,"atk":30,"def":30,"spa":31,"spd":30,"spe":31},"happiness":255,"hpType":"Bug","pokeball":"","gigantamax":false,"dynamaxLevel":10,"teraType":"","level":100},{"name":"Forretress","species":"Forretress","item":"Leftovers","ability":"Sturdy","moves":["Spikes","Zap Cannon","Explosion","Hidden Power Bug"],"nature":"Careful","evs":{"hp":252,"atk":0,"def":4,"spa":0,"spd":252,"spe":0},"gender":"M","ivs":{"hp":31,"atk":30,"def":30,"spa":31,"spd":30,"spe":31},"happiness":255,"hpType":"Bug","pokeball":"","gigantamax":false,"dynamaxLevel":10,"teraType":"","level":100},{"name":"Snorlax","species":"Snorlax","item":"Leftovers","ability":"Immunity","moves":["Return","Curse","Rest","Shadow Ball"],"nature":"Careful","evs":{"hp":144,"atk":96,"def":132,"spa":0,"spd":136,"spe":0},"gender":"F","level":100,"ivs":{"hp":31,"atk":31,"def":31,"spa":31,"spd":31,"spe":31}},{"name":"Suicune","species":"Suicune","item":"Leftovers","ability":"Pressure","moves":["Calm Mind","Rest","Ice Beam","Surf"],"nature":"Bold","evs":{"hp":240,"atk":0,"def":252,"spa":0,"spd":0,"spe":16},"gender":"N","ivs":{"hp":31,"atk":0,"def":31,"spa":31,"spd":31,"spe":31},"level":100},{"name":"Claydol","species":"Claydol","item":"Leftovers","ability":"Levitate","moves":["Earthquake","Psychic","Rapid Spin","Rest"],"nature":"Lonely","evs":{"hp":252,"atk":224,"def":0,"spa":24,"spd":0,"spe":8},"gender":"N","level":100,"ivs":{"hp":31,"atk":31,"def":31,"spa":31,"spd":31,"spe":31}},{"name":"Blissey","species":"Blissey","item":"Leftovers","ability":"Natural Cure","moves":["Soft-Boiled","Seismic Toss","Thunder Wave","Aromatherapy"],"nature":"Bold","evs":{"hp":252,"atk":0,"def":252,"spa":0,"spd":0,"spe":4},"gender":"F","ivs":{"hp":31,"atk":0,"def":31,"spa":31,"spd":31,"spe":31},"level":100}],"p2team":[{"name":"Tyranitar","species":"Tyranitar","item":"Leftovers","ability":"Sand Stream","moves":["Rock Slide","Earthquake","Hidden Power Bug","Roar"],"nature":"Adamant","evs":{"hp":184,"atk":196,"def":120,"spa":0,"spd":0,"spe":8},"gender":"F","ivs":{"hp":31,"atk":30,"def":30,"spa":31,"spd":30,"spe":31},"happiness":255,"hpType":"Bug","pokeball":"","gigantamax":false,"dynamaxLevel":10,"teraType":"","level":100},{"name":"Milotic","species":"Milotic","item":"Leftovers","ability":"Marvel Scale","moves":["Surf","Toxic","Recover","Refresh"],"nature":"Bold","evs":{"hp":248,"atk":0,"def":212,"spa":0,"spd":0,"spe":48},"gender":"F","ivs":{"hp":31,"atk":0,"def":31,"spa":31,"spd":31,"spe":31},"level":100},{"name":"Blissey","species":"Blissey","item":"Leftovers","ability":"Natural Cure","moves":["Seismic Toss","Ice Beam","Thunder Wave","Soft-Boiled"],"nature":"Bold","evs":{"hp":40,"atk":0,"def":244,"spa":208,"spd":0,"spe":16},"gender":"F","level":100,"ivs":{"hp":31,"atk":31,"def":31,"spa":31,"spd":31,"spe":31}},{"name":"Skarmory","species":"Skarmory","item":"Leftovers","ability":"Keen Eye","moves":["Drill Peck","Toxic","Spikes","Roar"],"nature":"Careful","evs":{"hp":248,"atk":0,"def":0,"spa":0,"spd":236,"spe":24},"gender":"F","level":100,"ivs":{"hp":31,"atk":31,"def":31,"spa":31,"spd":31,"spe":31}},{"name":"Claydol","species":"Claydol","item":"Leftovers","ability":"Levitate","moves":["Earthquake","Psychic","Refresh","Rapid Spin"],"nature":"Adamant","evs":{"hp":224,"atk":228,"def":0,"spa":36,"spd":0,"spe":20},"gender":"N","level":100,"ivs":{"hp":31,"atk":31,"def":31,"spa":31,"spd":31,"spe":31}},{"name":"Dugtrio","species":"Dugtrio","item":"Choice Band","ability":"Arena Trap","moves":["Earthquake","Aerial Ace","Hidden Power Bug","Screech"],"nature":"Jolly","evs":{"hp":0,"atk":252,"def":0,"spa":0,"spd":4,"spe":252},"gender":"F","ivs":{"hp":31,"atk":30,"def":30,"spa":31,"spd":30,"spe":31},"happiness":255,"hpType":"Bug","pokeball":"","gigantamax":false,"dynamaxLevel":10,"teraType":"","level":100}],"score":[4,0],"inputLog":[">version 372d05e49c92a79eecdf6c8dddb208bd1765c00f",">start {\"formatid\":\"gen3ou\",\"seed\":\"sodium,db4baac2aa310077df5f4c415972f0c8\"}",">player p1 {\"name\":\"foultestchallenge1\",\"avatar\":\"1\",\"team\":\"Dugtrio||ChoiceBand|ArenaTrap|Earthquake,HiddenPowerBug,AerialAce,SunnyDay|Adamant|96,168,20,,,224|M|,30,30,,30,|||,Bug,,,,]Forretress||Leftovers|Sturdy|Spikes,ZapCannon,Explosion,HiddenPowerBug|Careful|252,,4,,252,|M|,30,30,,30,|||,Bug,,,,]Snorlax||Leftovers|Immunity|Return,Curse,Rest,ShadowBall|Careful|144,96,132,,136,|F||||]Suicune||Leftovers|Pressure|CalmMind,Rest,IceBeam,Surf|Bold|240,,252,,,16|N|,0,,,,|||]Claydol||Leftovers|Levitate|Earthquake,Psychic,RapidSpin,Rest|Lonely|252,224,,24,,8|N||||]Blissey||Leftovers|NaturalCure|SoftBoiled,SeismicToss,ThunderWave,Aromatherapy|Bold|252,,252,,,4|F|,0,,,,|||\",\"rating\":0}",">player p2 {\"name\":\"foultestacceptor1\",\"avatar\":\"169\",\"team\":\"Tyranitar||Leftovers|SandStream|RockSlide,Earthquake,HiddenPowerBug,Roar|Adamant|184,196,120,,,8|F|,30,30,,30,|||,Bug,,,,]Milotic||Leftovers|MarvelScale|Surf,Toxic,Recover,Refresh|Bold|248,,212,,,48|F|,0,,,,|||]Blissey||Leftovers|NaturalCure|SeismicToss,IceBeam,ThunderWave,SoftBoiled|Bold|40,,244,208,,16|F||||]Skarmory||Leftovers|KeenEye|DrillPeck,Toxic,Spikes,Roar|Careful|248,,,,236,24|F||||]Claydol||Leftovers|Levitate|Earthquake,Psychic,Refresh,RapidSpin|Adamant|224,228,,36,,20|N||||]Dugtrio||ChoiceBand|ArenaTrap|Earthquake,AerialAce,HiddenPowerBug,Screech|Jolly|,252,,,4,252|F|,30,30,,30,|||,Bug,,,,\",\"rating\":0}",">p1 move earthquake",">p2 move earthquake",">p1 move earthquake",">p2 move earthquake",">p2 switch 4",">p1 switch 2",">p2 move spikes",">p1 move spikes",">p2 move roar",">p1 move rapidspin",">p2 move toxic",">p1 switch 6",">p2 move spikes",">p1 move thunderwave",">p2 move roar",">p1 move spikes",">p2 move spikes",">p1 switch 6",">p2 switch 5",">p1 move rapidspin",">p2 move rapidspin",">p1 move rest",">p2 switch 5",">p1 move rest",">p2 move spikes",">p1 move rest",">p2 move roar",">p1 switch 5",">p2 move roar",">p1 move rapidspin",">p2 move toxic",">p1 switch 6",">p2 move roar",">p1 move spikes",">p2 move spikes",">p1 move spikes",">p2 move spikes",">p1 switch 6",">p2 switch 5",">p1 move rapidspin",">p2 move rapidspin",">p1 move rest",">p2 switch 5",">p1 move earthquake",">p2 move spikes",">p1 move rest",">p2 move roar",">p1 switch 3",">p2 move roar",">p1 move rapidspin",">p2 move toxic",">p1 switch 6",">p2 move spikes",">p1 move spikes",">p2 move roar",">p1 switch 6",">p2 move roar",">p1 switch 2",">p2 move roar",">p1 switch 3",">p2 move roar",">p1 switch 6",">p2 move roar",">p1 move calmmind",">p2 move toxic",">p1 move surf",">p2 switch 3",">p1 move rest",">p2 move softboiled",">p1 move icebeam",">p2 move seismictoss",">p1 move calmmind",">p2 move seismictoss",">p1 move calmmind",">p2 move seismictoss",">p1 move rest",">p2 move seismictoss",">p1 move icebeam",">p2 move seismictoss",">p1 move surf",">p2 move seismictoss",">p1 move rest",">p2 move seismictoss",">p1 move surf",">p2 move seismictoss",">p1 move rest",">p2 move seismictoss",">p1 move rest",">p2 move seismictoss",">p1 move icebeam",">p2 move seismictoss",">p1 move calmmind",">p2 move seismictoss",">p1 move rest",">p2 move seismictoss",">p1 move calmmind",">p2 move seismictoss",">p1 move calmmind",">p2 move icebeam",">p1 move surf",">p2 move thunderwave",">p1 move rest",">p2 move seismictoss",">p1 move surf",">p2 move softboiled",">p1 move calmmind",">p2 switch 2",">p1 move calmmind",">p2 move recover",">p1 move icebeam",">p2 move toxic",">p1 move calmmind",">p2 move recover",">p1 move surf",">p2 move recover",">p1 move surf",">p2 move recover",">p1 move rest",">p2 switch 3",">p1 move surf",">p2 move roar",">p1 switch 4",">p2 move drillpeck",">p1 move rapidspin",">p2 move spikes",">p1 move rapidspin",">p2 move spikes",">p1 move rest",">p2 move spikes",">p1 move earthquake",">p2 move roar",">p1 move psychic",">p2 move roar",">p1 move rest",">p2 move roar",">p1 switch 4",">p2 move roar",">p1 switch 6",">p2 move roar",">p1 move rapidspin",">p2 move toxic",">p1 switch 5",">p2 move spikes",">p1 move aromatherapy",">p2 move spikes",">p1 move seismictoss",">p2 move roar",">p1 move surf",">p2 move toxic",">p1 move surf",">p2 switch 3",">p1 move calmmind",">p2 move recover",">p1 move calmmind",">p2 move toxic",">p1 move calmmind",">p2 move recover",">p1 move surf",">p2 move recover",">p1 move rest",">p2 switch 3",">p1 move calmmind",">p2 move roar",">p1 move calmmind",">p2 move roar",">p1 switch 5",">p2 move spikes",">p1 move rapidspin",">p2 move toxic",">p1 switch 4",">p2 move spikes",">p1 move calmmind",">p2 move toxic",">p1 move surf",">p2 switch 2",">p1 move calmmind",">p2 move softboiled",">p1 move surf",">p2 move softboiled",">p1 move rest",">p2 move seismictoss",">p1 move surf",">p2 switch 2",">p1 move icebeam",">p2 move roar",">p1 move surf",">p2 switch 3",">p1 move calmmind",">p2 move recover",">p1 move surf",">p2 move toxic",">p1 move rest",">p2 move recover",">p1 move calmmind",">p2 switch 3",">p1 move icebeam",">p2 move roar",">p1 move rapidspin",">p2 move spikes",">p1 move rapidspin",">p2 move spikes",">p1 move rapidspin",">p2 move spikes",">p1 move rapidspin",">p2 move spikes",">p1 move rest",">p2 move spikes",">p1 switch 4",">p2 move roar",">p1 move calmmind",">p2 move spikes",">p1 move surf",">p2 move roar",">p1 switch 2",">p1 move surf",">p2 move toxic",">p1 move surf",">p2 move spikes",">p2 switch 5",">p1 move surf",">p2 switch 2",">p1 move rest",">p2 move softboiled",">p1 move icebeam",">p2 switch 2",">p1 move calmmind",">p2 move rapidspin",">p1 move icebeam",">p2 switch 3",">p1 switch 6",">p2 move surf",">p1 move softboiled",">p2 switch 6",">p1 move softboiled",">p2 move earthquake",">p1 move softboiled",">p2 switch 3",">p1 move aromatherapy",">p2 move earthquake",">p1 move softboiled",">p2 move earthquake",">p1 move seismictoss",">p2 switch 6",">p1 move thunderwave",">p2 move surf",">p1 move softboiled",">p2 move refresh",">p1 move thunderwave",">p2 move recover",">p1 move seismictoss",">p2 move refresh",">p1 move thunderwave",">p2 move surf",">p1 switch 5",">p2 move refresh",">p1 move spikes",">p2 move surf",">p1 move explosion",">p2 move surf",">p1 switch 6",">p2 switch 2",">p1 move calmmind",">p2 move icebeam",">p1 move calmmind",">p2 move icebeam",">p1 move calmmind",">p2 move icebeam",">p1 move calmmind",">p2 move thunderwave",">p1 move icebeam",">p2 move softboiled",">p1 move surf",">p2 move softboiled",">p1 move surf",">p2 move softboiled",">p1 move surf",">p2 switch 3",">p2 switch 3",">p1 move surf",">p2 move softboiled",">p1 move surf",">p2 move softboiled",">p1 move surf",">p2 move softboiled",">p1 move surf",">p2 move softboiled",">p1 move surf",">p2 move softboiled",">p1 move surf",">p2 move softboiled",">p1 move surf",">p2 move softboiled",">p1 move icebeam",">p2 move thunderwave",">p1 move surf",">p2 move thunderwave",">p1 move icebeam",">p2 switch 6",">p2 switch 6",">p1 move surf",">p2 move softboiled",">p1 move icebeam",">p2 move softboiled",">p1 move icebeam",">p2 move softboiled",">p1 move icebeam",">p2 move icebeam",">p1 move icebeam",">p2 move icebeam",">p1 move icebeam",">p2 move icebeam",">p1 move icebeam",">p2 move icebeam"],"log":["|j|☆foultestchallenge1","|j|☆foultestacceptor1","|t:|1752975524","|gametype|singles","|player|p1|foultestchallenge1|1|","|player|p2|foultestacceptor1|169|","|teamsize|p1|6","|teamsize|p2|6","|gen|3","|tier|[Gen 3] OU","|rule|Sleep Clause Mod: Limit one foe put to sleep","|rule|Switch Priority Clause Mod: Faster Pokémon switch first","|rule|Species Clause: Limit one of each Pokémon","|rule|OHKO Clause: OHKO moves are banned","|rule|Evasion Items Clause: Evasion items are banned","|rule|Evasion Moves Clause: Evasion moves are banned","|rule|Endless Battle Clause: Forcing endless battles is banned","|rule|HP Percentage Mod: HP is shown in percentages","|rule|One Boost Passer Clause: Limit one Baton Passer that has a way to boost its stats","|rule|Freeze Clause Mod: Limit one foe frozen","|","|t:|1752975524","|start","|switch|p1a: Dugtrio|Dugtrio, M|235/235","|switch|p2a: Tyranitar|Tyranitar, F|387/387","|-weather|Sandstorm|[from] ability: Sand Stream|[of] p2a: Tyranitar","|turn|1","|inactive|Battle timer is ON: inactive players will automatically lose when time's up. (requested by foultestchallenge1)","|inactive|foultestacceptor1 also wants the timer to be on.","|","|t:|1752975532","|move|p1a: Dugtrio|Earthquake|p2a: Tyranitar","|-supereffective|p2a: Tyranitar","|-damage|p2a: Tyranitar|92/387","|move|p2a: Tyranitar|Earthquake|p1a: Dugtrio","|-damage|p1a: Dugtrio|37/235","|","|-weather|Sandstorm|[upkeep]","|-heal|p2a: Tyranitar|116/387|[from] item: Leftovers","|upkeep","|turn|2","||adding 10 for new turn","|","|t:|1752975540","|move|p1a: Dugtrio|Earthquake|p2a: Tyranitar","|-supereffective|p2a: Tyranitar","|-damage|p2a: Tyranitar|0 fnt","|faint|p2a: Tyranitar","||adding 5 to each for mid turn request","|","|t:|1752975548","|switch|p2a: Skarmory|Skarmory, F|333/333","|","|-weather|Sandstorm|[upkeep]","|upkeep","|turn|3","||adding 10 for new turn","|","|t:|1752975556","|switch|p1a: Forretress|Forretress, M|354/354","|move|p2a: Skarmory|Spikes|p1a: Forretress","|-sidestart|p1: foultestchallenge1|Spikes","|","|-weather|Sandstorm|[upkeep]","|upkeep","|turn|4","||adding 10 for new turn","|","|t:|1752975563","|move|p1a: Forretress|Spikes|p2a: Skarmory","|-sidestart|p2: foultestacceptor1|Spikes","|move|p2a: Skarmory|Roar|p1a: Forretress","|drag|p1a: Claydol|Claydol|324/324","|","|-weather|Sandstorm|[upkeep]","|upkeep","|turn|5","||adding 10 for new turn","|","|t:|1752975571","|move|p1a: Claydol|Rapid Spin|p2a: Skarmory","|-resisted|p2a: Skarmory","|-damage|p2a: Skarmory|327/333","|-sideend|p1: foultestchallenge1|Spikes|[from] move: Rapid Spin|[of] p1a: Claydol","|move|p2a: Skarmory|Toxic|p1a: Claydol","|-status|p1a: Claydol|tox","|","|-weather|Sandstorm|[upkeep]","|-damage|p1a: Claydol|304/324 tox|[from] psn","|-heal|p2a: Skarmory|333/333|[from] item: Leftovers","|upkeep","|turn|6","||adding 10 for new turn","|","|t:|1752975579","|switch|p1a: Blissey|Blissey, F|714/714","|move|p2a: Skarmory|Spikes|p1a: Blissey","|-sidestart|p1: foultestchallenge1|Spikes","|","|-weather|Sandstorm|[upkeep]","|-damage|p1a: Blissey|670/714|[from] Sandstorm","|-heal|p1a: Blissey|714/714|[from] item: Leftovers","|upkeep","|turn|7","||adding 10 for new turn","|","|t:|1752975587","|move|p1a: Blissey|Thunder Wave|p2a: Skarmory","|-status|p2a: Skarmory|par","|move|p2a: Skarmory|Roar|p1a: Blissey","|drag|p1a: Forretress|Forretress, M|354/354","|-damage|p1a: Forretress|310/354|[from] Spikes","|","|-weather|Sandstorm|[upkeep]","|-heal|p1a: Forretress|332/354|[from] item: Leftovers","|upkeep","|turn|8","||adding 10 for new turn","|","|t:|1752975595","|move|p1a: Forretress|Spikes|p2a: Skarmory","|-sidestart|p2: foultestacceptor1|Spikes","|cant|p2a: Skarmory|par","|","|-weather|Sandstorm|[upkeep]","|-heal|p1a: Forretress|354/354|[from] item: Leftovers","|upkeep","|turn|9","||adding 10 for new turn","|","|t:|1752975602","|switch|p1a: Claydol|Claydol|304/324 tox","|switch|p2a: Claydol|Claydol|317/317","|","|-weather|Sandstorm|[upkeep]","|-heal|p1a: Claydol|324/324 tox|[from] item: Leftovers","|-damage|p1a: Claydol|304/324 tox|[from] psn","|upkeep","|turn|10","||adding 10 for new turn","|","|t:|1752975610","|move|p2a: Claydol|Rapid Spin|p1a: Claydol","|-damage|p1a: Claydol|285/324 tox","|-sideend|p2: foultestacceptor1|Spikes|[from] move: Rapid Spin|[of] p2a: Claydol","|move|p1a: Claydol|Rapid Spin|p2a: Claydol","|-damage|p2a: Claydol|300/317","|-sideend|p1: foultestchallenge1|Spikes|[from] move: Rapid Spin|[of] p1a: Claydol","|","|-weather|Sandstorm|[upkeep]","|-heal|p2a: Claydol|317/317|[from] item: Leftovers","|-heal|p1a: Claydol|305/324 tox|[from] item: Leftovers","|-damage|p1a: Claydol|265/324 tox|[from] psn","|upkeep","|turn|11","||adding 10 for new turn","|","|t:|1752975619","|switch|p2a: Skarmory|Skarmory, F|333/333 par","|move|p1a: Claydol|Rest|p1a: Claydol","|-status|p1a: Claydol|slp|[from] move: Rest","|-heal|p1a: Claydol|324/324 slp|[silent]","|","|-weather|Sandstorm|[upkeep]","|upkeep","|turn|12","||adding 10 for new turn","|","|t:|1752975627","|cant|p1a: Claydol|slp","|move|p2a: Skarmory|Spikes|p1a: Claydol","|-sidestart|p1: foultestchallenge1|Spikes","|","|-weather|Sandstorm|[upkeep]","|upkeep","|turn|13","||adding 10 for new turn","|","|t:|1752975634","|cant|p1a: Claydol|slp","|move|p2a: Skarmory|Roar|p1a: Claydol","|drag|p1a: Blissey|Blissey, F|714/714","|-damage|p1a: Blissey|625/714|[from] Spikes","|","|-weather|Sandstorm|[upkeep]","|-damage|p1a: Blissey|581/714|[from] Sandstorm","|-heal|p1a: Blissey|625/714|[from] item: Leftovers","|upkeep","|turn|14","||adding 10 for new turn","|","|t:|1752975642","|switch|p1a: Claydol|Claydol|324/324 slp","|cant|p2a: Skarmory|par","|","|-weather|Sandstorm|[upkeep]","|upkeep","|turn|15","||adding 10 for new turn","|","|t:|1752975650","|-curestatus|p1a: Claydol|slp|[msg]","|move|p1a: Claydol|Rapid Spin|p2a: Skarmory","|-resisted|p2a: Skarmory","|-damage|p2a: Skarmory|328/333 par","|-sideend|p1: foultestchallenge1|Spikes|[from] move: Rapid Spin|[of] p1a: Claydol","|move|p2a: Skarmory|Toxic|p1a: Claydol","|-status|p1a: Claydol|tox","|","|-weather|Sandstorm|[upkeep]","|-damage|p1a: Claydol|304/324 tox|[from] psn","|-heal|p2a: Skarmory|333/333 par|[from] item: Leftovers","|upkeep","|turn|16","||adding 10 for new turn","|","|t:|1752975658","|switch|p1a: Forretress|Forretress, M|354/354","|cant|p2a: Skarmory|par","|","|-weather|Sandstorm|[upkeep]","|upkeep","|turn|17","||adding 10 for new turn","|","|t:|1752975666","|move|p1a: Forretress|Spikes|p2a: Skarmory","|-sidestart|p2: foultestacceptor1|Spikes","|cant|p2a: Skarmory|par","|","|-weather|Sandstorm|[upkeep]","|upkeep","|turn|18","||adding 10 for new turn","|","|t:|1752975674","|move|p1a: Forretress|Spikes|p2a: Skarmory","|-sidestart|p2: foultestacceptor1|Spikes","|move|p2a: Skarmory|Spikes|p1a: Forretress","|-sidestart|p1: foultestchallenge1|Spikes","|","|-weather|Sandstorm|[upkeep]","|upkeep","|turn|19","||adding 10 for new turn","|","|t:|1752975682","|switch|p1a: Claydol|Claydol|304/324 tox","|switch|p2a: Claydol|Claydol|317/317","|","|-weather|Sandstorm|[upkeep]","|-heal|p1a: Claydol|324/324 tox|[from] item: Leftovers","|-damage|p1a: Claydol|304/324 tox|[from] psn","|upkeep","|turn|20","||adding 10 for new turn","|","|t:|1752975690","|move|p2a: Claydol|Rapid Spin|p1a: Claydol","|-damage|p1a: Claydol|285/324 tox","|-sideend|p2: foultestacceptor1|Spikes|[from] move: Rapid Spin|[of] p2a: Claydol","|move|p1a: Claydol|Rapid Spin|p2a: Claydol","|-damage|p2a: Claydol|300/317","|-sideend|p1: foultestchallenge1|Spikes|[from] move: Rapid Spin|[of] p1a: Claydol","|","|-weather|Sandstorm|[upkeep]","|-heal|p2a: Claydol|317/317|[from] item: Leftovers","|-heal|p1a: Claydol|305/324 tox|[from] item: Leftovers","|-damage|p1a: Claydol|265/324 tox|[from] psn","|upkeep","|turn|21","||adding 10 for new turn","|","|t:|1752975699","|switch|p2a: Skarmory|Skarmory, F|333/333 par","|move|p1a: Claydol|Rest|p1a: Claydol","|-status|p1a: Claydol|slp|[from] move: Rest","|-heal|p1a: Claydol|324/324 slp|[silent]","|","|-weather|Sandstorm|[upkeep]","|upkeep","|turn|22","||adding 10 for new turn","|","|t:|1752975707","|cant|p1a: Claydol|slp","|move|p2a: Skarmory|Spikes|p1a: Claydol","|-sidestart|p1: foultestchallenge1|Spikes","|","|-weather|Sandstorm|[upkeep]","|upkeep","|turn|23","||adding 10 for new turn","|","|t:|1752975715","|cant|p1a: Claydol|slp","|move|p2a: Skarmory|Roar|p1a: Claydol","|drag|p1a: Snorlax|Snorlax, F|497/497","|-damage|p1a: Snorlax|435/497|[from] Spikes","|","|-weather|Sandstorm|[upkeep]","|-damage|p1a: Snorlax|404/497|[from] Sandstorm","|-heal|p1a: Snorlax|435/497|[from] item: Leftovers","|upkeep","|turn|24","||adding 10 for new turn","|","|t:|1752975723","|switch|p1a: Claydol|Claydol|324/324 slp","|cant|p2a: Skarmory|par","|","|-weather|Sandstorm|[upkeep]","|upkeep","|turn|25","||adding 10 for new turn","|","|t:|1752975731","|-curestatus|p1a: Claydol|slp|[msg]","|move|p1a: Claydol|Rapid Spin|p2a: Skarmory","|-resisted|p2a: Skarmory","|-damage|p2a: Skarmory|327/333 par","|-sideend|p1: foultestchallenge1|Spikes|[from] move: Rapid Spin|[of] p1a: Claydol","|move|p2a: Skarmory|Toxic|p1a: Claydol","|-status|p1a: Claydol|tox","|","|-weather|Sandstorm|[upkeep]","|-damage|p1a: Claydol|304/324 tox|[from] psn","|-heal|p2a: Skarmory|333/333 par|[from] item: Leftovers","|upkeep","|turn|26","||adding 10 for new turn","|","|t:|1752975739","|switch|p1a: Forretress|Forretress, M|354/354","|move|p2a: Skarmory|Spikes|p1a: Forretress","|-sidestart|p1: foultestchallenge1|Spikes","|","|-weather|Sandstorm|[upkeep]","|upkeep","|turn|27","||adding 10 for new turn","|","|t:|1752975747","|move|p1a: Forretress|Spikes|p2a: Skarmory","|-sidestart|p2: foultestacceptor1|Spikes","|move|p2a: Skarmory|Roar|p1a: Forretress","|drag|p1a: Snorlax|Snorlax, F|435/497","|-damage|p1a: Snorlax|373/497|[from] Spikes","|","|-weather|Sandstorm|[upkeep]","|-damage|p1a: Snorlax|342/497|[from] Sandstorm","|-heal|p1a: Snorlax|373/497|[from] item: Leftovers","|upkeep","|turn|28","||adding 10 for new turn","|","|t:|1752975755","|switch|p1a: Claydol|Claydol|304/324 tox","|move|p2a: Skarmory|Roar|p1a: Claydol","|drag|p1a: Dugtrio|Dugtrio, M|37/235","|-damage|p1a: Dugtrio|8/235|[from] Spikes","|","|-weather|Sandstorm|[upkeep]","|upkeep","|turn|29","||adding 10 for new turn","|","|t:|1752975763","|switch|p1a: Claydol|Claydol|304/324 tox","|move|p2a: Skarmory|Roar|p1a: Claydol","|drag|p1a: Forretress|Forretress, M|354/354","|-damage|p1a: Forretress|310/354|[from] Spikes","|","|-weather|Sandstorm|[upkeep]","|-heal|p1a: Forretress|332/354|[from] item: Leftovers","|upkeep","|turn|30","||adding 10 for new turn","|","|t:|1752975771","|switch|p1a: Claydol|Claydol|304/324 tox","|move|p2a: Skarmory|Roar|p1a: Claydol","|drag|p1a: Snorlax|Snorlax, F|373/497","|-damage|p1a: Snorlax|311/497|[from] Spikes","|","|-weather|Sandstorm|[upkeep]","|-damage|p1a: Snorlax|280/497|[from] Sandstorm","|-heal|p1a: Snorlax|311/497|[from] item: Leftovers","|upkeep","|turn|31","||adding 10 for new turn","|","|t:|1752975779","|switch|p1a: Claydol|Claydol|304/324 tox","|move|p2a: Skarmory|Roar|p1a: Claydol","|drag|p1a: Suicune|Suicune|401/401","|-damage|p1a: Suicune|351/401|[from] Spikes","|-ability|p1a: Suicune|Pressure|[silent]","|","|-weather|Sandstorm|[upkeep]","|-damage|p1a: Suicune|326/401|[from] Sandstorm","|-heal|p1a: Suicune|351/401|[from] item: Leftovers","|upkeep","|turn|32","||adding 10 for new turn","|","|t:|1752975787","|move|p1a: Suicune|Calm Mind|p1a: Suicune","|-boost|p1a: Suicune|spa|1","|-boost|p1a: Suicune|spd|1","|move|p2a: Skarmory|Toxic|p1a: Suicune","|-status|p1a: Suicune|tox","|","|-weather|Sandstorm|[upkeep]","|-damage|p1a: Suicune|326/401 tox|[from] Sandstorm","|-heal|p1a: Suicune|351/401 tox|[from] item: Leftovers","|-damage|p1a: Suicune|326/401 tox|[from] psn","|upkeep","|turn|33","||adding 10 for new turn","|","|t:|1752975794","|switch|p2a: Blissey|Blissey, F|661/661","|-damage|p2a: Blissey|579/661|[from] Spikes","|move|p1a: Suicune|Surf|p2a: Blissey","|-damage|p2a: Blissey|461/661","|","|-weather|Sandstorm|[upkeep]","|-damage|p1a: Suicune|301/401 tox|[from] Sandstorm","|-damage|p2a: Blissey|420/661|[from] Sandstorm","|-heal|p1a: Suicune|326/401 tox|[from] item: Leftovers","|-damage|p1a: Suicune|276/401 tox|[from] psn","|-heal|p2a: Blissey|461/661|[from] item: Leftovers","|upkeep","|turn|34","||adding 10 for new turn","|","|t:|1752975802","|move|p1a: Suicune|Rest|p1a: Suicune","|-status|p1a: Suicune|slp|[from] move: Rest","|-heal|p1a: Suicune|401/401 slp|[silent]","|move|p2a: Blissey|Soft-Boiled|p2a: Blissey","|-heal|p2a: Blissey|661/661","|","|-weather|Sandstorm|[upkeep]","|-damage|p1a: Suicune|376/401 slp|[from] Sandstorm","|-damage|p2a: Blissey|620/661|[from] Sandstorm","|-heal|p1a: Suicune|401/401 slp|[from] item: Leftovers","|-heal|p2a: Blissey|661/661|[from] item: Leftovers","|upkeep","|turn|35","||adding 10 for new turn","|","|t:|1752975810","|cant|p1a: Suicune|slp","|move|p2a: Blissey|Seismic Toss|p1a: Suicune","|-damage|p1a: Suicune|301/401 slp","|","|-weather|Sandstorm|[upkeep]","|-damage|p1a: Suicune|276/401 slp|[from] Sandstorm","|-damage|p2a: Blissey|620/661|[from] Sandstorm","|-heal|p1a: Suicune|301/401 slp|[from] item: Leftovers","|-heal|p2a: Blissey|661/661|[from] item: Leftovers","|upkeep","|turn|36","||adding 10 for new turn","|","|t:|1752975818","|cant|p1a: Suicune|slp","|move|p2a: Blissey|Seismic Toss|p1a: Suicune","|-damage|p1a: Suicune|201/401 slp","|","|-weather|Sandstorm|[upkeep]","|-damage|p1a: Suicune|176/401 slp|[from] Sandstorm","|-damage|p2a: Blissey|620/661|[from] Sandstorm","|-heal|p1a: Suicune|201/401 slp|[from] item: Leftovers","|-heal|p2a: Blissey|661/661|[from] item: Leftovers","|upkeep","|turn|37","||adding 10 for new turn","|","|t:|1752975826","|-curestatus|p1a: Suicune|slp|[msg]","|move|p1a: Suicune|Calm Mind|p1a: Suicune","|-boost|p1a: Suicune|spa|1","|-boost|p1a: Suicune|spd|1","|move|p2a: Blissey|Seismic Toss|p1a: Suicune","|-damage|p1a: Suicune|101/401","|","|-weather|Sandstorm|[upkeep]","|-damage|p1a: Suicune|76/401|[from] Sandstorm","|-damage|p2a: Blissey|620/661|[from] Sandstorm","|-heal|p1a: Suicune|101/401|[from] item: Leftovers","|-heal|p2a: Blissey|661/661|[from] item: Leftovers","|upkeep","|turn|38","||adding 10 for new turn","|","|t:|1752975834","|move|p1a: Suicune|Rest|p1a: Suicune","|-status|p1a: Suicune|slp|[from] move: Rest","|-heal|p1a: Suicune|401/401 slp|[silent]","|move|p2a: Blissey|Seismic Toss|p1a: Suicune","|-damage|p1a: Suicune|301/401 slp","|","|-weather|Sandstorm|[upkeep]","|-damage|p1a: Suicune|276/401 slp|[from] Sandstorm","|-damage|p2a: Blissey|620/661|[from] Sandstorm","|-heal|p1a: Suicune|301/401 slp|[from] item: Leftovers","|-heal|p2a: Blissey|661/661|[from] item: Leftovers","|upkeep","|turn|39","||adding 10 for new turn","|","|t:|1752975842","|cant|p1a: Suicune|slp","|move|p2a: Blissey|Seismic Toss|p1a: Suicune","|-damage|p1a: Suicune|201/401 slp","|","|-weather|Sandstorm|[upkeep]","|-damage|p1a: Suicune|176/401 slp|[from] Sandstorm","|-damage|p2a: Blissey|620/661|[from] Sandstorm","|-heal|p1a: Suicune|201/401 slp|[from] item: Leftovers","|-heal|p2a: Blissey|661/661|[from] item: Leftovers","|upkeep","|turn|40","||adding 10 for new turn","|","|t:|1752975850","|cant|p1a: Suicune|slp","|move|p2a: Blissey|Seismic Toss|p1a: Suicune","|-damage|p1a: Suicune|101/401 slp","|","|-weather|Sandstorm|[upkeep]","|-damage|p1a: Suicune|76/401 slp|[from] Sandstorm","|-damage|p2a: Blissey|620/661|[from] Sandstorm","|-heal|p1a: Suicune|101/401 slp|[from] item: Leftovers","|-heal|p2a: Blissey|661/661|[from] item: Leftovers","|upkeep","|turn|41","||adding 10 for new turn","|","|t:|1752975858","|-curestatus|p1a: Suicune|slp|[msg]","|move|p1a: Suicune|Rest|p1a: Suicune","|-status|p1a: Suicune|slp|[from] move: Rest","|-heal|p1a: Suicune|401/401 slp|[silent]","|move|p2a: Blissey|Seismic Toss|p1a: Suicune","|-damage|p1a: Suicune|301/401 slp","|","|-weather|Sandstorm|[upkeep]","|-damage|p1a: Suicune|276/401 slp|[from] Sandstorm","|-damage|p2a: Blissey|620/661|[from] Sandstorm","|-heal|p1a: Suicune|301/401 slp|[from] item: Leftovers","|-heal|p2a: Blissey|661/661|[from] item: Leftovers","|upkeep","|turn|42","||adding 10 for new turn","|","|t:|1752975866","|cant|p1a: Suicune|slp","|move|p2a: Blissey|Seismic Toss|p1a: Suicune","|-damage|p1a: Suicune|201/401 slp","|","|-weather|Sandstorm|[upkeep]","|-damage|p1a: Suicune|176/401 slp|[from] Sandstorm","|-damage|p2a: Blissey|620/661|[from] Sandstorm","|-heal|p1a: Suicune|201/401 slp|[from] item: Leftovers","|-heal|p2a: Blissey|661/661|[from] item: Leftovers","|upkeep","|turn|43","||adding 10 for new turn","|","|t:|1752975874","|cant|p1a: Suicune|slp","|move|p2a: Blissey|Seismic Toss|p1a: Suicune","|-damage|p1a: Suicune|101/401 slp","|","|-weather|Sandstorm|[upkeep]","|-damage|p1a: Suicune|76/401 slp|[from] Sandstorm","|-damage|p2a: Blissey|620/661|[from] Sandstorm","|-heal|p1a: Suicune|101/401 slp|[from] item: Leftovers","|-heal|p2a: Blissey|661/661|[from] item: Leftovers","|upkeep","|turn|44","||adding 10 for new turn","|","|t:|1752975881","|-curestatus|p1a: Suicune|slp|[msg]","|move|p1a: Suicune|Rest|p1a: Suicune","|-status|p1a: Suicune|slp|[from] move: Rest","|-heal|p1a: Suicune|401/401 slp|[silent]","|move|p2a: Blissey|Seismic Toss|p1a: Suicune","|-damage|p1a: Suicune|301/401 slp","|","|-weather|Sandstorm|[upkeep]","|-damage|p1a: Suicune|276/401 slp|[from] Sandstorm","|-damage|p2a: Blissey|620/661|[from] Sandstorm","|-heal|p1a: Suicune|301/401 slp|[from] item: Leftovers","|-heal|p2a: Blissey|661/661|[from] item: Leftovers","|upkeep","|turn|45","||adding 10 for new turn","|","|t:|1752975889","|cant|p1a: Suicune|slp","|move|p2a: Blissey|Seismic Toss|p1a: Suicune","|-damage|p1a: Suicune|201/401 slp","|","|-weather|Sandstorm|[upkeep]","|-damage|p1a: Suicune|176/401 slp|[from] Sandstorm","|-damage|p2a: Blissey|620/661|[from] Sandstorm","|-heal|p1a: Suicune|201/401 slp|[from] item: Leftovers","|-heal|p2a: Blissey|661/661|[from] item: Leftovers","|upkeep","|turn|46","||adding 10 for new turn","|","|t:|1752975897","|cant|p1a: Suicune|slp","|move|p2a: Blissey|Seismic Toss|p1a: Suicune","|-damage|p1a: Suicune|101/401 slp","|","|-weather|Sandstorm|[upkeep]","|-damage|p1a: Suicune|76/401 slp|[from] Sandstorm","|-damage|p2a: Blissey|620/661|[from] Sandstorm","|-heal|p1a: Suicune|101/401 slp|[from] item: Leftovers","|-heal|p2a: Blissey|661/661|[from] item: Leftovers","|upkeep","|turn|47","||adding 10 for new turn","|","|t:|1752975905","|-curestatus|p1a: Suicune|slp|[msg]","|move|p1a: Suicune|Rest|p1a: Suicune","|-status|p1a: Suicune|slp|[from] move: Rest","|-heal|p1a: Suicune|401/401 slp|[silent]","|move|p2a: Blissey|Seismic Toss|p1a: Suicune","|-damage|p1a: Suicune|301/401 slp","|","|-weather|Sandstorm|[upkeep]","|-damage|p1a: Suicune|276/401 slp|[from] Sandstorm","|-damage|p2a: Blissey|620/661|[from] Sandstorm","|-heal|p1a: Suicune|301/401 slp|[from] item: Leftovers","|-heal|p2a: Blissey|661/661|[from] item: Leftovers","|upkeep","|turn|48","||adding 10 for new turn","|","|t:|1752975913","|cant|p1a: Suicune|slp","|move|p2a: Blissey|Seismic Toss|p1a: Suicune","|-damage|p1a: Suicune|201/401 slp","|","|-weather|Sandstorm|[upkeep]","|-damage|p1a: Suicune|176/401 slp|[from] Sandstorm","|-damage|p2a: Blissey|620/661|[from] Sandstorm","|-heal|p1a: Suicune|201/401 slp|[from] item: Leftovers","|-heal|p2a: Blissey|661/661|[from] item: Leftovers","|upkeep","|turn|49","||adding 10 for new turn","|","|t:|1752975921","|cant|p1a: Suicune|slp","|move|p2a: Blissey|Ice Beam|p1a: Suicune","|-resisted|p1a: Suicune","|-damage|p1a: Suicune|184/401 slp","|","|-weather|Sandstorm|[upkeep]","|-damage|p1a: Suicune|159/401 slp|[from] Sandstorm","|-damage|p2a: Blissey|620/661|[from] Sandstorm","|-heal|p1a: Suicune|184/401 slp|[from] item: Leftovers","|-heal|p2a: Blissey|661/661|[from] item: Leftovers","|upkeep","|turn|50","||adding 10 for new turn","|","|t:|1752975925","|-curestatus|p1a: Suicune|slp|[msg]","|move|p1a: Suicune|Surf|p2a: Blissey","|-damage|p2a: Blissey|502/661","|move|p2a: Blissey|Thunder Wave|p1a: Suicune","|-status|p1a: Suicune|par","|","|-weather|Sandstorm|[upkeep]","|-damage|p2a: Blissey|461/661|[from] Sandstorm","|-damage|p1a: Suicune|159/401 par|[from] Sandstorm","|-heal|p2a: Blissey|502/661|[from] item: Leftovers","|-heal|p1a: Suicune|184/401 par|[from] item: Leftovers","|upkeep","|turn|51","||adding 10 for new turn","|","|t:|1752975930","|move|p2a: Blissey|Seismic Toss|p1a: Suicune","|-damage|p1a: Suicune|84/401 par","|move|p1a: Suicune|Rest|p1a: Suicune","|-status|p1a: Suicune|slp|[from] move: Rest","|-heal|p1a: Suicune|401/401 slp|[silent]","|","|-weather|Sandstorm|[upkeep]","|-damage|p1a: Suicune|376/401 slp|[from] Sandstorm","|-damage|p2a: Blissey|461/661|[from] Sandstorm","|-heal|p1a: Suicune|401/401 slp|[from] item: Leftovers","|-heal|p2a: Blissey|502/661|[from] item: Leftovers","|upkeep","|turn|52","||adding 10 for new turn","|","|t:|1752975935","|cant|p1a: Suicune|slp","|move|p2a: Blissey|Soft-Boiled|p2a: Blissey","|-heal|p2a: Blissey|661/661","|","|-weather|Sandstorm|[upkeep]","|-damage|p1a: Suicune|376/401 slp|[from] Sandstorm","|-damage|p2a: Blissey|620/661|[from] Sandstorm","|-heal|p1a: Suicune|401/401 slp|[from] item: Leftovers","|-heal|p2a: Blissey|661/661|[from] item: Leftovers","|upkeep","|turn|53","||adding 10 for new turn","|","|t:|1752975939","|switch|p2a: Milotic|Milotic, F|393/393","|-damage|p2a: Milotic|344/393|[from] Spikes","|cant|p1a: Suicune|slp","|","|-weather|Sandstorm|[upkeep]","|-damage|p1a: Suicune|376/401 slp|[from] Sandstorm","|-damage|p2a: Milotic|320/393|[from] Sandstorm","|-heal|p2a: Milotic|344/393|[from] item: Leftovers","|-heal|p1a: Suicune|401/401 slp|[from] item: Leftovers","|upkeep","|turn|54","||adding 10 for new turn","|","|t:|1752975947","|-curestatus|p1a: Suicune|slp|[msg]","|move|p1a: Suicune|Calm Mind|p1a: Suicune","|-boost|p1a: Suicune|spa|1","|-boost|p1a: Suicune|spd|1","|move|p2a: Milotic|Recover|p2a: Milotic","|-heal|p2a: Milotic|393/393","|","|-weather|Sandstorm|[upkeep]","|-damage|p2a: Milotic|369/393|[from] Sandstorm","|-damage|p1a: Suicune|376/401|[from] Sandstorm","|-heal|p1a: Suicune|401/401|[from] item: Leftovers","|-heal|p2a: Milotic|393/393|[from] item: Leftovers","|upkeep","|turn|55","||adding 10 for new turn","|","|t:|1752975954","|move|p1a: Suicune|Ice Beam|p2a: Milotic","|-resisted|p2a: Milotic","|-damage|p2a: Milotic|326/393","|move|p2a: Milotic|Toxic|p1a: Suicune","|-status|p1a: Suicune|tox","|","|-weather|Sandstorm|[upkeep]","|-damage|p2a: Milotic|302/393|[from] Sandstorm","|-damage|p1a: Suicune|376/401 tox|[from] Sandstorm","|-heal|p2a: Milotic|326/393|[from] item: Leftovers","|-heal|p1a: Suicune|401/401 tox|[from] item: Leftovers","|-damage|p1a: Suicune|376/401 tox|[from] psn","|upkeep","|turn|56","||adding 10 for new turn","|","|t:|1752975962","|move|p1a: Suicune|Calm Mind|p1a: Suicune","|-boost|p1a: Suicune|spa|1","|-boost|p1a: Suicune|spd|1","|move|p2a: Milotic|Recover|p2a: Milotic","|-heal|p2a: Milotic|393/393","|","|-weather|Sandstorm|[upkeep]","|-damage|p1a: Suicune|351/401 tox|[from] Sandstorm","|-damage|p2a: Milotic|369/393|[from] Sandstorm","|-heal|p1a: Suicune|376/401 tox|[from] item: Leftovers","|-heal|p2a: Milotic|393/393|[from] item: Leftovers","|-damage|p1a: Suicune|326/401 tox|[from] psn","|upkeep","|turn|57","||adding 10 for new turn","|","|t:|1752975970","|move|p1a: Suicune|Surf|p2a: Milotic","|-resisted|p2a: Milotic","|-damage|p2a: Milotic|278/393","|move|p2a: Milotic|Recover|p2a: Milotic","|-heal|p2a: Milotic|393/393","|","|-weather|Sandstorm|[upkeep]","|-damage|p2a: Milotic|369/393|[from] Sandstorm","|-damage|p1a: Suicune|301/401 tox|[from] Sandstorm","|-heal|p2a: Milotic|393/393|[from] item: Leftovers","|-heal|p1a: Suicune|326/401 tox|[from] item: Leftovers","|-damage|p1a: Suicune|251/401 tox|[from] psn","|upkeep","|turn|58","||adding 10 for new turn","|","|t:|1752975977","|move|p2a: Milotic|Recover||[still]","|-fail|p2a: Milotic|heal","|move|p1a: Suicune|Surf|p2a: Milotic","|-resisted|p2a: Milotic","|-damage|p2a: Milotic|263/393","|","|-weather|Sandstorm|[upkeep]","|-damage|p1a: Suicune|226/401 tox|[from] Sandstorm","|-damage|p2a: Milotic|239/393|[from] Sandstorm","|-heal|p1a: Suicune|251/401 tox|[from] item: Leftovers","|-heal|p2a: Milotic|263/393|[from] item: Leftovers","|-damage|p1a: Suicune|151/401 tox|[from] psn","|upkeep","|turn|59","||adding 10 for new turn","|","|t:|1752975985","|switch|p2a: Skarmory|Skarmory, F|333/333 par","|move|p1a: Suicune|Rest|p1a: Suicune","|-status|p1a: Suicune|slp|[from] move: Rest","|-heal|p1a: Suicune|401/401 slp|[silent]","|","|-weather|Sandstorm|[upkeep]","|-damage|p1a: Suicune|376/401 slp|[from] Sandstorm","|-heal|p1a: Suicune|401/401 slp|[from] item: Leftovers","|upkeep","|turn|60","||adding 10 for new turn","|","|t:|1752975990","|cant|p1a: Suicune|slp","|move|p2a: Skarmory|Roar|p1a: Suicune","|drag|p1a: Snorlax|Snorlax, F|311/497","|-damage|p1a: Snorlax|249/497|[from] Spikes","|","|-weather|Sandstorm|[upkeep]","|-damage|p1a: Snorlax|218/497|[from] Sandstorm","|-heal|p1a: Snorlax|249/497|[from] item: Leftovers","|upkeep","|turn|61","||adding 10 for new turn","|","|t:|1752975998","|switch|p1a: Claydol|Claydol|304/324 tox","|move|p2a: Skarmory|Drill Peck|p1a: Claydol","|-damage|p1a: Claydol|220/324 tox","|","|-weather|Sandstorm|[upkeep]","|-heal|p1a: Claydol|240/324 tox|[from] item: Leftovers","|-damage|p1a: Claydol|220/324 tox|[from] psn","|upkeep","|turn|62","||adding 10 for new turn","|","|t:|1752976006","|move|p1a: Claydol|Rapid Spin|p2a: Skarmory","|-resisted|p2a: Skarmory","|-damage|p2a: Skarmory|327/333 par","|-sideend|p1: foultestchallenge1|Spikes|[from] move: Rapid Spin|[of] p1a: Claydol","|move|p2a: Skarmory|Spikes|p1a: Claydol","|-sidestart|p1: foultestchallenge1|Spikes","|","|-weather|Sandstorm|[upkeep]","|-heal|p1a: Claydol|240/324 tox|[from] item: Leftovers","|-damage|p1a: Claydol|200/324 tox|[from] psn","|-heal|p2a: Skarmory|333/333 par|[from] item: Leftovers","|upkeep","|turn|63","||adding 10 for new turn","|","|t:|1752976013","|move|p1a: Claydol|Rapid Spin|p2a: Skarmory","|-resisted|p2a: Skarmory","|-damage|p2a: Skarmory|327/333 par","|-sideend|p1: foultestchallenge1|Spikes|[from] move: Rapid Spin|[of] p1a: Claydol","|move|p2a: Skarmory|Spikes|p1a: Claydol","|-sidestart|p1: foultestchallenge1|Spikes","|","|-weather|Sandstorm|[upkeep]","|-heal|p1a: Claydol|220/324 tox|[from] item: Leftovers","|-damage|p1a: Claydol|160/324 tox|[from] psn","|-heal|p2a: Skarmory|333/333 par|[from] item: Leftovers","|upkeep","|turn|64","||adding 10 for new turn","|","|t:|1752976021","|move|p1a: Claydol|Rest|p1a: Claydol","|-status|p1a: Claydol|slp|[from] move: Rest","|-heal|p1a: Claydol|324/324 slp|[silent]","|move|p2a: Skarmory|Spikes|p1a: Claydol","|-sidestart|p1: foultestchallenge1|Spikes","|","|-weather|Sandstorm|[upkeep]","|upkeep","|turn|65","||adding 10 for new turn","|","|t:|1752976029","|cant|p1a: Claydol|slp","|cant|p2a: Skarmory|par","|","|-weather|Sandstorm|[upkeep]","|upkeep","|turn|66","||adding 10 for new turn","|","|t:|1752976037","|cant|p1a: Claydol|slp","|move|p2a: Skarmory|Roar|p1a: Claydol","|drag|p1a: Snorlax|Snorlax, F|249/497","|-damage|p1a: Snorlax|167/497|[from] Spikes","|","|-weather|Sandstorm|[upkeep]","|-damage|p1a: Snorlax|136/497|[from] Sandstorm","|-heal|p1a: Snorlax|167/497|[from] item: Leftovers","|upkeep","|turn|67","||adding 10 for new turn","|","|t:|1752976044","|move|p1a: Snorlax|Rest|p1a: Snorlax","|-status|p1a: Snorlax|slp|[from] move: Rest","|-heal|p1a: Snorlax|497/497 slp|[silent]","|move|p2a: Skarmory|Roar|p1a: Snorlax","|drag|p1a: Forretress|Forretress, M|332/354","|-damage|p1a: Forretress|273/354|[from] Spikes","|","|-weather|Sandstorm|[upkeep]","|-heal|p1a: Forretress|295/354|[from] item: Leftovers","|upkeep","|turn|68","||adding 10 for new turn","|","|t:|1752976052","|switch|p1a: Claydol|Claydol|324/324 slp","|move|p2a: Skarmory|Roar|p1a: Claydol","|drag|p1a: Suicune|Suicune|401/401 slp","|-damage|p1a: Suicune|335/401 slp|[from] Spikes","|-ability|p1a: Suicune|Pressure|[silent]","|","|-weather|Sandstorm|[upkeep]","|-damage|p1a: Suicune|310/401 slp|[from] Sandstorm","|-heal|p1a: Suicune|335/401 slp|[from] item: Leftovers","|upkeep","|turn|69","||adding 10 for new turn","|","|t:|1752976056","|switch|p1a: Claydol|Claydol|324/324 slp","|cant|p2a: Skarmory|par","|","|-weather|Sandstorm|[upkeep]","|upkeep","|turn|70","||adding 10 for new turn","|","|t:|1752976064","|-curestatus|p1a: Claydol|slp|[msg]","|move|p1a: Claydol|Rapid Spin|p2a: Skarmory","|-resisted|p2a: Skarmory","|-damage|p2a: Skarmory|327/333 par","|-sideend|p1: foultestchallenge1|Spikes|[from] move: Rapid Spin|[of] p1a: Claydol","|cant|p2a: Skarmory|par","|","|-weather|Sandstorm|[upkeep]","|-heal|p2a: Skarmory|333/333 par|[from] item: Leftovers","|upkeep","|turn|71","||adding 10 for new turn","|","|t:|1752976072","|switch|p1a: Blissey|Blissey, F|625/714","|cant|p2a: Skarmory|par","|","|-weather|Sandstorm|[upkeep]","|-damage|p1a: Blissey|581/714|[from] Sandstorm","|-heal|p1a: Blissey|625/714|[from] item: Leftovers","|upkeep","|turn|72","||adding 10 for new turn","|","|t:|1752976080","|move|p1a: Blissey|Aromatherapy|p1a: Blissey","|-cureteam|p1a: Blissey|[from] move: Aromatherapy","|move|p2a: Skarmory|Spikes|p1a: Blissey","|-sidestart|p1: foultestchallenge1|Spikes","|","|-weather|Sandstorm|[upkeep]","|-damage|p1a: Blissey|581/714|[from] Sandstorm","|-heal|p1a: Blissey|625/714|[from] item: Leftovers","|upkeep","|turn|73","||adding 10 for new turn","|","|t:|1752976088","|move|p1a: Blissey|Seismic Toss|p2a: Skarmory","|-damage|p2a: Skarmory|233/333 par","|move|p2a: Skarmory|Roar|p1a: Blissey","|drag|p1a: Suicune|Suicune|335/401","|-damage|p1a: Suicune|285/401|[from] Spikes","|-ability|p1a: Suicune|Pressure|[silent]","|","|-weather|Sandstorm|[upkeep]","|-damage|p1a: Suicune|260/401|[from] Sandstorm","|-heal|p1a: Suicune|285/401|[from] item: Leftovers","|-heal|p2a: Skarmory|253/333 par|[from] item: Leftovers","|upkeep","|turn|74","||adding 10 for new turn","|","|t:|1752976093","|move|p1a: Suicune|Surf|p2a: Skarmory","|-damage|p2a: Skarmory|153/333 par","|cant|p2a: Skarmory|par","|","|-weather|Sandstorm|[upkeep]","|-damage|p1a: Suicune|260/401|[from] Sandstorm","|-heal|p1a: Suicune|285/401|[from] item: Leftovers","|-heal|p2a: Skarmory|173/333 par|[from] item: Leftovers","|upkeep","|turn|75","||adding 10 for new turn","|","|t:|1752976097","|switch|p2a: Milotic|Milotic, F|263/393","|-damage|p2a: Milotic|214/393|[from] Spikes","|move|p1a: Suicune|Surf|p2a: Milotic","|-resisted|p2a: Milotic","|-damage|p2a: Milotic|168/393","|","|-weather|Sandstorm|[upkeep]","|-damage|p2a: Milotic|144/393|[from] Sandstorm","|-damage|p1a: Suicune|260/401|[from] Sandstorm","|-heal|p2a: Milotic|168/393|[from] item: Leftovers","|-heal|p1a: Suicune|285/401|[from] item: Leftovers","|upkeep","|turn|76","||adding 10 for new turn","|","|t:|1752976105","|move|p2a: Milotic|Recover|p2a: Milotic","|-heal|p2a: Milotic|364/393","|move|p1a: Suicune|Calm Mind|p1a: Suicune","|-boost|p1a: Suicune|spa|1","|-boost|p1a: Suicune|spd|1","|","|-weather|Sandstorm|[upkeep]","|-damage|p2a: Milotic|340/393|[from] Sandstorm","|-damage|p1a: Suicune|260/401|[from] Sandstorm","|-heal|p2a: Milotic|364/393|[from] item: Leftovers","|-heal|p1a: Suicune|285/401|[from] item: Leftovers","|upkeep","|turn|77","||adding 10 for new turn","|","|t:|1752976113","|move|p2a: Milotic|Toxic|p1a: Suicune","|-status|p1a: Suicune|tox","|move|p1a: Suicune|Calm Mind|p1a: Suicune","|-boost|p1a: Suicune|spa|1","|-boost|p1a: Suicune|spd|1","|","|-weather|Sandstorm|[upkeep]","|-damage|p2a: Milotic|340/393|[from] Sandstorm","|-damage|p1a: Suicune|260/401 tox|[from] Sandstorm","|-heal|p2a: Milotic|364/393|[from] item: Leftovers","|-heal|p1a: Suicune|285/401 tox|[from] item: Leftovers","|-damage|p1a: Suicune|260/401 tox|[from] psn","|upkeep","|turn|78","||adding 10 for new turn","|","|t:|1752976121","|move|p2a: Milotic|Recover|p2a: Milotic","|-heal|p2a: Milotic|393/393","|move|p1a: Suicune|Calm Mind|p1a: Suicune","|-boost|p1a: Suicune|spa|1","|-boost|p1a: Suicune|spd|1","|","|-weather|Sandstorm|[upkeep]","|-damage|p2a: Milotic|369/393|[from] Sandstorm","|-damage|p1a: Suicune|235/401 tox|[from] Sandstorm","|-heal|p2a: Milotic|393/393|[from] item: Leftovers","|-heal|p1a: Suicune|260/401 tox|[from] item: Leftovers","|-damage|p1a: Suicune|210/401 tox|[from] psn","|upkeep","|turn|79","||adding 10 for new turn","|","|t:|1752976128","|move|p1a: Suicune|Surf|p2a: Milotic","|-resisted|p2a: Milotic","|-damage|p2a: Milotic|294/393","|move|p2a: Milotic|Recover|p2a: Milotic","|-heal|p2a: Milotic|393/393","|","|-weather|Sandstorm|[upkeep]","|-damage|p1a: Suicune|185/401 tox|[from] Sandstorm","|-damage|p2a: Milotic|369/393|[from] Sandstorm","|-heal|p1a: Suicune|210/401 tox|[from] item: Leftovers","|-heal|p2a: Milotic|393/393|[from] item: Leftovers","|-damage|p1a: Suicune|135/401 tox|[from] psn","|upkeep","|turn|80","||adding 10 for new turn","|","|t:|1752976136","|switch|p2a: Skarmory|Skarmory, F|173/333 par","|move|p1a: Suicune|Rest|p1a: Suicune","|-status|p1a: Suicune|slp|[from] move: Rest","|-heal|p1a: Suicune|401/401 slp|[silent]","|","|-weather|Sandstorm|[upkeep]","|-damage|p1a: Suicune|376/401 slp|[from] Sandstorm","|-heal|p1a: Suicune|401/401 slp|[from] item: Leftovers","|-heal|p2a: Skarmory|193/333 par|[from] item: Leftovers","|upkeep","|turn|81","||adding 10 for new turn","|","|t:|1752976141","|cant|p1a: Suicune|slp","|cant|p2a: Skarmory|par","|","|-weather|Sandstorm|[upkeep]","|-damage|p1a: Suicune|376/401 slp|[from] Sandstorm","|-heal|p1a: Suicune|401/401 slp|[from] item: Leftovers","|-heal|p2a: Skarmory|213/333 par|[from] item: Leftovers","|upkeep","|turn|82","||adding 10 for new turn","|","|t:|1752976145","|cant|p1a: Suicune|slp","|move|p2a: Skarmory|Roar|p1a: Suicune","|drag|p1a: Forretress|Forretress, M|295/354","|-damage|p1a: Forretress|251/354|[from] Spikes","|","|-weather|Sandstorm|[upkeep]","|-heal|p1a: Forretress|273/354|[from] item: Leftovers","|-heal|p2a: Skarmory|233/333 par|[from] item: Leftovers","|upkeep","|turn|83","||adding 10 for new turn","|","|t:|1752976153","|switch|p1a: Claydol|Claydol|324/324","|move|p2a: Skarmory|Spikes|p1a: Claydol","|-sidestart|p1: foultestchallenge1|Spikes","|","|-weather|Sandstorm|[upkeep]","|-heal|p2a: Skarmory|253/333 par|[from] item: Leftovers","|upkeep","|turn|84","||adding 10 for new turn","|","|t:|1752976161","|move|p1a: Claydol|Rapid Spin|p2a: Skarmory","|-resisted|p2a: Skarmory","|-damage|p2a: Skarmory|247/333 par","|-sideend|p1: foultestchallenge1|Spikes|[from] move: Rapid Spin|[of] p1a: Claydol","|move|p2a: Skarmory|Toxic|p1a: Claydol","|-status|p1a: Claydol|tox","|","|-weather|Sandstorm|[upkeep]","|-damage|p1a: Claydol|304/324 tox|[from] psn","|-heal|p2a: Skarmory|267/333 par|[from] item: Leftovers","|upkeep","|turn|85","||adding 10 for new turn","|","|t:|1752976169","|switch|p1a: Suicune|Suicune|401/401 slp","|-ability|p1a: Suicune|Pressure|[silent]","|move|p2a: Skarmory|Spikes|p1a: Suicune","|-sidestart|p1: foultestchallenge1|Spikes","|","|-weather|Sandstorm|[upkeep]","|-damage|p1a: Suicune|376/401 slp|[from] Sandstorm","|-heal|p1a: Suicune|401/401 slp|[from] item: Leftovers","|-heal|p2a: Skarmory|287/333 par|[from] item: Leftovers","|upkeep","|turn|86","||adding 10 for new turn","|","|t:|1752976173","|-curestatus|p1a: Suicune|slp|[msg]","|move|p1a: Suicune|Calm Mind|p1a: Suicune","|-boost|p1a: Suicune|spa|1","|-boost|p1a: Suicune|spd|1","|move|p2a: Skarmory|Toxic|p1a: Suicune","|-status|p1a: Suicune|tox","|","|-weather|Sandstorm|[upkeep]","|-damage|p1a: Suicune|376/401 tox|[from] Sandstorm","|-heal|p1a: Suicune|401/401 tox|[from] item: Leftovers","|-damage|p1a: Suicune|376/401 tox|[from] psn","|-heal|p2a: Skarmory|307/333 par|[from] item: Leftovers","|upkeep","|turn|87","||adding 10 for new turn","|","|t:|1752976177","|switch|p2a: Blissey|Blissey, F|661/661","|-damage|p2a: Blissey|579/661|[from] Spikes","|move|p1a: Suicune|Surf|p2a: Blissey","|-damage|p2a: Blissey|450/661","|","|-weather|Sandstorm|[upkeep]","|-damage|p1a: Suicune|351/401 tox|[from] Sandstorm","|-damage|p2a: Blissey|409/661|[from] Sandstorm","|-heal|p1a: Suicune|376/401 tox|[from] item: Leftovers","|-damage|p1a: Suicune|326/401 tox|[from] psn","|-heal|p2a: Blissey|450/661|[from] item: Leftovers","|upkeep","|turn|88","||adding 10 for new turn","|","|t:|1752976182","|move|p1a: Suicune|Calm Mind|p1a: Suicune","|-boost|p1a: Suicune|spa|1","|-boost|p1a: Suicune|spd|1","|move|p2a: Blissey|Soft-Boiled|p2a: Blissey","|-heal|p2a: Blissey|661/661","|","|-weather|Sandstorm|[upkeep]","|-damage|p1a: Suicune|301/401 tox|[from] Sandstorm","|-damage|p2a: Blissey|620/661|[from] Sandstorm","|-heal|p1a: Suicune|326/401 tox|[from] item: Leftovers","|-damage|p1a: Suicune|251/401 tox|[from] psn","|-heal|p2a: Blissey|661/661|[from] item: Leftovers","|upkeep","|turn|89","||adding 10 for new turn","|","|t:|1752976186","|move|p1a: Suicune|Surf|p2a: Blissey","|-damage|p2a: Blissey|497/661","|move|p2a: Blissey|Soft-Boiled|p2a: Blissey","|-heal|p2a: Blissey|661/661","|","|-weather|Sandstorm|[upkeep]","|-damage|p1a: Suicune|226/401 tox|[from] Sandstorm","|-damage|p2a: Blissey|620/661|[from] Sandstorm","|-heal|p1a: Suicune|251/401 tox|[from] item: Leftovers","|-damage|p1a: Suicune|151/401 tox|[from] psn","|-heal|p2a: Blissey|661/661|[from] item: Leftovers","|upkeep","|turn|90","||adding 10 for new turn","|","|t:|1752976190","|move|p1a: Suicune|Rest|p1a: Suicune","|-status|p1a: Suicune|slp|[from] move: Rest","|-heal|p1a: Suicune|401/401 slp|[silent]","|move|p2a: Blissey|Seismic Toss|p1a: Suicune","|-damage|p1a: Suicune|301/401 slp","|","|-weather|Sandstorm|[upkeep]","|-damage|p1a: Suicune|276/401 slp|[from] Sandstorm","|-damage|p2a: Blissey|620/661|[from] Sandstorm","|-heal|p1a: Suicune|301/401 slp|[from] item: Leftovers","|-heal|p2a: Blissey|661/661|[from] item: Leftovers","|upkeep","|turn|91","||adding 10 for new turn","|","|t:|1752976195","|switch|p2a: Skarmory|Skarmory, F|307/333 par","|cant|p1a: Suicune|slp","|","|-weather|Sandstorm|[upkeep]","|-damage|p1a: Suicune|276/401 slp|[from] Sandstorm","|-heal|p1a: Suicune|301/401 slp|[from] item: Leftovers","|-heal|p2a: Skarmory|327/333 par|[from] item: Leftovers","|upkeep","|turn|92","||adding 10 for new turn","|","|t:|1752976199","|cant|p1a: Suicune|slp","|cant|p2a: Skarmory|par","|","|-weather|Sandstorm|[upkeep]","|-damage|p1a: Suicune|276/401 slp|[from] Sandstorm","|-heal|p1a: Suicune|301/401 slp|[from] item: Leftovers","|-heal|p2a: Skarmory|333/333 par|[from] item: Leftovers","|upkeep","|turn|93","||adding 10 for new turn","|","|t:|1752976204","|switch|p2a: Milotic|Milotic, F|393/393","|-damage|p2a: Milotic|344/393|[from] Spikes","|-curestatus|p1a: Suicune|slp|[msg]","|move|p1a: Suicune|Surf|p2a: Milotic","|-resisted|p2a: Milotic","|-damage|p2a: Milotic|264/393","|","|-weather|Sandstorm|[upkeep]","|-damage|p2a: Milotic|240/393|[from] Sandstorm","|-damage|p1a: Suicune|276/401|[from] Sandstorm","|-heal|p2a: Milotic|264/393|[from] item: Leftovers","|-heal|p1a: Suicune|301/401|[from] item: Leftovers","|upkeep","|turn|94","||adding 10 for new turn","|","|t:|1752976212","|move|p2a: Milotic|Recover|p2a: Milotic","|-heal|p2a: Milotic|393/393","|move|p1a: Suicune|Calm Mind|p1a: Suicune","|-boost|p1a: Suicune|spa|1","|-boost|p1a: Suicune|spd|1","|","|-weather|Sandstorm|[upkeep]","|-damage|p1a: Suicune|276/401|[from] Sandstorm","|-damage|p2a: Milotic|369/393|[from] Sandstorm","|-heal|p2a: Milotic|393/393|[from] item: Leftovers","|-heal|p1a: Suicune|301/401|[from] item: Leftovers","|upkeep","|turn|95","||adding 10 for new turn","|","|t:|1752976219","|move|p2a: Milotic|Toxic|p1a: Suicune","|-status|p1a: Suicune|tox","|move|p1a: Suicune|Surf|p2a: Milotic","|-resisted|p2a: Milotic","|-damage|p2a: Milotic|295/393","|","|-weather|Sandstorm|[upkeep]","|-damage|p1a: Suicune|276/401 tox|[from] Sandstorm","|-damage|p2a: Milotic|271/393|[from] Sandstorm","|-heal|p1a: Suicune|301/401 tox|[from] item: Leftovers","|-heal|p2a: Milotic|295/393|[from] item: Leftovers","|-damage|p1a: Suicune|276/401 tox|[from] psn","|upkeep","|turn|96","||adding 10 for new turn","|","|t:|1752976227","|move|p1a: Suicune|Rest|p1a: Suicune","|-status|p1a: Suicune|slp|[from] move: Rest","|-heal|p1a: Suicune|401/401 slp|[silent]","|move|p2a: Milotic|Recover|p2a: Milotic","|-heal|p2a: Milotic|393/393","|","|-weather|Sandstorm|[upkeep]","|-damage|p1a: Suicune|376/401 slp|[from] Sandstorm","|-damage|p2a: Milotic|369/393|[from] Sandstorm","|-heal|p2a: Milotic|393/393|[from] item: Leftovers","|-heal|p1a: Suicune|401/401 slp|[from] item: Leftovers","|upkeep","|turn|97","||adding 10 for new turn","|","|t:|1752976235","|switch|p2a: Skarmory|Skarmory, F|333/333 par","|cant|p1a: Suicune|slp","|","|-weather|Sandstorm|[upkeep]","|-damage|p1a: Suicune|376/401 slp|[from] Sandstorm","|-heal|p1a: Suicune|401/401 slp|[from] item: Leftovers","|upkeep","|turn|98","||adding 10 for new turn","|","|t:|1752976239","|cant|p1a: Suicune|slp","|move|p2a: Skarmory|Roar|p1a: Suicune","|drag|p1a: Claydol|Claydol|304/324 tox","|","|-weather|Sandstorm|[upkeep]","|-heal|p1a: Claydol|324/324 tox|[from] item: Leftovers","|-damage|p1a: Claydol|304/324 tox|[from] psn","|upkeep","|turn|99","||adding 10 for new turn","|","|t:|1752976247","|move|p1a: Claydol|Rapid Spin|p2a: Skarmory","|-resisted|p2a: Skarmory","|-damage|p2a: Skarmory|327/333 par","|-sideend|p1: foultestchallenge1|Spikes|[from] move: Rapid Spin|[of] p1a: Claydol","|move|p2a: Skarmory|Spikes|p1a: Claydol","|-sidestart|p1: foultestchallenge1|Spikes","|","|-weather|Sandstorm|[upkeep]","|-heal|p1a: Claydol|324/324 tox|[from] item: Leftovers","|-damage|p1a: Claydol|284/324 tox|[from] psn","|-heal|p2a: Skarmory|333/333 par|[from] item: Leftovers","|upkeep","|turn|100","||adding 10 for new turn","|","|t:|1752976255","|move|p1a: Claydol|Rapid Spin|p2a: Skarmory","|-resisted|p2a: Skarmory","|-damage|p2a: Skarmory|327/333 par","|-sideend|p1: foultestchallenge1|Spikes|[from] move: Rapid Spin|[of] p1a: Claydol","|move|p2a: Skarmory|Spikes|p1a: Claydol","|-sidestart|p1: foultestchallenge1|Spikes","|","|-weather|Sandstorm|[upkeep]","|-heal|p1a: Claydol|304/324 tox|[from] item: Leftovers","|-damage|p1a: Claydol|244/324 tox|[from] psn","|-heal|p2a: Skarmory|333/333 par|[from] item: Leftovers","|upkeep","|turn|101","||adding 10 for new turn","|","|t:|1752976263","|move|p1a: Claydol|Rapid Spin|p2a: Skarmory","|-resisted|p2a: Skarmory","|-damage|p2a: Skarmory|327/333 par","|-sideend|p1: foultestchallenge1|Spikes|[from] move: Rapid Spin|[of] p1a: Claydol","|move|p2a: Skarmory|Spikes|p1a: Claydol","|-sidestart|p1: foultestchallenge1|Spikes","|","|-weather|Sandstorm|[upkeep]","|-heal|p1a: Claydol|264/324 tox|[from] item: Leftovers","|-damage|p1a: Claydol|184/324 tox|[from] psn","|-heal|p2a: Skarmory|333/333 par|[from] item: Leftovers","|upkeep","|turn|102","||adding 10 for new turn","|","|t:|1752976271","|move|p1a: Claydol|Rapid Spin|p2a: Skarmory","|-resisted|p2a: Skarmory","|-damage|p2a: Skarmory|327/333 par","|-sideend|p1: foultestchallenge1|Spikes|[from] move: Rapid Spin|[of] p1a: Claydol","|move|p2a: Skarmory|Spikes|p1a: Claydol","|-sidestart|p1: foultestchallenge1|Spikes","|","|-weather|Sandstorm|[upkeep]","|-heal|p1a: Claydol|204/324 tox|[from] item: Leftovers","|-damage|p1a: Claydol|104/324 tox|[from] psn","|-heal|p2a: Skarmory|333/333 par|[from] item: Leftovers","|upkeep","|turn|103","||adding 10 for new turn","|","|t:|1752976279","|move|p1a: Claydol|Rest|p1a: Claydol","|-status|p1a: Claydol|slp|[from] move: Rest","|-heal|p1a: Claydol|324/324 slp|[silent]","|cant|p2a: Skarmory|par","|","|-weather|Sandstorm|[upkeep]","|upkeep","|turn|104","||adding 10 for new turn","|","|t:|1752976287","|switch|p1a: Suicune|Suicune|401/401 slp","|-damage|p1a: Suicune|351/401 slp|[from] Spikes","|-ability|p1a: Suicune|Pressure|[silent]","|cant|p2a: Skarmory|par","|","|-weather|Sandstorm|[upkeep]","|-damage|p1a: Suicune|326/401 slp|[from] Sandstorm","|-heal|p1a: Suicune|351/401 slp|[from] item: Leftovers","|upkeep","|turn|105","||adding 10 for new turn","|","|t:|1752976291","|-curestatus|p1a: Suicune|slp|[msg]","|move|p1a: Suicune|Calm Mind|p1a: Suicune","|-boost|p1a: Suicune|spa|1","|-boost|p1a: Suicune|spd|1","|cant|p2a: Skarmory|par","|","|-weather|Sandstorm|[upkeep]","|-damage|p1a: Suicune|326/401|[from] Sandstorm","|-heal|p1a: Suicune|351/401|[from] item: Leftovers","|upkeep","|turn|106","||adding 10 for new turn","|","|t:|1752976295","|move|p1a: Suicune|Surf|p2a: Skarmory","|-damage|p2a: Skarmory|199/333 par","|move|p2a: Skarmory|Roar|p1a: Suicune","|drag|p1a: Dugtrio|Dugtrio, M|8/235","|-damage|p1a: Dugtrio|0 fnt|[from] Spikes","|faint|p1a: Dugtrio","||adding 5 to each for mid turn request","|","|t:|1752976299","|switch|p1a: Suicune|Suicune|351/401","|-damage|p1a: Suicune|301/401|[from] Spikes","|-ability|p1a: Suicune|Pressure|[silent]","|","|-weather|Sandstorm|[upkeep]","|-damage|p1a: Suicune|276/401|[from] Sandstorm","|-heal|p1a: Suicune|301/401|[from] item: Leftovers","|-heal|p2a: Skarmory|219/333 par|[from] item: Leftovers","|upkeep","|turn|107","||adding 10 for new turn","|","|t:|1752976304","|move|p1a: Suicune|Surf|p2a: Skarmory","|-damage|p2a: Skarmory|130/333 par","|move|p2a: Skarmory|Toxic|p1a: Suicune","|-status|p1a: Suicune|tox","|","|-weather|Sandstorm|[upkeep]","|-damage|p1a: Suicune|276/401 tox|[from] Sandstorm","|-heal|p1a: Suicune|301/401 tox|[from] item: Leftovers","|-damage|p1a: Suicune|276/401 tox|[from] psn","|-heal|p2a: Skarmory|150/333 par|[from] item: Leftovers","|upkeep","|turn|108","||adding 10 for new turn","|","|t:|1752976308","|move|p1a: Suicune|Surf|p2a: Skarmory","|-crit|p2a: Skarmory","|-damage|p2a: Skarmory|0 fnt","|faint|p2a: Skarmory","||adding 5 to each for mid turn request","|","|t:|1752976312","|switch|p2a: Claydol|Claydol|317/317","|","|-weather|Sandstorm|[upkeep]","|-damage|p1a: Suicune|251/401 tox|[from] Sandstorm","|-heal|p1a: Suicune|276/401 tox|[from] item: Leftovers","|-damage|p1a: Suicune|226/401 tox|[from] psn","|upkeep","|turn|109","||adding 10 for new turn","|","|t:|1752976320","|switch|p2a: Blissey|Blissey, F|661/661","|-damage|p2a: Blissey|579/661|[from] Spikes","|move|p1a: Suicune|Surf|p2a: Blissey","|-damage|p2a: Blissey|502/661","|","|-weather|Sandstorm|[upkeep]","|-damage|p1a: Suicune|201/401 tox|[from] Sandstorm","|-damage|p2a: Blissey|461/661|[from] Sandstorm","|-heal|p1a: Suicune|226/401 tox|[from] item: Leftovers","|-damage|p1a: Suicune|151/401 tox|[from] psn","|-heal|p2a: Blissey|502/661|[from] item: Leftovers","|upkeep","|turn|110","||adding 10 for new turn","|","|t:|1752976324","|move|p1a: Suicune|Rest|p1a: Suicune","|-status|p1a: Suicune|slp|[from] move: Rest","|-heal|p1a: Suicune|401/401 slp|[silent]","|move|p2a: Blissey|Soft-Boiled|p2a: Blissey","|-heal|p2a: Blissey|661/661","|","|-weather|Sandstorm|[upkeep]","|-damage|p1a: Suicune|376/401 slp|[from] Sandstorm","|-damage|p2a: Blissey|620/661|[from] Sandstorm","|-heal|p1a: Suicune|401/401 slp|[from] item: Leftovers","|-heal|p2a: Blissey|661/661|[from] item: Leftovers","|upkeep","|turn|111","||adding 10 for new turn","|","|t:|1752976328","|switch|p2a: Claydol|Claydol|317/317","|cant|p1a: Suicune|slp","|","|-weather|Sandstorm|[upkeep]","|-damage|p1a: Suicune|376/401 slp|[from] Sandstorm","|-heal|p1a: Suicune|401/401 slp|[from] item: Leftovers","|upkeep","|turn|112","||adding 10 for new turn","|","|t:|1752976336","|cant|p1a: Suicune|slp","|move|p2a: Claydol|Rapid Spin|p1a: Suicune","|-damage|p1a: Suicune|390/401 slp","|-sideend|p2: foultestacceptor1|Spikes|[from] move: Rapid Spin|[of] p2a: Claydol","|","|-weather|Sandstorm|[upkeep]","|-damage|p1a: Suicune|365/401 slp|[from] Sandstorm","|-heal|p1a: Suicune|390/401 slp|[from] item: Leftovers","|upkeep","|turn|113","||adding 10 for new turn","|","|t:|1752976344","|switch|p2a: Milotic|Milotic, F|393/393","|-curestatus|p1a: Suicune|slp|[msg]","|move|p1a: Suicune|Ice Beam|p2a: Milotic","|-resisted|p2a: Milotic","|-damage|p2a: Milotic|366/393","|","|-weather|Sandstorm|[upkeep]","|-damage|p1a: Suicune|365/401|[from] Sandstorm","|-damage|p2a: Milotic|342/393|[from] Sandstorm","|-heal|p1a: Suicune|390/401|[from] item: Leftovers","|-heal|p2a: Milotic|366/393|[from] item: Leftovers","|upkeep","|turn|114","||adding 10 for new turn","|","|t:|1752976352","|switch|p1a: Blissey|Blissey, F|625/714","|-damage|p1a: Blissey|536/714|[from] Spikes","|move|p2a: Milotic|Surf|p1a: Blissey","|-damage|p1a: Blissey|446/714","|","|-weather|Sandstorm|[upkeep]","|-damage|p2a: Milotic|342/393|[from] Sandstorm","|-damage|p1a: Blissey|402/714|[from] Sandstorm","|-heal|p2a: Milotic|366/393|[from] item: Leftovers","|-heal|p1a: Blissey|446/714|[from] item: Leftovers","|upkeep","|turn|115","||adding 10 for new turn","|","|t:|1752976356","|switch|p2a: Dugtrio|Dugtrio, F|211/211","|move|p1a: Blissey|Soft-Boiled|p1a: Blissey","|-heal|p1a: Blissey|714/714","|","|-weather|Sandstorm|[upkeep]","|-damage|p1a: Blissey|670/714|[from] Sandstorm","|-heal|p1a: Blissey|714/714|[from] item: Leftovers","|upkeep","|turn|116","||adding 10 for new turn","|","|t:|1752976364","|move|p2a: Dugtrio|Earthquake|p1a: Blissey","|-damage|p1a: Blissey|389/714","|move|p1a: Blissey|Soft-Boiled|p1a: Blissey","|-heal|p1a: Blissey|714/714","|","|-weather|Sandstorm|[upkeep]","|-damage|p1a: Blissey|670/714|[from] Sandstorm","|-heal|p1a: Blissey|714/714|[from] item: Leftovers","|upkeep","|turn|117","||adding 10 for new turn","|","|t:|1752976372","|switch|p2a: Claydol|Claydol|317/317","|move|p1a: Blissey|Soft-Boiled||[still]","|-fail|p1a: Blissey|heal","|","|-weather|Sandstorm|[upkeep]","|-damage|p1a: Blissey|670/714|[from] Sandstorm","|-heal|p1a: Blissey|714/714|[from] item: Leftovers","|upkeep","|turn|118","||adding 10 for new turn","|","|t:|1752976379","|move|p2a: Claydol|Earthquake|p1a: Blissey","|-damage|p1a: Blissey|502/714","|move|p1a: Blissey|Aromatherapy|p1a: Blissey","|-cureteam|p1a: Blissey|[from] move: Aromatherapy","|","|-weather|Sandstorm|[upkeep]","|-damage|p1a: Blissey|458/714|[from] Sandstorm","|-heal|p1a: Blissey|502/714|[from] item: Leftovers","|upkeep","|turn|119","||adding 10 for new turn","|","|t:|1752976387","|move|p2a: Claydol|Earthquake|p1a: Blissey","|-damage|p1a: Blissey|290/714","|move|p1a: Blissey|Soft-Boiled|p1a: Blissey","|-heal|p1a: Blissey|647/714","|","|-weather|Sandstorm|[upkeep]","|-damage|p1a: Blissey|603/714|[from] Sandstorm","|-heal|p1a: Blissey|647/714|[from] item: Leftovers","|upkeep","|turn|120","||adding 10 for new turn","|","|t:|1752976395","|switch|p2a: Milotic|Milotic, F|366/393","|move|p1a: Blissey|Seismic Toss|p2a: Milotic","|-damage|p2a: Milotic|266/393","|","|-weather|Sandstorm|[upkeep]","|-damage|p2a: Milotic|242/393|[from] Sandstorm","|-damage|p1a: Blissey|603/714|[from] Sandstorm","|-heal|p2a: Milotic|266/393|[from] item: Leftovers","|-heal|p1a: Blissey|647/714|[from] item: Leftovers","|upkeep","|turn|121","||adding 10 for new turn","|","|t:|1752976400","|move|p2a: Milotic|Surf|p1a: Blissey","|-damage|p1a: Blissey|568/714","|move|p1a: Blissey|Thunder Wave|p2a: Milotic","|-status|p2a: Milotic|par","|","|-weather|Sandstorm|[upkeep]","|-damage|p1a: Blissey|524/714|[from] Sandstorm","|-damage|p2a: Milotic|242/393 par|[from] Sandstorm","|-heal|p1a: Blissey|568/714|[from] item: Leftovers","|-heal|p2a: Milotic|266/393 par|[from] item: Leftovers","|upkeep","|turn|122","||adding 10 for new turn","|","|t:|1752976404","|move|p1a: Blissey|Soft-Boiled|p1a: Blissey","|-heal|p1a: Blissey|714/714","|move|p2a: Milotic|Refresh|p2a: Milotic","|-curestatus|p2a: Milotic|par|[msg]","|","|-weather|Sandstorm|[upkeep]","|-damage|p2a: Milotic|242/393|[from] Sandstorm","|-damage|p1a: Blissey|670/714|[from] Sandstorm","|-heal|p2a: Milotic|266/393|[from] item: Leftovers","|-heal|p1a: Blissey|714/714|[from] item: Leftovers","|upkeep","|turn|123","||adding 10 for new turn","|","|t:|1752976409","|move|p2a: Milotic|Recover|p2a: Milotic","|-heal|p2a: Milotic|393/393","|move|p1a: Blissey|Thunder Wave|p2a: Milotic","|-status|p2a: Milotic|par","|","|-weather|Sandstorm|[upkeep]","|-damage|p1a: Blissey|670/714|[from] Sandstorm","|-damage|p2a: Milotic|369/393 par|[from] Sandstorm","|-heal|p1a: Blissey|714/714|[from] item: Leftovers","|-heal|p2a: Milotic|393/393 par|[from] item: Leftovers","|upkeep","|turn|124","||adding 10 for new turn","|","|t:|1752976413","|move|p1a: Blissey|Seismic Toss|p2a: Milotic","|-damage|p2a: Milotic|293/393 par","|move|p2a: Milotic|Refresh|p2a: Milotic","|-curestatus|p2a: Milotic|par|[msg]","|","|-weather|Sandstorm|[upkeep]","|-damage|p2a: Milotic|269/393|[from] Sandstorm","|-damage|p1a: Blissey|670/714|[from] Sandstorm","|-heal|p2a: Milotic|293/393|[from] item: Leftovers","|-heal|p1a: Blissey|714/714|[from] item: Leftovers","|upkeep","|turn|125","||adding 10 for new turn","|","|t:|1752976418","|move|p2a: Milotic|Surf|p1a: Blissey","|-damage|p1a: Blissey|625/714","|move|p1a: Blissey|Thunder Wave|p2a: Milotic","|-status|p2a: Milotic|par","|","|-weather|Sandstorm|[upkeep]","|-damage|p1a: Blissey|581/714|[from] Sandstorm","|-damage|p2a: Milotic|269/393 par|[from] Sandstorm","|-heal|p1a: Blissey|625/714|[from] item: Leftovers","|-heal|p2a: Milotic|293/393 par|[from] item: Leftovers","|upkeep","|turn|126","||adding 10 for new turn","|","|t:|1752976422","|switch|p1a: Forretress|Forretress, M|273/354","|-damage|p1a: Forretress|229/354|[from] Spikes","|move|p2a: Milotic|Refresh|p2a: Milotic","|-curestatus|p2a: Milotic|par|[msg]","|","|-weather|Sandstorm|[upkeep]","|-damage|p2a: Milotic|269/393|[from] Sandstorm","|-heal|p2a: Milotic|293/393|[from] item: Leftovers","|-heal|p1a: Forretress|251/354|[from] item: Leftovers","|upkeep","|turn|127","||adding 10 for new turn","|","|t:|1752976430","|move|p2a: Milotic|Surf|p1a: Forretress","|-damage|p1a: Forretress|137/354","|move|p1a: Forretress|Spikes|p2a: Milotic","|-sidestart|p2: foultestacceptor1|Spikes","|","|-weather|Sandstorm|[upkeep]","|-damage|p2a: Milotic|269/393|[from] Sandstorm","|-heal|p2a: Milotic|293/393|[from] item: Leftovers","|-heal|p1a: Forretress|159/354|[from] item: Leftovers","|upkeep","|turn|128","||adding 10 for new turn","|","|t:|1752976438","|move|p2a: Milotic|Surf|p1a: Forretress","|-damage|p1a: Forretress|53/354","|move|p1a: Forretress|Explosion|p2a: Milotic","|-damage|p2a: Milotic|1/393","|faint|p1a: Forretress","||adding 5 to each for mid turn request","|","|t:|1752976442","|switch|p1a: Suicune|Suicune|390/401","|-damage|p1a: Suicune|340/401|[from] Spikes","|-ability|p1a: Suicune|Pressure|[silent]","|","|-weather|Sandstorm|[upkeep]","|-damage|p2a: Milotic|0 fnt|[from] Sandstorm","|-damage|p1a: Suicune|315/401|[from] Sandstorm","|faint|p2a: Milotic","|-heal|p1a: Suicune|340/401|[from] item: Leftovers","|upkeep","||adding 5 to each for mid turn request","|","|t:|1752976446","|switch|p2a: Blissey|Blissey, F|661/661","|-damage|p2a: Blissey|579/661|[from] Spikes","|turn|129","||adding 10 for new turn","|","|t:|1752976451","|move|p1a: Suicune|Calm Mind|p1a: Suicune","|-boost|p1a: Suicune|spa|1","|-boost|p1a: Suicune|spd|1","|move|p2a: Blissey|Ice Beam|p1a: Suicune","|-resisted|p1a: Suicune","|-damage|p1a: Suicune|318/401","|","|-weather|Sandstorm|[upkeep]","|-damage|p1a: Suicune|293/401|[from] Sandstorm","|-damage|p2a: Blissey|538/661|[from] Sandstorm","|-heal|p1a: Suicune|318/401|[from] item: Leftovers","|-heal|p2a: Blissey|579/661|[from] item: Leftovers","|upkeep","|turn|130","||adding 10 for new turn","|","|t:|1752976455","|move|p1a: Suicune|Calm Mind|p1a: Suicune","|-boost|p1a: Suicune|spa|1","|-boost|p1a: Suicune|spd|1","|move|p2a: Blissey|Ice Beam|p1a: Suicune","|-resisted|p1a: Suicune","|-damage|p1a: Suicune|301/401","|","|-weather|Sandstorm|[upkeep]","|-damage|p1a: Suicune|276/401|[from] Sandstorm","|-damage|p2a: Blissey|538/661|[from] Sandstorm","|-heal|p1a: Suicune|301/401|[from] item: Leftovers","|-heal|p2a: Blissey|579/661|[from] item: Leftovers","|upkeep","|turn|131","||adding 10 for new turn","|","|t:|1752976460","|move|p1a: Suicune|Calm Mind|p1a: Suicune","|-boost|p1a: Suicune|spa|1","|-boost|p1a: Suicune|spd|1","|move|p2a: Blissey|Ice Beam|p1a: Suicune","|-resisted|p1a: Suicune","|-damage|p1a: Suicune|287/401","|","|-weather|Sandstorm|[upkeep]","|-damage|p1a: Suicune|262/401|[from] Sandstorm","|-damage|p2a: Blissey|538/661|[from] Sandstorm","|-heal|p1a: Suicune|287/401|[from] item: Leftovers","|-heal|p2a: Blissey|579/661|[from] item: Leftovers","|upkeep","|turn|132","||adding 10 for new turn","|","|t:|1752976464","|move|p1a: Suicune|Calm Mind|p1a: Suicune","|-boost|p1a: Suicune|spa|1","|-boost|p1a: Suicune|spd|1","|move|p2a: Blissey|Thunder Wave|p1a: Suicune","|-status|p1a: Suicune|par","|","|-weather|Sandstorm|[upkeep]","|-damage|p2a: Blissey|538/661|[from] Sandstorm","|-damage|p1a: Suicune|262/401 par|[from] Sandstorm","|-heal|p2a: Blissey|579/661|[from] item: Leftovers","|-heal|p1a: Suicune|287/401 par|[from] item: Leftovers","|upkeep","|turn|133","||adding 10 for new turn","|","|t:|1752976468","|move|p2a: Blissey|Soft-Boiled|p2a: Blissey","|-heal|p2a: Blissey|661/661","|move|p1a: Suicune|Ice Beam|p2a: Blissey","|-damage|p2a: Blissey|505/661","|-status|p2a: Blissey|frz","|","|-weather|Sandstorm|[upkeep]","|-damage|p2a: Blissey|464/661 frz|[from] Sandstorm","|-damage|p1a: Suicune|262/401 par|[from] Sandstorm","|-heal|p2a: Blissey|505/661 frz|[from] item: Leftovers","|-heal|p1a: Suicune|287/401 par|[from] item: Leftovers","|upkeep","|turn|134","||adding 10 for new turn","|","|t:|1752976473","|cant|p2a: Blissey|frz","|cant|p1a: Suicune|par","|","|-weather|Sandstorm|[upkeep]","|-damage|p2a: Blissey|464/661 frz|[from] Sandstorm","|-damage|p1a: Suicune|262/401 par|[from] Sandstorm","|-heal|p2a: Blissey|505/661 frz|[from] item: Leftovers","|-heal|p1a: Suicune|287/401 par|[from] item: Leftovers","|upkeep","|turn|135","||adding 10 for new turn","|","|t:|1752976477","|cant|p2a: Blissey|frz","|move|p1a: Suicune|Surf|p2a: Blissey","|-damage|p2a: Blissey|258/661 frz","|","|-weather|Sandstorm|[upkeep]","|-damage|p2a: Blissey|217/661 frz|[from] Sandstorm","|-damage|p1a: Suicune|262/401 par|[from] Sandstorm","|-heal|p2a: Blissey|258/661 frz|[from] item: Leftovers","|-heal|p1a: Suicune|287/401 par|[from] item: Leftovers","|upkeep","|turn|136","||adding 10 for new turn","|","|t:|1752976482","|-curestatus|p2a: Blissey|frz|[from] ability: Natural Cure","|switch|p2a: Dugtrio|Dugtrio, F|211/211","|-damage|p2a: Dugtrio|185/211|[from] Spikes","|move|p1a: Suicune|Surf|p2a: Dugtrio","|-supereffective|p2a: Dugtrio","|-damage|p2a: Dugtrio|0 fnt","|faint|p2a: Dugtrio","||adding 5 to each for mid turn request","|","|t:|1752976486","|switch|p2a: Blissey|Blissey, F|258/661","|-damage|p2a: Blissey|176/661|[from] Spikes","|","|-weather|Sandstorm|[upkeep]","|-damage|p2a: Blissey|135/661|[from] Sandstorm","|-damage|p1a: Suicune|262/401 par|[from] Sandstorm","|-heal|p2a: Blissey|176/661|[from] item: Leftovers","|-heal|p1a: Suicune|287/401 par|[from] item: Leftovers","|upkeep","|turn|137","||adding 10 for new turn","|","|t:|1752976490","|move|p2a: Blissey|Soft-Boiled|p2a: Blissey","|-heal|p2a: Blissey|506/661","|cant|p1a: Suicune|par","|","|-weather|Sandstorm|[upkeep]","|-damage|p2a: Blissey|465/661|[from] Sandstorm","|-damage|p1a: Suicune|262/401 par|[from] Sandstorm","|-heal|p2a: Blissey|506/661|[from] item: Leftovers","|-heal|p1a: Suicune|287/401 par|[from] item: Leftovers","|upkeep","|turn|138","||adding 10 for new turn","|","|t:|1752976494","|move|p2a: Blissey|Soft-Boiled|p2a: Blissey","|-heal|p2a: Blissey|661/661","|move|p1a: Suicune|Surf|p2a: Blissey","|-damage|p2a: Blissey|437/661","|","|-weather|Sandstorm|[upkeep]","|-damage|p2a: Blissey|396/661|[from] Sandstorm","|-damage|p1a: Suicune|262/401 par|[from] Sandstorm","|-heal|p2a: Blissey|437/661|[from] item: Leftovers","|-heal|p1a: Suicune|287/401 par|[from] item: Leftovers","|upkeep","|turn|139","||adding 10 for new turn","|","|t:|1752976499","|move|p2a: Blissey|Soft-Boiled|p2a: Blissey","|-heal|p2a: Blissey|661/661","|move|p1a: Suicune|Surf|p2a: Blissey","|-damage|p2a: Blissey|440/661","|","|-weather|Sandstorm|[upkeep]","|-damage|p2a: Blissey|399/661|[from] Sandstorm","|-damage|p1a: Suicune|262/401 par|[from] Sandstorm","|-heal|p2a: Blissey|440/661|[from] item: Leftovers","|-heal|p1a: Suicune|287/401 par|[from] item: Leftovers","|upkeep","|turn|140","||adding 10 for new turn","|","|t:|1752976503","|move|p2a: Blissey|Soft-Boiled|p2a: Blissey","|-heal|p2a: Blissey|661/661","|move|p1a: Suicune|Surf|p2a: Blissey","|-damage|p2a: Blissey|429/661","|","|-weather|Sandstorm|[upkeep]","|-damage|p2a: Blissey|388/661|[from] Sandstorm","|-damage|p1a: Suicune|262/401 par|[from] Sandstorm","|-heal|p2a: Blissey|429/661|[from] item: Leftovers","|-heal|p1a: Suicune|287/401 par|[from] item: Leftovers","|upkeep","|turn|141","||adding 10 for new turn","|","|t:|1752976507","|move|p2a: Blissey|Soft-Boiled|p2a: Blissey","|-heal|p2a: Blissey|661/661","|move|p1a: Suicune|Surf|p2a: Blissey","|-damage|p2a: Blissey|429/661","|","|-weather|Sandstorm|[upkeep]","|-damage|p2a: Blissey|388/661|[from] Sandstorm","|-damage|p1a: Suicune|262/401 par|[from] Sandstorm","|-heal|p2a: Blissey|429/661|[from] item: Leftovers","|-heal|p1a: Suicune|287/401 par|[from] item: Leftovers","|upkeep","|turn|142","||adding 10 for new turn","|","|t:|1752976512","|move|p2a: Blissey|Soft-Boiled|p2a: Blissey","|-heal|p2a: Blissey|661/661","|move|p1a: Suicune|Surf|p2a: Blissey","|-damage|p2a: Blissey|437/661","|","|-weather|Sandstorm|[upkeep]","|-damage|p2a: Blissey|396/661|[from] Sandstorm","|-damage|p1a: Suicune|262/401 par|[from] Sandstorm","|-heal|p2a: Blissey|437/661|[from] item: Leftovers","|-heal|p1a: Suicune|287/401 par|[from] item: Leftovers","|upkeep","|turn|143","||adding 10 for new turn","|","|t:|1752976516","|move|p2a: Blissey|Soft-Boiled|p2a: Blissey","|-heal|p2a: Blissey|661/661","|cant|p1a: Suicune|par","|","|-weather|Sandstorm|[upkeep]","|-damage|p2a: Blissey|620/661|[from] Sandstorm","|-damage|p1a: Suicune|262/401 par|[from] Sandstorm","|-heal|p2a: Blissey|661/661|[from] item: Leftovers","|-heal|p1a: Suicune|287/401 par|[from] item: Leftovers","|upkeep","|turn|144","||adding 10 for new turn","|","|t:|1752976520","|move|p2a: Blissey|Thunder Wave|p1a: Suicune","|-fail|p1a: Suicune|par","|move|p1a: Suicune|Ice Beam|p2a: Blissey","|-crit|p2a: Blissey","|-damage|p2a: Blissey|369/661","|-status|p2a: Blissey|frz","|","|-weather|Sandstorm|[upkeep]","|-damage|p2a: Blissey|328/661 frz|[from] Sandstorm","|-damage|p1a: Suicune|262/401 par|[from] Sandstorm","|-heal|p2a: Blissey|369/661 frz|[from] item: Leftovers","|-heal|p1a: Suicune|287/401 par|[from] item: Leftovers","|upkeep","|turn|145","||adding 10 for new turn","|","|t:|1752976525","|cant|p2a: Blissey|frz","|move|p1a: Suicune|Surf|p2a: Blissey","|-damage|p2a: Blissey|150/661 frz","|","|-weather|Sandstorm|[upkeep]","|-damage|p2a: Blissey|109/661 frz|[from] Sandstorm","|-damage|p1a: Suicune|262/401 par|[from] Sandstorm","|-heal|p2a: Blissey|150/661 frz|[from] item: Leftovers","|-heal|p1a: Suicune|287/401 par|[from] item: Leftovers","|upkeep","|turn|146","||adding 10 for new turn","|","|t:|1752976529","|-curestatus|p2a: Blissey|frz|[from] ability: Natural Cure","|switch|p2a: Claydol|Claydol|317/317","|move|p1a: Suicune|Ice Beam|p2a: Claydol","|-supereffective|p2a: Claydol","|-damage|p2a: Claydol|0 fnt","|faint|p2a: Claydol","||adding 5 to each for mid turn request","|","|t:|1752976533","|switch|p2a: Blissey|Blissey, F|150/661","|-damage|p2a: Blissey|68/661|[from] Spikes","|","|-weather|Sandstorm|[upkeep]","|-damage|p2a: Blissey|27/661|[from] Sandstorm","|-damage|p1a: Suicune|262/401 par|[from] Sandstorm","|-heal|p2a: Blissey|68/661|[from] item: Leftovers","|-heal|p1a: Suicune|287/401 par|[from] item: Leftovers","|upkeep","|turn|147","||adding 10 for new turn","|","|t:|1752976537","|move|p2a: Blissey|Soft-Boiled|p2a: Blissey","|-heal|p2a: Blissey|398/661","|move|p1a: Suicune|Surf|p2a: Blissey","|-damage|p2a: Blissey|166/661","|","|-weather|Sandstorm|[upkeep]","|-damage|p2a: Blissey|125/661|[from] Sandstorm","|-damage|p1a: Suicune|262/401 par|[from] Sandstorm","|-heal|p2a: Blissey|166/661|[from] item: Leftovers","|-heal|p1a: Suicune|287/401 par|[from] item: Leftovers","|upkeep","|turn|148","||adding 10 for new turn","|","|t:|1752976541","|move|p2a: Blissey|Soft-Boiled|p2a: Blissey","|-heal|p2a: Blissey|496/661","|move|p1a: Suicune|Ice Beam|p2a: Blissey","|-damage|p2a: Blissey|340/661","|","|-weather|Sandstorm|[upkeep]","|-damage|p2a: Blissey|299/661|[from] Sandstorm","|-damage|p1a: Suicune|262/401 par|[from] Sandstorm","|-heal|p2a: Blissey|340/661|[from] item: Leftovers","|-heal|p1a: Suicune|287/401 par|[from] item: Leftovers","|upkeep","|turn|149","||adding 10 for new turn","|","|t:|1752976545","|move|p2a: Blissey|Soft-Boiled|p2a: Blissey","|-heal|p2a: Blissey|661/661","|move|p1a: Suicune|Ice Beam|p2a: Blissey","|-damage|p2a: Blissey|514/661","|","|-weather|Sandstorm|[upkeep]","|-damage|p2a: Blissey|473/661|[from] Sandstorm","|-damage|p1a: Suicune|262/401 par|[from] Sandstorm","|-heal|p2a: Blissey|514/661|[from] item: Leftovers","|-heal|p1a: Suicune|287/401 par|[from] item: Leftovers","|upkeep","|turn|150","||adding 10 for new turn","|","|t:|1752976550","|move|p2a: Blissey|Ice Beam|p1a: Suicune","|-resisted|p1a: Suicune","|-damage|p1a: Suicune|276/401 par","|move|p1a: Suicune|Ice Beam|p2a: Blissey","|-damage|p2a: Blissey|346/661","|","|-weather|Sandstorm|[upkeep]","|-damage|p2a: Blissey|305/661|[from] Sandstorm","|-damage|p1a: Suicune|251/401 par|[from] Sandstorm","|-heal|p2a: Blissey|346/661|[from] item: Leftovers","|-heal|p1a: Suicune|276/401 par|[from] item: Leftovers","|upkeep","|turn|151","||adding 10 for new turn","|","|t:|1752976554","|move|p2a: Blissey|Ice Beam|p1a: Suicune","|-resisted|p1a: Suicune","|-damage|p1a: Suicune|266/401 par","|cant|p1a: Suicune|par","|","|-weather|Sandstorm|[upkeep]","|-damage|p2a: Blissey|305/661|[from] Sandstorm","|-damage|p1a: Suicune|241/401 par|[from] Sandstorm","|-heal|p2a: Blissey|346/661|[from] item: Leftovers","|-heal|p1a: Suicune|266/401 par|[from] item: Leftovers","|upkeep","|turn|152","||adding 10 for new turn","|","|t:|1752976558","|move|p2a: Blissey|Ice Beam|p1a: Suicune","|-resisted|p1a: Suicune","|-damage|p1a: Suicune|255/401 par","|move|p1a: Suicune|Ice Beam|p2a: Blissey","|-damage|p2a: Blissey|180/661","|","|-weather|Sandstorm|[upkeep]","|-damage|p2a: Blissey|139/661|[from] Sandstorm","|-damage|p1a: Suicune|230/401 par|[from] Sandstorm","|-heal|p2a: Blissey|180/661|[from] item: Leftovers","|-heal|p1a: Suicune|255/401 par|[from] item: Leftovers","|upkeep","|turn|153","||adding 10 for new turn","|","|t:|1752976563","|move|p2a: Blissey|Ice Beam|p1a: Suicune","|-resisted|p1a: Suicune","|-damage|p1a: Suicune|244/401 par","|move|p1a: Suicune|Ice Beam|p2a: Blissey","|-damage|p2a: Blissey|36/661","|-status|p2a: Blissey|frz","|","|-weather|Sandstorm|[upkeep]","|-damage|p2a: Blissey|0 fnt|[from] Sandstorm","|-damage|p1a: Suicune|219/401 par|[from] Sandstorm","|faint|p2a: Blissey","|","|win|foultestchallenge1",""],"p1rating":null,"p2rating":null,"endType":"normal","ladderError":true,"timestamp":"Sat Jul 19 2025 18:56:03 GMT-0700 (アメリカ太平洋夏時間)","roomid":"battle-gen3ou-1031","format":"gen3ou"}