{"winner":"foultestacceptor1","seed":"sodium,187aae0225d7046a944bdef0d01f97d1","turns":39,"p1":"foultestchallenge1","p2":"foultestacceptor1","p1team":[{"name":"Tyranitar","species":"Tyranitar","item":"Leftovers","ability":"Sand Stream","moves":["Rock Slide","Earthquake","Hidden Power Bug","Roar"],"nature":"Adamant","evs":{"hp":184,"atk":196,"def":120,"spa":0,"spd":0,"spe":8},"gender":"F","ivs":{"hp":31,"atk":30,"def":30,"spa":31,"spd":30,"spe":31},"happiness":255,"hpType":"Bug","pokeball":"","gigantamax":false,"dynamaxLevel":10,"teraType":"","level":100},{"name":"Milotic","species":"Milotic","item":"Leftovers","ability":"Marvel Scale","moves":["Surf","Toxic","Recover","Refresh"],"nature":"Bold","evs":{"hp":248,"atk":0,"def":212,"spa":0,"spd":0,"spe":48},"gender":"M","ivs":{"hp":31,"atk":0,"def":31,"spa":31,"spd":31,"spe":31},"level":100},{"name":"Blissey","species":"Blissey","item":"Leftovers","ability":"Natural Cure","moves":["Seismic Toss","Ice Beam","Thunder Wave","Soft-Boiled"],"nature":"Bold","evs":{"hp":40,"atk":0,"def":244,"spa":208,"spd":0,"spe":16},"gender":"F","level":100,"ivs":{"hp":31,"atk":31,"def":31,"spa":31,"spd":31,"spe":31}},{"name":"Skarmory","species":"Skarmory","item":"Leftovers","ability":"Keen Eye","moves":["Drill Peck","Toxic","Spikes","Roar"],"nature":"Careful","evs":{"hp":248,"atk":0,"def":0,"spa":0,"spd":236,"spe":24},"gender":"F","level":100,"ivs":{"hp":31,"atk":31,"def":31,"spa":31,"spd":31,"spe":31}},{"name":"Claydol","species":"Claydol","item":"Leftovers","ability":"Levitate","moves":["Earthquake","Psychic","Refresh","Rapid Spin"],"nature":"Adamant","evs":{"hp":224,"atk":228,"def":0,"spa":36,"spd":0,"spe":20},"gender":"N","level":100,"ivs":{"hp":31,"atk":31,"def":31,"spa":31,"spd":31,"spe":31}},{"name":"Dugtrio","species":"Dugtrio","item":"Choice Band","ability":"Arena Trap","moves":["Earthquake","Aerial Ace","Hidden Power Bug","Screech"],"nature":"Jolly","evs":{"hp":0,"atk":252,"def":0,"spa":0,"spd":4,"spe":252},"gender":"F","ivs":{"hp":31,"atk":30,"def":30,"spa":31,"spd":30,"spe":31},"happiness":255,"hpType":"Bug","pokeball":"","gigantamax":false,"dynamaxLevel":10,"teraType":"","level":100}],"p2team":[{"name":"Skarmory","species":"Skarmory","item":"Leftovers","ability":"Keen Eye","moves":["Spikes","Protect","Roar","Toxic"],"nature":"Careful","evs":{"hp":252,"atk":0,"def":8,"spa":0,"spd":248,"spe":0},"gender":"F","ivs":{"hp":31,"atk":0,"def":31,"spa":31,"spd":31,"spe":31},"level":100},{"name":"Blissey","species":"Blissey","item":"Leftovers","ability":"Natural Cure","moves":["Soft-Boiled","Ice Beam","Toxic","Fire Blast"],"nature":"Modest","evs":{"hp":0,"atk":0,"def":252,"spa":252,"spd":0,"spe":4},"gender":"F","ivs":{"hp":31,"atk":0,"def":31,"spa":31,"spd":31,"spe":31},"shiny":true,"level":100},{"name":"Tyranitar","species":"Tyranitar","item":"Leftovers","ability":"Sand Stream","moves":["Focus Punch","Rock Slide","Hidden Power Bug","Earthquake"],"nature":"Adamant","evs":{"hp":248,"atk":196,"def":12,"spa":0,"spd":52,"spe":0},"gender":"F","ivs":{"hp":31,"atk":30,"def":30,"spa":31,"spd":30,"spe":31},"happiness":255,"hpType":"Bug","pokeball":"","gigantamax":false,"dynamaxLevel":10,"teraType":"","level":100},{"name":"Swampert","species":"Swampert","item":"Leftovers","ability":"Torrent","moves":["Earthquake","Ice Beam","Hydro Pump","Protect"],"nature":"Relaxed","evs":{"hp":240,"atk":0,"def":136,"spa":40,"spd":48,"spe":44},"gender":"F","level":100,"ivs":{"hp":31,"atk":31,"def":31,"spa":31,"spd":31,"spe":31}},{"name":"Gengar","species":"Gengar","item":"Leftovers","ability":"Levitate","moves":["Will-O-Wisp","Thunderbolt","Ice Punch","Explosion"],"nature":"Timid","evs":{"hp":168,"atk":0,"def":0,"spa":0,"spd":164,"spe":176},"gender":"F","level":100,"ivs":{"hp":31,"atk":31,"def":31,"spa":31,"spd":31,"spe":31}},{"name":"Starmie","species":"Starmie","item":"Leftovers","ability":"Natural Cure","moves":["Hydro Pump","Ice Beam","Thunderbolt","Rapid Spin"],"nature":"Timid","evs":{"hp":4,"atk":0,"def":0,"spa":252,"spd":0,"spe":252},"gender":"N","ivs":{"hp":31,"atk":0,"def":31,"spa":31,"spd":31,"spe":31},"level":100}],"score":[0,4],"inputLog":[">version 372d05e49c92a79eecdf6c8dddb208bd1765c00f",">start {\"formatid\":\"gen3ou\",\"seed\":\"sodium,187aae0225d7046a944bdef0d01f97d1\"}",">player p1 {\"name\":\"foultestchallenge1\",\"avatar\":\"1\",\"team\":\"Tyranitar||Leftovers|SandStream|RockSlide,Earthquake,HiddenPowerBug,Roar|Adamant|184,196,120,,,8|F|,30,30,,30,|||,Bug,,,,]Milotic||Leftovers|MarvelScale|Surf,Toxic,Recover,Refresh|Bold|248,,212,,,48|M|,0,,,,|||]Blissey||Leftovers|NaturalCure|SeismicToss,IceBeam,ThunderWave,SoftBoiled|Bold|40,,244,208,,16|F||||]Skarmory||Leftovers|KeenEye|DrillPeck,Toxic,Spikes,Roar|Careful|248,,,,236,24|F||||]Claydol||Leftovers|Levitate|Earthquake,Psychic,Refresh,RapidSpin|Adamant|224,228,,36,,20|N||||]Dugtrio||ChoiceBand|ArenaTrap|Earthquake,AerialAce,HiddenPowerBug,Screech|Jolly|,252,,,4,252|F|,30,30,,30,|||,Bug,,,,\",\"rating\":0}",">player p2 {\"name\":\"foultestacceptor1\",\"avatar\":\"1\",\"team\":\"Skarmory||Leftovers|KeenEye|Spikes,Protect,Roar,Toxic|Careful|252,,8,,248,|F|,0,,,,|||]Blissey||Leftovers|NaturalCure|SoftBoiled,IceBeam,Toxic,FireBlast|Modest|,,252,252,,4|F|,0,,,,|S||]Tyranitar||Leftovers|SandStream|FocusPunch,RockSlide,HiddenPowerBug,Earthquake|Adamant|248,196,12,,52,|F|,30,30,,30,|||,Bug,,,,]Swampert||Leftovers|Torrent|Earthquake,IceBeam,HydroPump,Protect|Relaxed|240,,136,40,48,44|F||||]Gengar||Leftovers|Levitate|WillOWisp,Thunderbolt,IcePunch,Explosion|Timid|168,,,,164,176|F||||]Starmie||Leftovers|NaturalCure|HydroPump,IceBeam,Thunderbolt,RapidSpin|Timid|4,,,252,,252|N|,0,,,,|||\",\"rating\":0}",">p1 move rockslide",">p2 move spikes",">p1 move rockslide",">p2 move spikes",">p1 move rockslide",">p2 move spikes",">p1 move rockslide",">p2 move roar",">p1 move rockslide",">p2 move roar",">p1 move seismictoss",">p2 switch 3",">p1 switch 5",">p2 move rockslide",">p1 move rapidspin",">p2 switch 5",">p1 move psychic",">p2 move willowisp",">p1 move psychic",">p2 move willowisp",">p2 switch 6",">p1 move rapidspin",">p2 move hydropump",">p1 switch 5",">p1 move softboiled",">p2 switch 5",">p1 move icebeam",">p2 move focuspunch",">p1 move seismictoss",">p2 move focuspunch",">p1 move seismictoss",">p2 move focuspunch",">p1 move icebeam",">p2 move rockslide",">p1 move icebeam",">p2 move focuspunch",">p1 move icebeam",">p2 move rockslide",">p1 switch 4",">p2 move rockslide",">p1 move drillpeck",">p2 move focuspunch",">p1 move drillpeck",">p2 move focuspunch",">p1 move spikes",">p2 move focuspunch",">p1 move drillpeck",">p2 move rockslide",">p1 move drillpeck",">p2 move rockslide",">p1 move drillpeck",">p2 move rockslide",">p1 switch 2",">p1 move surf",">p2 switch 5",">p1 move recover",">p2 move rapidspin",">p1 move surf",">p2 move thunderbolt",">p1 move recover",">p2 move thunderbolt",">p1 move recover",">p2 move thunderbolt",">p1 move recover",">p2 move thunderbolt",">p1 move recover",">p2 move thunderbolt",">p1 switch 6",">p1 move earthquake",">p2 move icebeam",">p2 switch 4",">p1 switch 4",">p2 move earthquake",">p1 switch 4",">p1 move earthquake",">p2 move earthquake",">p1 switch 3",">p1 move roar",">p2 move earthquake",">p1 move rockslide",">p2 move toxic",">p1 move roar",">p2 switch 2",">p1 move rockslide",">p2 move earthquake"],"log":["|j|☆foultestchallenge1","|j|☆foultestacceptor1","|t:|1752925833","|gametype|singles","|player|p1|foultestchallenge1|1|","|player|p2|foultestacceptor1|1|","|teamsize|p1|6","|teamsize|p2|6","|gen|3","|tier|[Gen 3] OU","|rule|Sleep Clause Mod: Limit one foe put to sleep","|rule|Switch Priority Clause Mod: Faster Pokémon switch first","|rule|Species Clause: Limit one of each Pokémon","|rule|OHKO Clause: OHKO moves are banned","|rule|Evasion Items Clause: Evasion items are banned","|rule|Evasion Moves Clause: Evasion moves are banned","|rule|Endless Battle Clause: Forcing endless battles is banned","|rule|HP Percentage Mod: HP is shown in percentages","|rule|One Boost Passer Clause: Limit one Baton Passer that has a way to boost its stats","|rule|Freeze Clause Mod: Limit one foe frozen","|","|t:|1752925833","|start","|switch|p1a: Tyranitar|Tyranitar, F|387/387","|switch|p2a: Skarmory|Skarmory, F|334/334","|-weather|Sandstorm|[from] ability: Sand Stream|[of] p1a: Tyranitar","|turn|1","|inactive|Battle timer is ON: inactive players will automatically lose when time's up. (requested by foultestchallenge1)","|inactive|foultestacceptor1 also wants the timer to be on.","|","|t:|1752925835","|move|p2a: Skarmory|Spikes|p1a: Tyranitar","|-sidestart|p1: foultestchallenge1|Spikes","|move|p1a: Tyranitar|Rock Slide|p2a: Skarmory|[miss]","|-miss|p1a: Tyranitar|p2a: Skarmory","|","|-weather|Sandstorm|[upkeep]","|upkeep","|turn|2","||adding 10 for new turn","|","|t:|1752925836","|move|p2a: Skarmory|Spikes|p1a: Tyranitar","|-sidestart|p1: foultestchallenge1|Spikes","|move|p1a: Tyranitar|Rock Slide|p2a: Skarmory","|-damage|p2a: Skarmory|223/334","|","|-weather|Sandstorm|[upkeep]","|-heal|p2a: Skarmory|243/334|[from] item: Leftovers","|upkeep","|turn|3","||adding 10 for new turn","|","|t:|1752925837","|move|p2a: Skarmory|Spikes|p1a: Tyranitar","|-sidestart|p1: foultestchallenge1|Spikes","|move|p1a: Tyranitar|Rock Slide|p2a: Skarmory|[miss]","|-miss|p1a: Tyranitar|p2a: Skarmory","|","|-weather|Sandstorm|[upkeep]","|-heal|p2a: Skarmory|263/334|[from] item: Leftovers","|upkeep","|turn|4","||adding 10 for new turn","|","|t:|1752925838","|move|p1a: Tyranitar|Rock Slide|p2a: Skarmory","|-damage|p2a: Skarmory|159/334","|cant|p2a: Skarmory|flinch","|","|-weather|Sandstorm|[upkeep]","|-heal|p2a: Skarmory|179/334|[from] item: Leftovers","|upkeep","|turn|5","||adding 10 for new turn","|","|t:|1752925839","|move|p1a: Tyranitar|Rock Slide|p2a: Skarmory","|-damage|p2a: Skarmory|74/334","|move|p2a: Skarmory|Roar|p1a: Tyranitar","|drag|p1a: Blissey|Blissey, F|661/661","|-damage|p1a: Blissey|496/661|[from] Spikes","|","|-weather|Sandstorm|[upkeep]","|-damage|p1a: Blissey|455/661|[from] Sandstorm","|-heal|p2a: Skarmory|94/334|[from] item: Leftovers","|-heal|p1a: Blissey|496/661|[from] item: Leftovers","|upkeep","|turn|6","||adding 10 for new turn","|","|t:|1752925840","|switch|p2a: Tyranitar|Tyranitar, F|403/403","|move|p1a: Blissey|Seismic Toss|p2a: Tyranitar","|-damage|p2a: Tyranitar|303/403","|","|-weather|Sandstorm|[upkeep]","|-damage|p1a: Blissey|455/661|[from] Sandstorm","|-heal|p2a: Tyranitar|328/403|[from] item: Leftovers","|-heal|p1a: Blissey|496/661|[from] item: Leftovers","|upkeep","|turn|7","||adding 10 for new turn","|","|t:|1752925841","|switch|p1a: Claydol|Claydol|317/317","|move|p2a: Tyranitar|Rock Slide|p1a: Claydol|[miss]","|-miss|p2a: Tyranitar|p1a: Claydol","|","|-weather|Sandstorm|[upkeep]","|-heal|p2a: Tyranitar|353/403|[from] item: Leftovers","|upkeep","|turn|8","||adding 10 for new turn","|","|t:|1752925842","|switch|p2a: Gengar|Gengar, F|303/303","|move|p1a: Claydol|Rapid Spin|p2a: Gengar","|-immune|p2a: Gengar","|","|-weather|Sandstorm|[upkeep]","|-damage|p2a: Gengar|285/303|[from] Sandstorm","|-heal|p2a: Gengar|303/303|[from] item: Leftovers","|upkeep","|turn|9","||adding 10 for new turn","|","|t:|1752925843","|move|p2a: Gengar|Will-O-Wisp|p1a: Claydol|[miss]","|-miss|p2a: Gengar|p1a: Claydol","|move|p1a: Claydol|Psychic|p2a: Gengar","|-supereffective|p2a: Gengar","|-damage|p2a: Gengar|135/303","|","|-weather|Sandstorm|[upkeep]","|-damage|p2a: Gengar|117/303|[from] Sandstorm","|-heal|p2a: Gengar|135/303|[from] item: Leftovers","|upkeep","|turn|10","||adding 10 for new turn","|","|t:|1752925844","|move|p2a: Gengar|Will-O-Wisp|p1a: Claydol","|-status|p1a: Claydol|brn","|move|p1a: Claydol|Psychic|p2a: Gengar","|-supereffective|p2a: Gengar","|-damage|p2a: Gengar|0 fnt","|faint|p2a: Gengar","||adding 5 to each for mid turn request","|","|t:|1752925845","|switch|p2a: Starmie|Starmie|262/262","|","|-weather|Sandstorm|[upkeep]","|-damage|p2a: Starmie|246/262|[from] Sandstorm","|-heal|p2a: Starmie|262/262|[from] item: Leftovers","|-damage|p1a: Claydol|278/317 brn|[from] brn","|upkeep","|turn|11","||adding 10 for new turn","|","|t:|1752925846","|move|p2a: Starmie|Hydro Pump|p1a: Claydol","|-supereffective|p1a: Claydol","|-damage|p1a: Claydol|0 fnt","|faint|p1a: Claydol","||adding 5 to each for mid turn request","|","|t:|1752925847","|switch|p1a: Blissey|Blissey, F|496/661","|-damage|p1a: Blissey|331/661|[from] Spikes","|","|-weather|Sandstorm|[upkeep]","|-damage|p2a: Starmie|246/262|[from] Sandstorm","|-damage|p1a: Blissey|290/661|[from] Sandstorm","|-heal|p2a: Starmie|262/262|[from] item: Leftovers","|-heal|p1a: Blissey|331/661|[from] item: Leftovers","|upkeep","|turn|12","||adding 10 for new turn","|","|t:|1752925848","|switch|p2a: Tyranitar|Tyranitar, F|353/403","|move|p1a: Blissey|Soft-Boiled|p1a: Blissey","|-heal|p1a: Blissey|661/661","|","|-weather|Sandstorm|[upkeep]","|-damage|p1a: Blissey|620/661|[from] Sandstorm","|-heal|p2a: Tyranitar|378/403|[from] item: Leftovers","|-heal|p1a: Blissey|661/661|[from] item: Leftovers","|upkeep","|turn|13","||adding 10 for new turn","|","|t:|1752925849","|-singleturn|p2a: Tyranitar|move: Focus Punch","|move|p1a: Blissey|Ice Beam|p2a: Tyranitar","|-damage|p2a: Tyranitar|312/403","|-status|p2a: Tyranitar|frz","|cant|p2a: Tyranitar|frz","|","|-weather|Sandstorm|[upkeep]","|-damage|p1a: Blissey|620/661|[from] Sandstorm","|-heal|p2a: Tyranitar|337/403 frz|[from] item: Leftovers","|-heal|p1a: Blissey|661/661|[from] item: Leftovers","|upkeep","|turn|14","||adding 10 for new turn","|","|t:|1752925850","|-singleturn|p2a: Tyranitar|move: Focus Punch","|move|p1a: Blissey|Seismic Toss|p2a: Tyranitar","|-damage|p2a: Tyranitar|237/403 frz","|cant|p2a: Tyranitar|frz","|","|-weather|Sandstorm|[upkeep]","|-damage|p1a: Blissey|620/661|[from] Sandstorm","|-heal|p2a: Tyranitar|262/403 frz|[from] item: Leftovers","|-heal|p1a: Blissey|661/661|[from] item: Leftovers","|upkeep","|turn|15","||adding 10 for new turn","|","|t:|1752925851","|-singleturn|p2a: Tyranitar|move: Focus Punch","|move|p1a: Blissey|Seismic Toss|p2a: Tyranitar","|-damage|p2a: Tyranitar|162/403 frz","|-curestatus|p2a: Tyranitar|frz|[msg]","|move|p2a: Tyranitar|Focus Punch||[still]","|cant|p2a: Tyranitar|Focus Punch|Focus Punch","|","|-weather|Sandstorm|[upkeep]","|-damage|p1a: Blissey|620/661|[from] Sandstorm","|-heal|p2a: Tyranitar|187/403|[from] item: Leftovers","|-heal|p1a: Blissey|661/661|[from] item: Leftovers","|upkeep","|turn|16","||adding 10 for new turn","|","|t:|1752925852","|move|p2a: Tyranitar|Rock Slide|p1a: Blissey","|-damage|p1a: Blissey|397/661","|cant|p1a: Blissey|flinch","|","|-weather|Sandstorm|[upkeep]","|-damage|p1a: Blissey|356/661|[from] Sandstorm","|-heal|p2a: Tyranitar|212/403|[from] item: Leftovers","|-heal|p1a: Blissey|397/661|[from] item: Leftovers","|upkeep","|turn|17","||adding 10 for new turn","|","|t:|1752925853","|-singleturn|p2a: Tyranitar|move: Focus Punch","|move|p1a: Blissey|Ice Beam|p2a: Tyranitar","|-damage|p2a: Tyranitar|138/403","|move|p2a: Tyranitar|Focus Punch||[still]","|cant|p2a: Tyranitar|Focus Punch|Focus Punch","|","|-weather|Sandstorm|[upkeep]","|-damage|p1a: Blissey|356/661|[from] Sandstorm","|-heal|p2a: Tyranitar|163/403|[from] item: Leftovers","|-heal|p1a: Blissey|397/661|[from] item: Leftovers","|upkeep","|turn|18","||adding 10 for new turn","|","|t:|1752925854","|move|p2a: Tyranitar|Rock Slide|p1a: Blissey","|-damage|p1a: Blissey|144/661","|cant|p1a: Blissey|flinch","|","|-weather|Sandstorm|[upkeep]","|-damage|p1a: Blissey|103/661|[from] Sandstorm","|-heal|p2a: Tyranitar|188/403|[from] item: Leftovers","|-heal|p1a: Blissey|144/661|[from] item: Leftovers","|upkeep","|turn|19","||adding 10 for new turn","|","|t:|1752925855","|switch|p1a: Skarmory|Skarmory, F|333/333","|move|p2a: Tyranitar|Rock Slide|p1a: Skarmory","|-damage|p1a: Skarmory|226/333","|","|-weather|Sandstorm|[upkeep]","|-heal|p1a: Skarmory|246/333|[from] item: Leftovers","|-heal|p2a: Tyranitar|213/403|[from] item: Leftovers","|upkeep","|turn|20","||adding 10 for new turn","|","|t:|1752925856","|-singleturn|p2a: Tyranitar|move: Focus Punch","|move|p1a: Skarmory|Drill Peck|p2a: Tyranitar","|-resisted|p2a: Tyranitar","|-damage|p2a: Tyranitar|178/403","|move|p2a: Tyranitar|Focus Punch||[still]","|cant|p2a: Tyranitar|Focus Punch|Focus Punch","|","|-weather|Sandstorm|[upkeep]","|-heal|p1a: Skarmory|266/333|[from] item: Leftovers","|-heal|p2a: Tyranitar|203/403|[from] item: Leftovers","|upkeep","|turn|21","||adding 10 for new turn","|","|t:|1752925857","|-singleturn|p2a: Tyranitar|move: Focus Punch","|move|p1a: Skarmory|Drill Peck|p2a: Tyranitar","|-resisted|p2a: Tyranitar","|-damage|p2a: Tyranitar|165/403","|move|p2a: Tyranitar|Focus Punch||[still]","|cant|p2a: Tyranitar|Focus Punch|Focus Punch","|","|-weather|Sandstorm|[upkeep]","|-heal|p1a: Skarmory|286/333|[from] item: Leftovers","|-heal|p2a: Tyranitar|190/403|[from] item: Leftovers","|upkeep","|turn|22","||adding 10 for new turn","|","|t:|1752925858","|-singleturn|p2a: Tyranitar|move: Focus Punch","|move|p1a: Skarmory|Spikes|p2a: Tyranitar","|-sidestart|p2: foultestacceptor1|Spikes","|move|p2a: Tyranitar|Focus Punch|p1a: Skarmory","|-damage|p1a: Skarmory|130/333","|","|-weather|Sandstorm|[upkeep]","|-heal|p1a: Skarmory|150/333|[from] item: Leftovers","|-heal|p2a: Tyranitar|215/403|[from] item: Leftovers","|upkeep","|turn|23","||adding 10 for new turn","|","|t:|1752925860","|move|p1a: Skarmory|Drill Peck|p2a: Tyranitar","|-resisted|p2a: Tyranitar","|-damage|p2a: Tyranitar|180/403","|move|p2a: Tyranitar|Rock Slide|p1a: Skarmory","|-damage|p1a: Skarmory|40/333","|","|-weather|Sandstorm|[upkeep]","|-heal|p1a: Skarmory|60/333|[from] item: Leftovers","|-heal|p2a: Tyranitar|205/403|[from] item: Leftovers","|upkeep","|turn|24","||adding 10 for new turn","|","|t:|1752925861","|move|p1a: Skarmory|Drill Peck|p2a: Tyranitar","|-resisted|p2a: Tyranitar","|-damage|p2a: Tyranitar|172/403","|move|p2a: Tyranitar|Rock Slide|p1a: Skarmory|[miss]","|-miss|p2a: Tyranitar|p1a: Skarmory","|","|-weather|Sandstorm|[upkeep]","|-heal|p1a: Skarmory|80/333|[from] item: Leftovers","|-heal|p2a: Tyranitar|197/403|[from] item: Leftovers","|upkeep","|turn|25","||adding 10 for new turn","|","|t:|1752925862","|move|p1a: Skarmory|Drill Peck|p2a: Tyranitar","|-resisted|p2a: Tyranitar","|-damage|p2a: Tyranitar|163/403","|move|p2a: Tyranitar|Rock Slide|p1a: Skarmory","|-damage|p1a: Skarmory|0 fnt","|faint|p1a: Skarmory","||adding 5 to each for mid turn request","|","|t:|1752925863","|switch|p1a: Milotic|Milotic, M|393/393","|-damage|p1a: Milotic|295/393|[from] Spikes","|","|-weather|Sandstorm|[upkeep]","|-damage|p1a: Milotic|271/393|[from] Sandstorm","|-heal|p1a: Milotic|295/393|[from] item: Leftovers","|-heal|p2a: Tyranitar|188/403|[from] item: Leftovers","|upkeep","|turn|26","||adding 10 for new turn","|","|t:|1752925863","|switch|p2a: Starmie|Starmie|262/262","|-damage|p2a: Starmie|230/262|[from] Spikes","|move|p1a: Milotic|Surf|p2a: Starmie","|-resisted|p2a: Starmie","|-damage|p2a: Starmie|161/262","|","|-weather|Sandstorm|[upkeep]","|-damage|p2a: Starmie|145/262|[from] Sandstorm","|-damage|p1a: Milotic|271/393|[from] Sandstorm","|-heal|p2a: Starmie|161/262|[from] item: Leftovers","|-heal|p1a: Milotic|295/393|[from] item: Leftovers","|upkeep","|turn|27","||adding 10 for new turn","|","|t:|1752925864","|move|p2a: Starmie|Rapid Spin|p1a: Milotic","|-damage|p1a: Milotic|287/393","|-sideend|p2: foultestacceptor1|Spikes|[from] move: Rapid Spin|[of] p2a: Starmie","|move|p1a: Milotic|Recover|p1a: Milotic","|-heal|p1a: Milotic|393/393","|","|-weather|Sandstorm|[upkeep]","|-damage|p2a: Starmie|145/262|[from] Sandstorm","|-damage|p1a: Milotic|369/393|[from] Sandstorm","|-heal|p2a: Starmie|161/262|[from] item: Leftovers","|-heal|p1a: Milotic|393/393|[from] item: Leftovers","|upkeep","|turn|28","||adding 10 for new turn","|","|t:|1752925865","|move|p2a: Starmie|Thunderbolt|p1a: Milotic","|-supereffective|p1a: Milotic","|-damage|p1a: Milotic|234/393","|move|p1a: Milotic|Surf|p2a: Starmie","|-resisted|p2a: Starmie","|-damage|p2a: Starmie|102/262","|","|-weather|Sandstorm|[upkeep]","|-damage|p2a: Starmie|86/262|[from] Sandstorm","|-damage|p1a: Milotic|210/393|[from] Sandstorm","|-heal|p2a: Starmie|102/262|[from] item: Leftovers","|-heal|p1a: Milotic|234/393|[from] item: Leftovers","|upkeep","|turn|29","||adding 10 for new turn","|","|t:|1752925866","|move|p2a: Starmie|Thunderbolt|p1a: Milotic","|-supereffective|p1a: Milotic","|-damage|p1a: Milotic|76/393","|move|p1a: Milotic|Recover|p1a: Milotic","|-heal|p1a: Milotic|272/393","|","|-weather|Sandstorm|[upkeep]","|-damage|p2a: Starmie|86/262|[from] Sandstorm","|-damage|p1a: Milotic|248/393|[from] Sandstorm","|-heal|p2a: Starmie|102/262|[from] item: Leftovers","|-heal|p1a: Milotic|272/393|[from] item: Leftovers","|upkeep","|turn|30","||adding 10 for new turn","|","|t:|1752925867","|move|p2a: Starmie|Thunderbolt|p1a: Milotic","|-supereffective|p1a: Milotic","|-damage|p1a: Milotic|113/393","|move|p1a: Milotic|Recover|p1a: Milotic","|-heal|p1a: Milotic|309/393","|","|-weather|Sandstorm|[upkeep]","|-damage|p2a: Starmie|86/262|[from] Sandstorm","|-damage|p1a: Milotic|285/393|[from] Sandstorm","|-heal|p2a: Starmie|102/262|[from] item: Leftovers","|-heal|p1a: Milotic|309/393|[from] item: Leftovers","|upkeep","|turn|31","||adding 10 for new turn","|","|t:|1752925868","|move|p2a: Starmie|Thunderbolt|p1a: Milotic","|-supereffective|p1a: Milotic","|-damage|p1a: Milotic|141/393","|-status|p1a: Milotic|par","|cant|p1a: Milotic|par","|","|-weather|Sandstorm|[upkeep]","|-damage|p2a: Starmie|86/262|[from] Sandstorm","|-damage|p1a: Milotic|117/393 par|[from] Sandstorm","|-heal|p2a: Starmie|102/262|[from] item: Leftovers","|-heal|p1a: Milotic|141/393 par|[from] item: Leftovers","|upkeep","|turn|32","||adding 10 for new turn","|","|t:|1752925869","|move|p2a: Starmie|Thunderbolt|p1a: Milotic","|-supereffective|p1a: Milotic","|-damage|p1a: Milotic|0 fnt","|faint|p1a: Milotic","||adding 5 to each for mid turn request","|","|t:|1752925870","|switch|p1a: Dugtrio|Dugtrio, F|211/211","|-damage|p1a: Dugtrio|159/211|[from] Spikes","|","|-weather|Sandstorm|[upkeep]","|-damage|p2a: Starmie|86/262|[from] Sandstorm","|-heal|p2a: Starmie|102/262|[from] item: Leftovers","|upkeep","|turn|33","||adding 10 for new turn","|","|t:|1752925871","|move|p1a: Dugtrio|Earthquake|p2a: Starmie","|-damage|p2a: Starmie|0 fnt","|faint|p2a: Starmie","||adding 5 to each for mid turn request","|","|t:|1752925872","|switch|p2a: Swampert|Swampert, F|401/401","|","|-weather|Sandstorm|[upkeep]","|upkeep","|turn|34","||adding 10 for new turn","|","|t:|1752925873","|switch|p1a: Blissey|Blissey, F|144/661","|-damage|p1a: Blissey|0 fnt|[from] Spikes","|faint|p1a: Blissey","||adding 5 to each for mid turn request","|","|t:|1752925873","|switch|p1a: Dugtrio|Dugtrio, F|159/211","|-damage|p1a: Dugtrio|107/211|[from] Spikes","|","|-weather|Sandstorm|[upkeep]","|upkeep","|turn|35","||adding 10 for new turn","|","|t:|1752925874","|move|p1a: Dugtrio|Earthquake|p2a: Swampert","|-damage|p2a: Swampert|232/401","|move|p2a: Swampert|Earthquake|p1a: Dugtrio","|-damage|p1a: Dugtrio|0 fnt","|faint|p1a: Dugtrio","||adding 5 to each for mid turn request","|","|t:|1752925875","|switch|p1a: Tyranitar|Tyranitar, F|387/387","|-damage|p1a: Tyranitar|291/387|[from] Spikes","|","|-weather|Sandstorm|[upkeep]","|-heal|p1a: Tyranitar|315/387|[from] item: Leftovers","|-heal|p2a: Swampert|257/401|[from] item: Leftovers","|upkeep","|turn|36","||adding 10 for new turn","|","|t:|1752925876","|move|p2a: Swampert|Earthquake|p1a: Tyranitar","|-supereffective|p1a: Tyranitar","|-damage|p1a: Tyranitar|108/387","|move|p1a: Tyranitar|Roar|p2a: Swampert","|drag|p2a: Blissey|Blissey, F, shiny|651/651","|","|-weather|Sandstorm|[upkeep]","|-damage|p2a: Blissey|611/651|[from] Sandstorm","|-heal|p1a: Tyranitar|132/387|[from] item: Leftovers","|-heal|p2a: Blissey|651/651|[from] item: Leftovers","|upkeep","|turn|37","||adding 10 for new turn","|","|t:|1752925877","|move|p1a: Tyranitar|Rock Slide|p2a: Blissey","|-damage|p2a: Blissey|367/651","|cant|p2a: Blissey|flinch","|","|-weather|Sandstorm|[upkeep]","|-damage|p2a: Blissey|327/651|[from] Sandstorm","|-heal|p1a: Tyranitar|156/387|[from] item: Leftovers","|-heal|p2a: Blissey|367/651|[from] item: Leftovers","|upkeep","|turn|38","||adding 10 for new turn","|","|t:|1752925878","|switch|p2a: Swampert|Swampert, F|257/401","|move|p1a: Tyranitar|Roar|p2a: Swampert","|drag|p2a: Tyranitar|Tyranitar, F|188/403","|","|-weather|Sandstorm|[upkeep]","|-heal|p1a: Tyranitar|180/387|[from] item: Leftovers","|-heal|p2a: Tyranitar|213/403|[from] item: Leftovers","|upkeep","|turn|39","||adding 10 for new turn","|","|t:|1752925879","|move|p1a: Tyranitar|Rock Slide|p2a: Tyranitar","|-damage|p2a: Tyranitar|72/403","|move|p2a: Tyranitar|Earthquake|p1a: Tyranitar","|-supereffective|p1a: Tyranitar","|-damage|p1a: Tyranitar|0 fnt","|faint|p1a: Tyranitar","|","|win|foultestacceptor1",""],"p1rating":null,"p2rating":null,"endType":"normal","ladderError":true,"timestamp":"Sat Jul 19 2025 04:51:19 GMT-0700 (アメリカ太平洋夏時間)","roomid":"battle-gen3ou-973","format":"gen3ou"}