{"winner":"foultestacceptor1","seed":"sodium,1984a96928c7c6bc6d10eb3e8d04b1eb","turns":91,"p1":"foultestchallenge1","p2":"foultestacceptor1","p1team":[{"name":"Metagross","species":"Metagross","item":"Leftovers","ability":"Clear Body","moves":["Meteor Mash","Earthquake","Agility","Explosion"],"nature":"Adamant","evs":{"hp":152,"atk":252,"def":0,"spa":0,"spd":0,"spe":104},"gender":"N","level":100,"ivs":{"hp":31,"atk":31,"def":31,"spa":31,"spd":31,"spe":31}},{"name":"Milotic","species":"Milotic","item":"Leftovers","ability":"Marvel Scale","moves":["Hypnosis","Surf","Ice Beam","Recover"],"nature":"Bold","evs":{"hp":248,"atk":0,"def":212,"spa":0,"spd":0,"spe":48},"gender":"M","ivs":{"hp":31,"atk":0,"def":31,"spa":31,"spd":31,"spe":31},"level":100},{"name":"Celebi","species":"Celebi","item":"Leftovers","ability":"Natural Cure","moves":["Swords Dance","Hidden Power Rock","Baton Pass","Recover"],"nature":"Jolly","evs":{"hp":240,"atk":0,"def":44,"spa":0,"spd":4,"spe":220},"gender":"N","ivs":{"hp":31,"atk":31,"def":30,"spa":31,"spd":30,"spe":30},"happiness":255,"hpType":"Rock","pokeball":"","gigantamax":false,"dynamaxLevel":10,"teraType":"","level":100},{"name":"Magneton","species":"Magneton","item":"Leftovers","ability":"Magnet Pull","moves":["Thunderbolt","Hidden Power Fire","Thunder Wave","Toxic"],"nature":"Timid","evs":{"hp":144,"atk":0,"def":0,"spa":112,"spd":0,"spe":252},"gender":"N","ivs":{"hp":31,"atk":2,"def":31,"spa":30,"spd":31,"spe":30},"happiness":255,"hpType":"Fire","pokeball":"","gigantamax":false,"dynamaxLevel":10,"teraType":"","level":100},{"name":"Heracross","species":"Heracross","item":"Leftovers","ability":"Guts","moves":["Megahorn","Rock Slide","Hidden Power Ghost","Brick Break"],"nature":"Adamant","evs":{"hp":144,"atk":16,"def":0,"spa":0,"spd":184,"spe":164},"gender":"F","ivs":{"hp":31,"atk":31,"def":30,"spa":31,"spd":30,"spe":31},"happiness":255,"hpType":"Ghost","pokeball":"","gigantamax":false,"dynamaxLevel":10,"teraType":"","level":100},{"name":"Gyarados","species":"Gyarados","item":"Leftovers","ability":"Intimidate","moves":["Hidden Power Flying","Double-Edge","Earthquake","Dragon Dance"],"nature":"Jolly","evs":{"hp":0,"atk":252,"def":4,"spa":0,"spd":0,"spe":252},"gender":"M","ivs":{"hp":30,"atk":30,"def":30,"spa":30,"spd":30,"spe":31},"happiness":255,"hpType":"Flying","pokeball":"","gigantamax":false,"dynamaxLevel":10,"teraType":"","level":100}],"p2team":[{"name":"Salamence","species":"Salamence","item":"Choice Band","ability":"Intimidate","moves":["Earthquake","Hidden Power Flying","Brick Break","Rock Slide"],"nature":"Adamant","evs":{"hp":120,"atk":252,"def":0,"spa":0,"spd":0,"spe":136},"gender":"F","ivs":{"hp":30,"atk":30,"def":30,"spa":30,"spd":30,"spe":31},"happiness":255,"hpType":"Flying","pokeball":"","gigantamax":false,"dynamaxLevel":10,"teraType":"","level":100},{"name":"Magneton","species":"Magneton","item":"Magnet","ability":"Magnet Pull","moves":["Thunderbolt","Toxic","Hidden Power Fire","Protect"],"nature":"Modest","evs":{"hp":4,"atk":0,"def":0,"spa":252,"spd":0,"spe":252},"gender":"N","ivs":{"hp":31,"atk":2,"def":31,"spa":30,"spd":31,"spe":30},"happiness":255,"hpType":"Fire","pokeball":"","gigantamax":false,"dynamaxLevel":10,"teraType":"","level":100},{"name":"Tyranitar","species":"Tyranitar","item":"Leftovers","ability":"Sand Stream","moves":["Crunch","Pursuit","Hidden Power Grass","Fire Blast"],"nature":"Modest","evs":{"hp":240,"atk":0,"def":0,"spa":188,"spd":48,"spe":32},"gender":"F","ivs":{"hp":31,"atk":2,"def":31,"spa":30,"spd":31,"spe":31},"happiness":255,"hpType":"Grass","pokeball":"","gigantamax":false,"dynamaxLevel":10,"teraType":"","level":100},{"name":"Blissey","species":"Blissey","item":"Leftovers","ability":"Natural Cure","moves":["Seismic Toss","Wish","Protect","Toxic"],"nature":"","evs":{"hp":4,"atk":0,"def":252,"spa":0,"spd":252,"spe":0},"gender":"F","ivs":{"hp":31,"atk":0,"def":31,"spa":31,"spd":31,"spe":31},"level":100},{"name":"Metagross","species":"Metagross","item":"Leftovers","ability":"Clear Body","moves":["Agility","Meteor Mash","Earthquake","Explosion"],"nature":"Adamant","evs":{"hp":168,"atk":252,"def":0,"spa":0,"spd":0,"spe":88},"gender":"N","level":100,"ivs":{"hp":31,"atk":31,"def":31,"spa":31,"spd":31,"spe":31}},{"name":"Swampert","species":"Swampert","item":"Leftovers","ability":"Torrent","moves":["Surf","Ice Beam","Protect","Toxic"],"nature":"Bold","evs":{"hp":252,"atk":0,"def":160,"spa":0,"spd":96,"spe":0},"gender":"M","ivs":{"hp":31,"atk":0,"def":31,"spa":31,"spd":31,"spe":31},"level":100}],"score":[0,2],"inputLog":[">version 372d05e49c92a79eecdf6c8dddb208bd1765c00f",">start {\"formatid\":\"gen3ou\",\"seed\":\"sodium,1984a96928c7c6bc6d10eb3e8d04b1eb\"}",">player p1 {\"name\":\"foultestchallenge1\",\"avatar\":\"1\",\"team\":\"Metagross||Leftovers|ClearBody|MeteorMash,Earthquake,Agility,Explosion|Adamant|152,252,,,,104|N||||]Milotic||Leftovers|MarvelScale|Hypnosis,Surf,IceBeam,Recover|Bold|248,,212,,,48|M|,0,,,,|||]Celebi||Leftovers|NaturalCure|SwordsDance,HiddenPowerRock,BatonPass,Recover|Jolly|240,,44,,4,220|N|,,30,,30,30|||,Rock,,,,]Magneton||Leftovers|MagnetPull|Thunderbolt,HiddenPowerFire,ThunderWave,Toxic|Timid|144,,,112,,252|N|,2,,30,,30|||,Fire,,,,]Heracross||Leftovers|Guts|Megahorn,RockSlide,HiddenPowerGhost,BrickBreak|Adamant|144,16,,,184,164|F|,,30,,30,|||,Ghost,,,,]Gyarados||Leftovers|Intimidate|HiddenPowerFlying,DoubleEdge,Earthquake,DragonDance|Jolly|,252,4,,,252|M|30,30,30,30,30,|||,Flying,,,,\",\"rating\":0}",">player p2 {\"name\":\"foultestacceptor1\",\"avatar\":\"169\",\"team\":\"Salamence||ChoiceBand|Intimidate|Earthquake,HiddenPowerFlying,BrickBreak,RockSlide|Adamant|120,252,,,,136|F|30,30,30,30,30,|||,Flying,,,,]Magneton||Magnet|MagnetPull|Thunderbolt,Toxic,HiddenPowerFire,Protect|Modest|4,,,252,,252|N|,2,,30,,30|||,Fire,,,,]Tyranitar||Leftovers|SandStream|Crunch,Pursuit,HiddenPowerGrass,FireBlast|Modest|240,,,188,48,32|F|,2,,30,,|||,Grass,,,,]Blissey||Leftovers|NaturalCure|SeismicToss,Wish,Protect,Toxic||4,,252,,252,|F|,0,,,,|||]Metagross||Leftovers|ClearBody|Agility,MeteorMash,Earthquake,Explosion|Adamant|168,252,,,,88|N||||]Swampert||Leftovers|Torrent|Surf,IceBeam,Protect,Toxic|Bold|252,,160,,96,|M|,0,,,,|||\",\"rating\":0}",">p1 move meteormash",">p2 move earthquake",">p1 switch 6",">p2 move earthquake",">p1 move hiddenpower",">p2 switch 6",">p1 move hiddenpower",">p2 move toxic",">p1 switch 2",">p2 switch 5",">p1 move surf",">p2 switch 4",">p1 move hypnosis",">p2 move wish",">p1 move hypnosis",">p2 switch 6",">p1 move surf",">p2 switch 6",">p1 switch 5",">p2 move seismictoss",">p1 move megahorn",">p2 switch 6",">p1 switch 6",">p2 switch 4",">p1 move earthquake",">p2 move earthquake",">p1 switch 4",">p1 switch 2",">p2 move meteormash",">p1 move earthquake",">p2 switch 4",">p1 move earthquake",">p2 switch 4",">p1 move earthquake",">p2 switch 5",">p1 switch 6",">p2 move surf",">p1 move megahorn",">p2 move surf",">p1 move megahorn",">p2 move protect",">p1 move megahorn",">p2 switch 4",">p1 move brickbreak",">p2 move hiddenpower",">p1 move megahorn",">p2 move hiddenpower",">p2 switch 4",">p1 move megahorn",">p2 move toxic",">p1 switch 5",">p2 move protect",">p1 move hypnosis",">p2 move protect",">p1 move surf",">p2 switch 6",">p1 move hypnosis",">p2 move seismictoss",">p1 move hypnosis",">p2 move seismictoss",">p1 move surf",">p2 switch 6",">p1 move hypnosis",">p2 switch 6",">p1 move hypnosis",">p2 switch 6",">p1 move hypnosis",">p2 move protect",">p1 move hypnosis",">p2 switch 6",">p1 move surf",">p2 switch 6",">p2 switch 3",">p1 move surf",">p2 switch 6",">p1 move hypnosis",">p2 move wish",">p1 move hypnosis",">p2 move seismictoss",">p1 move surf",">p2 move seismictoss",">p1 switch 5",">p2 move seismictoss",">p1 move brickbreak",">p2 switch 5",">p2 switch 5",">p1 move brickbreak",">p2 move protect",">p1 move brickbreak",">p2 move protect",">p1 switch 6",">p1 move hiddenpower",">p2 move wish",">p1 switch 5",">p2 move protect",">p1 move hypnosis",">p2 move seismictoss",">p1 move surf",">p2 move seismictoss",">p1 move surf",">p2 move wish",">p1 move surf",">p2 move wish",">p1 move surf",">p2 move wish",">p1 move hypnosis",">p2 move seismictoss",">p1 move surf",">p2 move seismictoss",">p1 move hypnosis",">p2 move wish",">p1 move recover",">p2 move wish",">p1 move surf",">p2 move seismictoss",">p1 move hypnosis",">p2 move wish",">p1 move recover",">p2 move wish",">p1 move hypnosis",">p2 move seismictoss",">p1 move surf",">p2 move seismictoss",">p1 move hypnosis",">p2 move wish",">p1 move recover",">p2 move wish",">p1 move hypnosis",">p2 move seismictoss",">p1 move surf",">p2 move seismictoss",">p1 move hypnosis",">p2 move toxic",">p1 move hypnosis",">p2 move seismictoss",">p1 move recover",">p2 switch 2",">p1 switch 5",">p2 move thunderbolt",">p1 switch 2",">p1 move thunderwave",">p2 move hiddenpower",">p1 move hiddenpower",">p2 move hiddenpower",">p1 move thunderbolt",">p2 move thunderbolt",">p2 switch 2",">p1 switch 3",">p2 move seismictoss",">p1 move swordsdance",">p2 move toxic",">p1 move hiddenpower",">p2 move seismictoss",">p1 move recover",">p2 move protect",">p1 move hiddenpower",">p2 move seismictoss",">p1 move batonpass",">p2 move wish",">p1 switch 3",">p1 move thunderbolt",">p2 move protect",">p1 move thunderbolt",">p2 move seismictoss",">p1 move thunderbolt",">p2 move seismictoss",">p1 switch 3",">p1 move recover",">p2 switch 6",">p1 switch 5",">p2 move pursuit",">p1 move hypnosis",">p2 move hiddenpower",">p1 move icebeam",">p2 switch 6",">p1 move icebeam",">p2 move wish",">p1 move recover",">p2 move seismictoss",">p1 move recover",">p2 switch 6",">p1 move recover",">p2 move pursuit",">p1 move recover",">p2 move pursuit",">p1 move recover",">p2 move pursuit",">p1 move icebeam",">p2 move pursuit",">p1 switch 5",">p1 move recover",">p2 move crunch"],"log":["|j|☆foultestchallenge1","|j|☆foultestacceptor1","|t:|1752968680","|gametype|singles","|player|p1|foultestchallenge1|1|","|player|p2|foultestacceptor1|169|","|teamsize|p1|6","|teamsize|p2|6","|gen|3","|tier|[Gen 3] OU","|rule|Sleep Clause Mod: Limit one foe put to sleep","|rule|Switch Priority Clause Mod: Faster Pokémon switch first","|rule|Species Clause: Limit one of each Pokémon","|rule|OHKO Clause: OHKO moves are banned","|rule|Evasion Items Clause: Evasion items are banned","|rule|Evasion Moves Clause: Evasion moves are banned","|rule|Endless Battle Clause: Forcing endless battles is banned","|rule|HP Percentage Mod: HP is shown in percentages","|rule|One Boost Passer Clause: Limit one Baton Passer that has a way to boost its stats","|rule|Freeze Clause Mod: Limit one foe frozen","|","|t:|1752968680","|start","|switch|p1a: Metagross|Metagross|339/339","|switch|p2a: Salamence|Salamence, F|360/360","|-ability|p2a: Salamence|Intimidate|boost","|-fail|p1a: Metagross|unboost|[from] ability: Clear Body|[of] p1a: Metagross","|turn|1","|inactive|Battle timer is ON: inactive players will automatically lose when time's up. (requested by foultestchallenge1)","|inactive|foultestacceptor1 also wants the timer to be on.","|","|t:|1752968688","|move|p2a: Salamence|Earthquake|p1a: Metagross","|-supereffective|p1a: Metagross","|-damage|p1a: Metagross|45/339","|move|p1a: Metagross|Meteor Mash|p2a: Salamence","|-damage|p2a: Salamence|99/360","|","|-heal|p1a: Metagross|66/339|[from] item: Leftovers","|upkeep","|turn|2","||adding 10 for new turn","|","|t:|1752968696","|switch|p1a: Gyarados|Gyarados, M|330/330","|-ability|p1a: Gyarados|Intimidate|boost","|-unboost|p2a: Salamence|atk|1","|move|p2a: Salamence|Earthquake|p1a: Gyarados","|-immune|p1a: Gyarados","|","|upkeep","|turn|3","||adding 10 for new turn","|","|t:|1752968704","|switch|p2a: Swampert|Swampert, M|404/404","|move|p1a: Gyarados|Hidden Power|p2a: Swampert","|-damage|p2a: Swampert|305/404","|","|-heal|p2a: Swampert|330/404|[from] item: Leftovers","|upkeep","|turn|4","||adding 10 for new turn","|","|t:|1752968712","|move|p1a: Gyarados|Hidden Power|p2a: Swampert","|-damage|p2a: Swampert|232/404","|move|p2a: Swampert|Toxic|p1a: Gyarados","|-status|p1a: Gyarados|tox","|","|-damage|p1a: Gyarados|310/330 tox|[from] psn","|-heal|p2a: Swampert|257/404|[from] item: Leftovers","|upkeep","|turn|5","||adding 10 for new turn","|","|t:|1752968719","|switch|p1a: Milotic|Milotic, M|393/393","|switch|p2a: Metagross|Metagross|343/343","|","|upkeep","|turn|6","||adding 10 for new turn","|","|t:|1752968727","|switch|p2a: Blissey|Blissey, F|652/652","|move|p1a: Milotic|Surf|p2a: Blissey","|-damage|p2a: Blissey|575/652","|","|-heal|p2a: Blissey|615/652|[from] item: Leftovers","|upkeep","|turn|7","||adding 10 for new turn","|","|t:|1752968736","|move|p1a: Milotic|Hypnosis|p2a: Blissey|[miss]","|-miss|p1a: Milotic|p2a: Blissey","|move|p2a: Blissey|Wish|p2a: Blissey","|","|-heal|p2a: Blissey|652/652|[from] item: Leftovers","|upkeep","|turn|8","||adding 10 for new turn","|","|t:|1752968743","|switch|p2a: Salamence|Salamence, F|99/360","|-ability|p2a: Salamence|Intimidate|boost","|-unboost|p1a: Milotic|atk|1","|move|p1a: Milotic|Hypnosis|p2a: Salamence","|-status|p2a: Salamence|slp|[from] move: Hypnosis","|","|-heal|p2a: Salamence|279/360 slp|[from] move: Wish|[wisher] Blissey","|upkeep","|turn|9","||adding 10 for new turn","|","|t:|1752968751","|switch|p2a: Blissey|Blissey, F|652/652","|move|p1a: Milotic|Surf|p2a: Blissey","|-damage|p2a: Blissey|575/652","|","|-heal|p2a: Blissey|615/652|[from] item: Leftovers","|upkeep","|turn|10","||adding 10 for new turn","|","|t:|1752968759","|switch|p1a: Heracross|Heracross, F|337/337","|move|p2a: Blissey|Seismic Toss|p1a: Heracross","|-damage|p1a: Heracross|237/337","|","|-heal|p1a: Heracross|258/337|[from] item: Leftovers","|-heal|p2a: Blissey|652/652|[from] item: Leftovers","|upkeep","|turn|11","||adding 10 for new turn","|","|t:|1752968767","|switch|p2a: Salamence|Salamence, F|279/360 slp","|-ability|p2a: Salamence|Intimidate|boost","|-unboost|p1a: Heracross|atk|1","|move|p1a: Heracross|Megahorn|p2a: Salamence","|-resisted|p2a: Salamence","|-damage|p2a: Salamence|199/360 slp","|","|-heal|p1a: Heracross|279/337|[from] item: Leftovers","|upkeep","|turn|12","||adding 10 for new turn","|","|t:|1752968775","|switch|p2a: Metagross|Metagross|343/343","|switch|p1a: Metagross|Metagross|66/339","|","|-heal|p1a: Metagross|87/339|[from] item: Leftovers","|upkeep","|turn|13","||adding 10 for new turn","|","|t:|1752968783","|move|p1a: Metagross|Earthquake|p2a: Metagross","|-supereffective|p2a: Metagross","|-damage|p2a: Metagross|142/343","|move|p2a: Metagross|Earthquake|p1a: Metagross","|-supereffective|p1a: Metagross","|-damage|p1a: Metagross|0 fnt","|faint|p1a: Metagross","||adding 5 to each for mid turn request","|","|t:|1752968791","|switch|p1a: Magneton|Magneton|277/277","|","|-heal|p2a: Metagross|163/343|[from] item: Leftovers","|upkeep","|turn|14","||adding 10 for new turn","|","|t:|1752968799","|switch|p1a: Gyarados|Gyarados, M|310/330 tox","|-ability|p1a: Gyarados|Intimidate|boost","|-fail|p2a: Metagross|unboost|[from] ability: Clear Body|[of] p2a: Metagross","|move|p2a: Metagross|Meteor Mash|p1a: Gyarados","|-resisted|p1a: Gyarados","|-damage|p1a: Gyarados|192/330 tox","|","|-heal|p1a: Gyarados|212/330 tox|[from] item: Leftovers","|-damage|p1a: Gyarados|192/330 tox|[from] psn","|-heal|p2a: Metagross|184/343|[from] item: Leftovers","|upkeep","|turn|15","||adding 10 for new turn","|","|t:|1752968806","|switch|p2a: Salamence|Salamence, F|199/360 slp","|-ability|p2a: Salamence|Intimidate|boost","|-unboost|p1a: Gyarados|atk|1","|move|p1a: Gyarados|Earthquake|p2a: Salamence","|-immune|p2a: Salamence","|","|-heal|p1a: Gyarados|212/330 tox|[from] item: Leftovers","|-damage|p1a: Gyarados|172/330 tox|[from] psn","|upkeep","|turn|16","||adding 10 for new turn","|","|t:|1752968814","|switch|p2a: Metagross|Metagross|184/343","|move|p1a: Gyarados|Earthquake|p2a: Metagross","|-supereffective|p2a: Metagross","|-damage|p2a: Metagross|68/343","|","|-heal|p1a: Gyarados|192/330 tox|[from] item: Leftovers","|-damage|p1a: Gyarados|132/330 tox|[from] psn","|-heal|p2a: Metagross|89/343|[from] item: Leftovers","|upkeep","|turn|17","||adding 10 for new turn","|","|t:|1752968822","|switch|p2a: Swampert|Swampert, M|257/404","|move|p1a: Gyarados|Earthquake|p2a: Swampert","|-damage|p2a: Swampert|186/404","|","|-heal|p1a: Gyarados|152/330 tox|[from] item: Leftovers","|-damage|p1a: Gyarados|72/330 tox|[from] psn","|-heal|p2a: Swampert|211/404|[from] item: Leftovers","|upkeep","|turn|18","||adding 10 for new turn","|","|t:|1752968830","|switch|p1a: Heracross|Heracross, F|279/337","|move|p2a: Swampert|Surf|p1a: Heracross","|-damage|p1a: Heracross|188/337","|","|-heal|p1a: Heracross|209/337|[from] item: Leftovers","|-heal|p2a: Swampert|236/404|[from] item: Leftovers","|upkeep","|turn|19","||adding 10 for new turn","|","|t:|1752968838","|move|p1a: Heracross|Megahorn|p2a: Swampert","|-damage|p2a: Swampert|66/404","|move|p2a: Swampert|Surf|p1a: Heracross","|-damage|p1a: Heracross|81/337","|","|-heal|p1a: Heracross|102/337|[from] item: Leftovers","|-heal|p2a: Swampert|91/404|[from] item: Leftovers","|upkeep","|turn|20","||adding 10 for new turn","|","|t:|1752968846","|move|p2a: Swampert|Protect|p2a: Swampert","|-singleturn|p2a: Swampert|Protect","|move|p1a: Heracross|Megahorn|p2a: Swampert","|-activate|p2a: Swampert|Protect","|","|-heal|p1a: Heracross|123/337|[from] item: Leftovers","|-heal|p2a: Swampert|116/404|[from] item: Leftovers","|upkeep","|turn|21","||adding 10 for new turn","|","|t:|1752968854","|switch|p2a: Salamence|Salamence, F|199/360 slp","|-ability|p2a: Salamence|Intimidate|boost","|-unboost|p1a: Heracross|atk|1","|move|p1a: Heracross|Megahorn|p2a: Salamence","|-resisted|p2a: Salamence","|-damage|p2a: Salamence|128/360 slp","|","|-heal|p1a: Heracross|144/337|[from] item: Leftovers","|upkeep","|turn|22","||adding 10 for new turn","|","|t:|1752968862","|cant|p2a: Salamence|slp","|move|p1a: Heracross|Brick Break|p2a: Salamence","|-resisted|p2a: Salamence","|-damage|p2a: Salamence|81/360 slp","|","|-heal|p1a: Heracross|165/337|[from] item: Leftovers","|upkeep","|turn|23","||adding 10 for new turn","|","|t:|1752968870","|cant|p2a: Salamence|slp","|move|p1a: Heracross|Megahorn|p2a: Salamence","|-resisted|p2a: Salamence","|-crit|p2a: Salamence","|-damage|p2a: Salamence|0 fnt","|faint|p2a: Salamence","||adding 5 to each for mid turn request","|","|t:|1752968877","|switch|p2a: Swampert|Swampert, M|116/404","|","|-heal|p1a: Heracross|186/337|[from] item: Leftovers","|-heal|p2a: Swampert|141/404|[from] item: Leftovers","|upkeep","|turn|24","||adding 10 for new turn","|","|t:|1752968885","|move|p1a: Heracross|Megahorn|p2a: Swampert","|-damage|p2a: Swampert|33/404","|move|p2a: Swampert|Toxic|p1a: Heracross","|-status|p1a: Heracross|tox","|","|-heal|p1a: Heracross|207/337 tox|[from] item: Leftovers","|-damage|p1a: Heracross|186/337 tox|[from] psn","|-heal|p2a: Swampert|58/404|[from] item: Leftovers","|upkeep","|turn|25","||adding 10 for new turn","|","|t:|1752968893","|switch|p1a: Milotic|Milotic, M|393/393","|move|p2a: Swampert|Protect||[still]","|-fail|p2a: Swampert","|","|-heal|p2a: Swampert|83/404|[from] item: Leftovers","|upkeep","|turn|26","||adding 10 for new turn","|","|t:|1752968900","|move|p2a: Swampert|Protect|p2a: Swampert","|-singleturn|p2a: Swampert|Protect","|move|p1a: Milotic|Hypnosis|p2a: Swampert","|-activate|p2a: Swampert|Protect","|","|-heal|p2a: Swampert|108/404|[from] item: Leftovers","|upkeep","|turn|27","||adding 10 for new turn","|","|t:|1752968908","|switch|p2a: Blissey|Blissey, F|652/652","|move|p1a: Milotic|Surf|p2a: Blissey","|-damage|p2a: Blissey|573/652","|","|-heal|p2a: Blissey|613/652|[from] item: Leftovers","|upkeep","|turn|28","||adding 10 for new turn","|","|t:|1752968916","|move|p1a: Milotic|Hypnosis|p2a: Blissey|[miss]","|-miss|p1a: Milotic|p2a: Blissey","|move|p2a: Blissey|Seismic Toss|p1a: Milotic","|-damage|p1a: Milotic|293/393","|","|-heal|p1a: Milotic|317/393|[from] item: Leftovers","|-heal|p2a: Blissey|652/652|[from] item: Leftovers","|upkeep","|turn|29","||adding 10 for new turn","|","|t:|1752968924","|move|p1a: Milotic|Hypnosis|p2a: Blissey","|-status|p2a: Blissey|slp|[from] move: Hypnosis","|cant|p2a: Blissey|slp","|","|-heal|p1a: Milotic|341/393|[from] item: Leftovers","|upkeep","|turn|30","||adding 10 for new turn","|","|t:|1752968932","|-curestatus|p2a: Blissey|slp|[from] ability: Natural Cure","|switch|p2a: Swampert|Swampert, M|108/404","|move|p1a: Milotic|Surf|p2a: Swampert","|-damage|p2a: Swampert|5/404","|","|-heal|p1a: Milotic|365/393|[from] item: Leftovers","|-heal|p2a: Swampert|30/404|[from] item: Leftovers","|upkeep","|turn|31","||adding 10 for new turn","|","|t:|1752968940","|switch|p2a: Blissey|Blissey, F|652/652","|move|p1a: Milotic|Hypnosis|p2a: Blissey","|-status|p2a: Blissey|slp|[from] move: Hypnosis","|","|-heal|p1a: Milotic|389/393|[from] item: Leftovers","|upkeep","|turn|32","||adding 10 for new turn","|","|t:|1752968947","|-curestatus|p2a: Blissey|slp|[from] ability: Natural Cure","|switch|p2a: Swampert|Swampert, M|30/404","|move|p1a: Milotic|Hypnosis|p2a: Swampert|[miss]","|-miss|p1a: Milotic|p2a: Swampert","|","|-heal|p1a: Milotic|393/393|[from] item: Leftovers","|-heal|p2a: Swampert|55/404|[from] item: Leftovers","|upkeep","|turn|33","||adding 10 for new turn","|","|t:|1752968955","|move|p2a: Swampert|Protect|p2a: Swampert","|-singleturn|p2a: Swampert|Protect","|move|p1a: Milotic|Hypnosis|p2a: Swampert","|-activate|p2a: Swampert|Protect","|","|-heal|p2a: Swampert|80/404|[from] item: Leftovers","|upkeep","|turn|34","||adding 10 for new turn","|","|t:|1752968963","|switch|p2a: Blissey|Blissey, F|652/652","|move|p1a: Milotic|Hypnosis|p2a: Blissey","|-status|p2a: Blissey|slp|[from] move: Hypnosis","|","|upkeep","|turn|35","||adding 10 for new turn","|","|t:|1752968970","|-curestatus|p2a: Blissey|slp|[from] ability: Natural Cure","|switch|p2a: Swampert|Swampert, M|80/404","|move|p1a: Milotic|Surf|p2a: Swampert","|-damage|p2a: Swampert|0 fnt","|faint|p2a: Swampert","||adding 5 to each for mid turn request","|","|t:|1752968978","|switch|p2a: Tyranitar|Tyranitar, F|401/401","|-weather|Sandstorm|[from] ability: Sand Stream|[of] p2a: Tyranitar","|","|-weather|Sandstorm|[upkeep]","|-damage|p1a: Milotic|369/393|[from] Sandstorm","|-heal|p1a: Milotic|393/393|[from] item: Leftovers","|upkeep","|turn|36","||adding 10 for new turn","|","|t:|1752968986","|switch|p2a: Blissey|Blissey, F|652/652","|move|p1a: Milotic|Surf|p2a: Blissey","|-damage|p2a: Blissey|577/652","|","|-weather|Sandstorm|[upkeep]","|-damage|p1a: Milotic|369/393|[from] Sandstorm","|-damage|p2a: Blissey|537/652|[from] Sandstorm","|-heal|p1a: Milotic|393/393|[from] item: Leftovers","|-heal|p2a: Blissey|577/652|[from] item: Leftovers","|upkeep","|turn|37","||adding 10 for new turn","|","|t:|1752968994","|move|p1a: Milotic|Hypnosis|p2a: Blissey|[miss]","|-miss|p1a: Milotic|p2a: Blissey","|move|p2a: Blissey|Wish|p2a: Blissey","|","|-weather|Sandstorm|[upkeep]","|-damage|p1a: Milotic|369/393|[from] Sandstorm","|-damage|p2a: Blissey|537/652|[from] Sandstorm","|-heal|p1a: Milotic|393/393|[from] item: Leftovers","|-heal|p2a: Blissey|577/652|[from] item: Leftovers","|upkeep","|turn|38","||adding 10 for new turn","|","|t:|1752969002","|move|p1a: Milotic|Hypnosis|p2a: Blissey","|-status|p2a: Blissey|slp|[from] move: Hypnosis","|cant|p2a: Blissey|slp","|","|-heal|p2a: Blissey|652/652 slp|[from] move: Wish|[wisher] Blissey","|-weather|Sandstorm|[upkeep]","|-damage|p1a: Milotic|369/393|[from] Sandstorm","|-damage|p2a: Blissey|612/652 slp|[from] Sandstorm","|-heal|p1a: Milotic|393/393|[from] item: Leftovers","|-heal|p2a: Blissey|652/652 slp|[from] item: Leftovers","|upkeep","|turn|39","||adding 10 for new turn","|","|t:|1752969009","|move|p1a: Milotic|Surf|p2a: Blissey","|-damage|p2a: Blissey|579/652 slp","|cant|p2a: Blissey|slp","|","|-weather|Sandstorm|[upkeep]","|-damage|p1a: Milotic|369/393|[from] Sandstorm","|-damage|p2a: Blissey|539/652 slp|[from] Sandstorm","|-heal|p1a: Milotic|393/393|[from] item: Leftovers","|-heal|p2a: Blissey|579/652 slp|[from] item: Leftovers","|upkeep","|turn|40","||adding 10 for new turn","|","|t:|1752969017","|switch|p1a: Heracross|Heracross, F|186/337 tox","|cant|p2a: Blissey|slp","|","|-weather|Sandstorm|[upkeep]","|-damage|p1a: Heracross|165/337 tox|[from] Sandstorm","|-damage|p2a: Blissey|539/652 slp|[from] Sandstorm","|-heal|p1a: Heracross|186/337 tox|[from] item: Leftovers","|-damage|p1a: Heracross|165/337 tox|[from] psn","|-heal|p2a: Blissey|579/652 slp|[from] item: Leftovers","|upkeep","|turn|41","||adding 10 for new turn","|","|t:|1752969025","|-curestatus|p2a: Blissey|slp|[from] ability: Natural Cure","|switch|p2a: Metagross|Metagross|89/343","|move|p1a: Heracross|Brick Break|p2a: Metagross","|-damage|p2a: Metagross|0 fnt","|faint|p2a: Metagross","||adding 5 to each for mid turn request","|","|t:|1752969032","|switch|p2a: Blissey|Blissey, F|579/652","|","|-weather|Sandstorm|[upkeep]","|-damage|p1a: Heracross|144/337 tox|[from] Sandstorm","|-damage|p2a: Blissey|539/652|[from] Sandstorm","|-heal|p1a: Heracross|165/337 tox|[from] item: Leftovers","|-damage|p1a: Heracross|123/337 tox|[from] psn","|-heal|p2a: Blissey|579/652|[from] item: Leftovers","|upkeep","|turn|42","||adding 10 for new turn","|","|t:|1752969040","|move|p2a: Blissey|Protect|p2a: Blissey","|-singleturn|p2a: Blissey|Protect","|move|p1a: Heracross|Brick Break|p2a: Blissey","|-activate|p2a: Blissey|Protect","|","|-weather|Sandstorm|[upkeep]","|-damage|p1a: Heracross|102/337 tox|[from] Sandstorm","|-damage|p2a: Blissey|539/652|[from] Sandstorm","|-heal|p1a: Heracross|123/337 tox|[from] item: Leftovers","|-damage|p1a: Heracross|60/337 tox|[from] psn","|-heal|p2a: Blissey|579/652|[from] item: Leftovers","|upkeep","|turn|43","||adding 10 for new turn","|","|t:|1752969048","|move|p2a: Blissey|Protect|p2a: Blissey","|-singleturn|p2a: Blissey|Protect","|move|p1a: Heracross|Brick Break|p2a: Blissey","|-activate|p2a: Blissey|Protect","|","|-weather|Sandstorm|[upkeep]","|-damage|p1a: Heracross|39/337 tox|[from] Sandstorm","|-damage|p2a: Blissey|539/652|[from] Sandstorm","|-heal|p1a: Heracross|60/337 tox|[from] item: Leftovers","|-damage|p1a: Heracross|0 fnt|[from] psn","|faint|p1a: Heracross","|-heal|p2a: Blissey|579/652|[from] item: Leftovers","|upkeep","||adding 5 to each for mid turn request","|","|t:|1752969052","|switch|p1a: Gyarados|Gyarados, M|72/330 tox","|-ability|p1a: Gyarados|Intimidate|boost","|-unboost|p2a: Blissey|atk|1","|turn|44","||adding 10 for new turn","|","|t:|1752969059","|move|p1a: Gyarados|Hidden Power|p2a: Blissey","|-damage|p2a: Blissey|341/652","|move|p2a: Blissey|Wish|p2a: Blissey","|","|-weather|Sandstorm|[upkeep]","|-damage|p1a: Gyarados|52/330 tox|[from] Sandstorm","|-damage|p2a: Blissey|301/652|[from] Sandstorm","|-heal|p1a: Gyarados|72/330 tox|[from] item: Leftovers","|-damage|p1a: Gyarados|52/330 tox|[from] psn","|-heal|p2a: Blissey|341/652|[from] item: Leftovers","|upkeep","|turn|45","||adding 10 for new turn","|","|t:|1752969067","|switch|p1a: Milotic|Milotic, M|393/393","|move|p2a: Blissey|Protect||[still]","|-fail|p2a: Blissey","|","|-heal|p2a: Blissey|652/652|[from] move: Wish|[wisher] Blissey","|-weather|Sandstorm|[upkeep]","|-damage|p1a: Milotic|369/393|[from] Sandstorm","|-damage|p2a: Blissey|612/652|[from] Sandstorm","|-heal|p1a: Milotic|393/393|[from] item: Leftovers","|-heal|p2a: Blissey|652/652|[from] item: Leftovers","|upkeep","|turn|46","||adding 10 for new turn","|","|t:|1752969075","|move|p1a: Milotic|Hypnosis|p2a: Blissey","|-status|p2a: Blissey|slp|[from] move: Hypnosis","|cant|p2a: Blissey|slp","|","|-weather|Sandstorm|[upkeep]","|-damage|p1a: Milotic|369/393|[from] Sandstorm","|-damage|p2a: Blissey|612/652 slp|[from] Sandstorm","|-heal|p1a: Milotic|393/393|[from] item: Leftovers","|-heal|p2a: Blissey|652/652 slp|[from] item: Leftovers","|upkeep","|turn|47","||adding 10 for new turn","|","|t:|1752969082","|move|p1a: Milotic|Surf|p2a: Blissey","|-crit|p2a: Blissey","|-damage|p2a: Blissey|500/652 slp","|cant|p2a: Blissey|slp","|","|-weather|Sandstorm|[upkeep]","|-damage|p1a: Milotic|369/393|[from] Sandstorm","|-damage|p2a: Blissey|460/652 slp|[from] Sandstorm","|-heal|p1a: Milotic|393/393|[from] item: Leftovers","|-heal|p2a: Blissey|500/652 slp|[from] item: Leftovers","|upkeep","|turn|48","||adding 10 for new turn","|","|t:|1752969090","|move|p1a: Milotic|Surf|p2a: Blissey","|-damage|p2a: Blissey|433/652 slp","|cant|p2a: Blissey|slp","|","|-weather|Sandstorm|[upkeep]","|-damage|p1a: Milotic|369/393|[from] Sandstorm","|-damage|p2a: Blissey|393/652 slp|[from] Sandstorm","|-heal|p1a: Milotic|393/393|[from] item: Leftovers","|-heal|p2a: Blissey|433/652 slp|[from] item: Leftovers","|upkeep","|turn|49","||adding 10 for new turn","|","|t:|1752969098","|move|p1a: Milotic|Surf|p2a: Blissey","|-damage|p2a: Blissey|364/652 slp","|cant|p2a: Blissey|slp","|","|-weather|Sandstorm|[upkeep]","|-damage|p1a: Milotic|369/393|[from] Sandstorm","|-damage|p2a: Blissey|324/652 slp|[from] Sandstorm","|-heal|p1a: Milotic|393/393|[from] item: Leftovers","|-heal|p2a: Blissey|364/652 slp|[from] item: Leftovers","|upkeep","|turn|50","||adding 10 for new turn","|","|t:|1752969105","|move|p1a: Milotic|Surf|p2a: Blissey","|-damage|p2a: Blissey|293/652 slp","|-curestatus|p2a: Blissey|slp|[msg]","|move|p2a: Blissey|Wish|p2a: Blissey","|","|-weather|Sandstorm|[upkeep]","|-damage|p1a: Milotic|369/393|[from] Sandstorm","|-damage|p2a: Blissey|253/652|[from] Sandstorm","|-heal|p1a: Milotic|393/393|[from] item: Leftovers","|-heal|p2a: Blissey|293/652|[from] item: Leftovers","|upkeep","|turn|51","||adding 10 for new turn","|","|t:|1752969113","|move|p1a: Milotic|Hypnosis|p2a: Blissey","|-status|p2a: Blissey|slp|[from] move: Hypnosis","|cant|p2a: Blissey|slp","|","|-heal|p2a: Blissey|619/652 slp|[from] move: Wish|[wisher] Blissey","|-weather|Sandstorm|[upkeep]","|-damage|p1a: Milotic|369/393|[from] Sandstorm","|-damage|p2a: Blissey|579/652 slp|[from] Sandstorm","|-heal|p1a: Milotic|393/393|[from] item: Leftovers","|-heal|p2a: Blissey|619/652 slp|[from] item: Leftovers","|upkeep","|turn|52","||adding 10 for new turn","|","|t:|1752969121","|move|p1a: Milotic|Surf|p2a: Blissey","|-damage|p2a: Blissey|542/652 slp","|-curestatus|p2a: Blissey|slp|[msg]","|move|p2a: Blissey|Seismic Toss|p1a: Milotic","|-damage|p1a: Milotic|293/393","|","|-weather|Sandstorm|[upkeep]","|-damage|p1a: Milotic|269/393|[from] Sandstorm","|-damage|p2a: Blissey|502/652|[from] Sandstorm","|-heal|p1a: Milotic|293/393|[from] item: Leftovers","|-heal|p2a: Blissey|542/652|[from] item: Leftovers","|upkeep","|turn|53","||adding 10 for new turn","|","|t:|1752969129","|move|p1a: Milotic|Hypnosis|p2a: Blissey","|-status|p2a: Blissey|slp|[from] move: Hypnosis","|cant|p2a: Blissey|slp","|","|-weather|Sandstorm|[upkeep]","|-damage|p1a: Milotic|269/393|[from] Sandstorm","|-damage|p2a: Blissey|502/652 slp|[from] Sandstorm","|-heal|p1a: Milotic|293/393|[from] item: Leftovers","|-heal|p2a: Blissey|542/652 slp|[from] item: Leftovers","|upkeep","|turn|54","||adding 10 for new turn","|","|t:|1752969137","|move|p1a: Milotic|Recover|p1a: Milotic","|-heal|p1a: Milotic|393/393","|cant|p2a: Blissey|slp","|","|-weather|Sandstorm|[upkeep]","|-damage|p1a: Milotic|369/393|[from] Sandstorm","|-damage|p2a: Blissey|502/652 slp|[from] Sandstorm","|-heal|p1a: Milotic|393/393|[from] item: Leftovers","|-heal|p2a: Blissey|542/652 slp|[from] item: Leftovers","|upkeep","|turn|55","||adding 10 for new turn","|","|t:|1752969141","|move|p1a: Milotic|Surf|p2a: Blissey","|-damage|p2a: Blissey|467/652 slp","|-curestatus|p2a: Blissey|slp|[msg]","|move|p2a: Blissey|Seismic Toss|p1a: Milotic","|-damage|p1a: Milotic|293/393","|","|-weather|Sandstorm|[upkeep]","|-damage|p1a: Milotic|269/393|[from] Sandstorm","|-damage|p2a: Blissey|427/652|[from] Sandstorm","|-heal|p1a: Milotic|293/393|[from] item: Leftovers","|-heal|p2a: Blissey|467/652|[from] item: Leftovers","|upkeep","|turn|56","||adding 10 for new turn","|","|t:|1752969146","|move|p1a: Milotic|Hypnosis|p2a: Blissey","|-status|p2a: Blissey|slp|[from] move: Hypnosis","|cant|p2a: Blissey|slp","|","|-weather|Sandstorm|[upkeep]","|-damage|p1a: Milotic|269/393|[from] Sandstorm","|-damage|p2a: Blissey|427/652 slp|[from] Sandstorm","|-heal|p1a: Milotic|293/393|[from] item: Leftovers","|-heal|p2a: Blissey|467/652 slp|[from] item: Leftovers","|upkeep","|turn|57","||adding 10 for new turn","|","|t:|1752969150","|move|p1a: Milotic|Recover|p1a: Milotic","|-heal|p1a: Milotic|393/393","|-curestatus|p2a: Blissey|slp|[msg]","|move|p2a: Blissey|Wish|p2a: Blissey","|","|-weather|Sandstorm|[upkeep]","|-damage|p1a: Milotic|369/393|[from] Sandstorm","|-damage|p2a: Blissey|427/652|[from] Sandstorm","|-heal|p1a: Milotic|393/393|[from] item: Leftovers","|-heal|p2a: Blissey|467/652|[from] item: Leftovers","|upkeep","|turn|58","||adding 10 for new turn","|","|t:|1752969154","|move|p1a: Milotic|Hypnosis|p2a: Blissey","|-status|p2a: Blissey|slp|[from] move: Hypnosis","|cant|p2a: Blissey|slp","|","|-heal|p2a: Blissey|652/652 slp|[from] move: Wish|[wisher] Blissey","|-weather|Sandstorm|[upkeep]","|-damage|p1a: Milotic|369/393|[from] Sandstorm","|-damage|p2a: Blissey|612/652 slp|[from] Sandstorm","|-heal|p1a: Milotic|393/393|[from] item: Leftovers","|-heal|p2a: Blissey|652/652 slp|[from] item: Leftovers","|upkeep","|turn|59","||adding 10 for new turn","|","|t:|1752969159","|move|p1a: Milotic|Surf|p2a: Blissey","|-damage|p2a: Blissey|581/652 slp","|-curestatus|p2a: Blissey|slp|[msg]","|move|p2a: Blissey|Seismic Toss|p1a: Milotic","|-damage|p1a: Milotic|293/393","|","|-weather|Sandstorm|[upkeep]","|-damage|p1a: Milotic|269/393|[from] Sandstorm","|-damage|p2a: Blissey|541/652|[from] Sandstorm","|-heal|p1a: Milotic|293/393|[from] item: Leftovers","|-heal|p2a: Blissey|581/652|[from] item: Leftovers","|upkeep","|turn|60","||adding 10 for new turn","|","|t:|1752969163","|move|p1a: Milotic|Hypnosis|p2a: Blissey","|-status|p2a: Blissey|slp|[from] move: Hypnosis","|cant|p2a: Blissey|slp","|","|-weather|Sandstorm|[upkeep]","|-damage|p1a: Milotic|269/393|[from] Sandstorm","|-damage|p2a: Blissey|541/652 slp|[from] Sandstorm","|-heal|p1a: Milotic|293/393|[from] item: Leftovers","|-heal|p2a: Blissey|581/652 slp|[from] item: Leftovers","|upkeep","|turn|61","||adding 10 for new turn","|","|t:|1752969167","|move|p1a: Milotic|Recover|p1a: Milotic","|-heal|p1a: Milotic|393/393","|-curestatus|p2a: Blissey|slp|[msg]","|move|p2a: Blissey|Wish|p2a: Blissey","|","|-weather|Sandstorm|[upkeep]","|-damage|p1a: Milotic|369/393|[from] Sandstorm","|-damage|p2a: Blissey|541/652|[from] Sandstorm","|-heal|p1a: Milotic|393/393|[from] item: Leftovers","|-heal|p2a: Blissey|581/652|[from] item: Leftovers","|upkeep","|turn|62","||adding 10 for new turn","|","|t:|1752969172","|move|p1a: Milotic|Hypnosis|p2a: Blissey","|-status|p2a: Blissey|slp|[from] move: Hypnosis","|cant|p2a: Blissey|slp","|","|-heal|p2a: Blissey|652/652 slp|[from] move: Wish|[wisher] Blissey","|-weather|Sandstorm|[upkeep]","|-damage|p1a: Milotic|369/393|[from] Sandstorm","|-damage|p2a: Blissey|612/652 slp|[from] Sandstorm","|-heal|p1a: Milotic|393/393|[from] item: Leftovers","|-heal|p2a: Blissey|652/652 slp|[from] item: Leftovers","|upkeep","|turn|63","||adding 10 for new turn","|","|t:|1752969176","|move|p1a: Milotic|Surf|p2a: Blissey","|-damage|p2a: Blissey|575/652 slp","|-curestatus|p2a: Blissey|slp|[msg]","|move|p2a: Blissey|Seismic Toss|p1a: Milotic","|-damage|p1a: Milotic|293/393","|","|-weather|Sandstorm|[upkeep]","|-damage|p1a: Milotic|269/393|[from] Sandstorm","|-damage|p2a: Blissey|535/652|[from] Sandstorm","|-heal|p1a: Milotic|293/393|[from] item: Leftovers","|-heal|p2a: Blissey|575/652|[from] item: Leftovers","|upkeep","|turn|64","||adding 10 for new turn","|","|t:|1752969180","|move|p1a: Milotic|Hypnosis|p2a: Blissey|[miss]","|-miss|p1a: Milotic|p2a: Blissey","|move|p2a: Blissey|Toxic|p1a: Milotic","|-status|p1a: Milotic|tox","|","|-weather|Sandstorm|[upkeep]","|-damage|p1a: Milotic|269/393 tox|[from] Sandstorm","|-damage|p2a: Blissey|535/652|[from] Sandstorm","|-heal|p1a: Milotic|293/393 tox|[from] item: Leftovers","|-damage|p1a: Milotic|269/393 tox|[from] psn","|-heal|p2a: Blissey|575/652|[from] item: Leftovers","|upkeep","|turn|65","||adding 10 for new turn","|","|t:|1752969185","|move|p1a: Milotic|Hypnosis|p2a: Blissey","|-status|p2a: Blissey|slp|[from] move: Hypnosis","|cant|p2a: Blissey|slp","|","|-weather|Sandstorm|[upkeep]","|-damage|p1a: Milotic|245/393 tox|[from] Sandstorm","|-damage|p2a: Blissey|535/652 slp|[from] Sandstorm","|-heal|p1a: Milotic|269/393 tox|[from] item: Leftovers","|-damage|p1a: Milotic|221/393 tox|[from] psn","|-heal|p2a: Blissey|575/652 slp|[from] item: Leftovers","|upkeep","|turn|66","||adding 10 for new turn","|","|t:|1752969189","|-curestatus|p2a: Blissey|slp|[from] ability: Natural Cure","|switch|p2a: Magneton|Magneton|242/242","|move|p1a: Milotic|Recover|p1a: Milotic","|-heal|p1a: Milotic|393/393 tox","|","|-weather|Sandstorm|[upkeep]","|-damage|p1a: Milotic|369/393 tox|[from] Sandstorm","|-heal|p1a: Milotic|393/393 tox|[from] item: Leftovers","|-damage|p1a: Milotic|321/393 tox|[from] psn","|upkeep","|turn|67","||adding 10 for new turn","|","|t:|1752969197","|switch|p1a: Gyarados|Gyarados, M|52/330 tox","|-ability|p1a: Gyarados|Intimidate|boost","|-unboost|p2a: Magneton|atk|1","|move|p2a: Magneton|Thunderbolt|p1a: Gyarados","|-supereffective|p1a: Gyarados","|-damage|p1a: Gyarados|0 fnt","|faint|p1a: Gyarados","||adding 5 to each for mid turn request","|","|t:|1752969204","|switch|p1a: Magneton|Magneton|277/277","|","|-weather|Sandstorm|[upkeep]","|upkeep","|turn|68","||adding 10 for new turn","|","|t:|1752969212","|move|p1a: Magneton|Thunder Wave|p2a: Magneton","|-status|p2a: Magneton|par","|cant|p2a: Magneton|par","|","|-weather|Sandstorm|[upkeep]","|upkeep","|turn|69","||adding 10 for new turn","|","|t:|1752969220","|move|p1a: Magneton|Hidden Power|p2a: Magneton","|-supereffective|p2a: Magneton","|-damage|p2a: Magneton|55/242 par","|move|p2a: Magneton|Hidden Power|p1a: Magneton","|-supereffective|p1a: Magneton","|-damage|p1a: Magneton|50/277","|","|-weather|Sandstorm|[upkeep]","|-heal|p1a: Magneton|67/277|[from] item: Leftovers","|upkeep","|turn|70","||adding 10 for new turn","|","|t:|1752969228","|move|p1a: Magneton|Thunderbolt|p2a: Magneton","|-resisted|p2a: Magneton","|-crit|p2a: Magneton","|-damage|p2a: Magneton|0 fnt","|faint|p2a: Magneton","||adding 5 to each for mid turn request","|","|t:|1752969232","|switch|p2a: Blissey|Blissey, F|575/652","|","|-weather|Sandstorm|[upkeep]","|-damage|p2a: Blissey|535/652|[from] Sandstorm","|-heal|p1a: Magneton|84/277|[from] item: Leftovers","|-heal|p2a: Blissey|575/652|[from] item: Leftovers","|upkeep","|turn|71","||adding 10 for new turn","|","|t:|1752969236","|switch|p1a: Celebi|Celebi|401/401","|move|p2a: Blissey|Seismic Toss|p1a: Celebi","|-damage|p1a: Celebi|301/401","|","|-weather|Sandstorm|[upkeep]","|-damage|p1a: Celebi|276/401|[from] Sandstorm","|-damage|p2a: Blissey|535/652|[from] Sandstorm","|-heal|p1a: Celebi|301/401|[from] item: Leftovers","|-heal|p2a: Blissey|575/652|[from] item: Leftovers","|upkeep","|turn|72","||adding 10 for new turn","|","|t:|1752969244","|move|p1a: Celebi|Swords Dance|p1a: Celebi","|-boost|p1a: Celebi|atk|2","|move|p2a: Blissey|Toxic|p1a: Celebi","|-status|p1a: Celebi|tox","|","|-weather|Sandstorm|[upkeep]","|-damage|p1a: Celebi|276/401 tox|[from] Sandstorm","|-damage|p2a: Blissey|535/652|[from] Sandstorm","|-heal|p1a: Celebi|301/401 tox|[from] item: Leftovers","|-damage|p1a: Celebi|276/401 tox|[from] psn","|-heal|p2a: Blissey|575/652|[from] item: Leftovers","|upkeep","|turn|73","||adding 10 for new turn","|","|t:|1752969252","|move|p1a: Celebi|Hidden Power|p2a: Blissey","|-damage|p2a: Blissey|352/652","|move|p2a: Blissey|Seismic Toss|p1a: Celebi","|-damage|p1a: Celebi|176/401 tox","|","|-weather|Sandstorm|[upkeep]","|-damage|p1a: Celebi|151/401 tox|[from] Sandstorm","|-damage|p2a: Blissey|312/652|[from] Sandstorm","|-heal|p1a: Celebi|176/401 tox|[from] item: Leftovers","|-damage|p1a: Celebi|126/401 tox|[from] psn","|-heal|p2a: Blissey|352/652|[from] item: Leftovers","|upkeep","|turn|74","||adding 10 for new turn","|","|t:|1752969260","|move|p2a: Blissey|Protect|p2a: Blissey","|-singleturn|p2a: Blissey|Protect","|move|p1a: Celebi|Recover|p1a: Celebi","|-heal|p1a: Celebi|326/401 tox","|","|-weather|Sandstorm|[upkeep]","|-damage|p1a: Celebi|301/401 tox|[from] Sandstorm","|-damage|p2a: Blissey|312/652|[from] Sandstorm","|-heal|p1a: Celebi|326/401 tox|[from] item: Leftovers","|-damage|p1a: Celebi|251/401 tox|[from] psn","|-heal|p2a: Blissey|352/652|[from] item: Leftovers","|upkeep","|turn|75","||adding 10 for new turn","|","|t:|1752969264","|move|p1a: Celebi|Hidden Power|p2a: Blissey","|-damage|p2a: Blissey|120/652","|move|p2a: Blissey|Seismic Toss|p1a: Celebi","|-damage|p1a: Celebi|151/401 tox","|","|-weather|Sandstorm|[upkeep]","|-damage|p1a: Celebi|126/401 tox|[from] Sandstorm","|-damage|p2a: Blissey|80/652|[from] Sandstorm","|-heal|p1a: Celebi|151/401 tox|[from] item: Leftovers","|-damage|p1a: Celebi|51/401 tox|[from] psn","|-heal|p2a: Blissey|120/652|[from] item: Leftovers","|upkeep","|turn|76","||adding 10 for new turn","|","|t:|1752969268","|move|p1a: Celebi|Baton Pass|p1a: Celebi","||adding 5 to each for mid turn request","|","|t:|1752969272","|-curestatus|p1a: Celebi|tox|[from] ability: Natural Cure","|switch|p1a: Magneton|Magneton|84/277|[from] Baton Pass","|move|p2a: Blissey|Wish|p2a: Blissey","|","|-weather|Sandstorm|[upkeep]","|-damage|p2a: Blissey|80/652|[from] Sandstorm","|-heal|p1a: Magneton|101/277|[from] item: Leftovers","|-heal|p2a: Blissey|120/652|[from] item: Leftovers","|upkeep","|turn|77","||adding 10 for new turn","|","|t:|1752969277","|move|p2a: Blissey|Protect|p2a: Blissey","|-singleturn|p2a: Blissey|Protect","|move|p1a: Magneton|Thunderbolt|p2a: Blissey","|-activate|p2a: Blissey|Protect","|","|-heal|p2a: Blissey|446/652|[from] move: Wish|[wisher] Blissey","|-weather|Sandstorm|[upkeep]","|-damage|p2a: Blissey|406/652|[from] Sandstorm","|-heal|p1a: Magneton|118/277|[from] item: Leftovers","|-heal|p2a: Blissey|446/652|[from] item: Leftovers","|upkeep","|turn|78","||adding 10 for new turn","|","|t:|1752969281","|move|p1a: Magneton|Thunderbolt|p2a: Blissey","|-damage|p2a: Blissey|351/652","|move|p2a: Blissey|Seismic Toss|p1a: Magneton","|-damage|p1a: Magneton|18/277","|","|-weather|Sandstorm|[upkeep]","|-damage|p2a: Blissey|311/652|[from] Sandstorm","|-heal|p1a: Magneton|35/277|[from] item: Leftovers","|-heal|p2a: Blissey|351/652|[from] item: Leftovers","|upkeep","|turn|79","||adding 10 for new turn","|","|t:|1752969285","|move|p1a: Magneton|Thunderbolt|p2a: Blissey","|-damage|p2a: Blissey|261/652","|move|p2a: Blissey|Seismic Toss|p1a: Magneton","|-damage|p1a: Magneton|0 fnt","|faint|p1a: Magneton","||adding 5 to each for mid turn request","|","|t:|1752969289","|switch|p1a: Celebi|Celebi|51/401","|","|-weather|Sandstorm|[upkeep]","|-damage|p1a: Celebi|26/401|[from] Sandstorm","|-damage|p2a: Blissey|221/652|[from] Sandstorm","|-heal|p1a: Celebi|51/401|[from] item: Leftovers","|-heal|p2a: Blissey|261/652|[from] item: Leftovers","|upkeep","|turn|80","||adding 10 for new turn","|","|t:|1752969294","|switch|p2a: Tyranitar|Tyranitar, F|401/401","|move|p1a: Celebi|Recover|p1a: Celebi","|-heal|p1a: Celebi|251/401","|","|-weather|Sandstorm|[upkeep]","|-damage|p1a: Celebi|226/401|[from] Sandstorm","|-heal|p1a: Celebi|251/401|[from] item: Leftovers","|upkeep","|turn|81","||adding 10 for new turn","|","|t:|1752969301","|-activate|p1a: Celebi|move: Pursuit","|move|p2a: Tyranitar|Pursuit|p1a: Celebi|[from]Pursuit","|-supereffective|p1a: Celebi","|-damage|p1a: Celebi|15/401","|switch|p1a: Milotic|Milotic, M|321/393 tox","|","|-weather|Sandstorm|[upkeep]","|-damage|p1a: Milotic|297/393 tox|[from] Sandstorm","|-heal|p1a: Milotic|321/393 tox|[from] item: Leftovers","|-damage|p1a: Milotic|297/393 tox|[from] psn","|upkeep","|turn|82","||adding 10 for new turn","|","|t:|1752969309","|move|p1a: Milotic|Hypnosis|p2a: Tyranitar","|-status|p2a: Tyranitar|slp|[from] move: Hypnosis","|cant|p2a: Tyranitar|slp","|","|-weather|Sandstorm|[upkeep]","|-damage|p1a: Milotic|273/393 tox|[from] Sandstorm","|-heal|p1a: Milotic|297/393 tox|[from] item: Leftovers","|-damage|p1a: Milotic|249/393 tox|[from] psn","|upkeep","|turn|83","||adding 10 for new turn","|","|t:|1752969317","|switch|p2a: Blissey|Blissey, F|261/652","|move|p1a: Milotic|Ice Beam|p2a: Blissey","|-damage|p2a: Blissey|213/652","|","|-weather|Sandstorm|[upkeep]","|-damage|p1a: Milotic|225/393 tox|[from] Sandstorm","|-damage|p2a: Blissey|173/652|[from] Sandstorm","|-heal|p1a: Milotic|249/393 tox|[from] item: Leftovers","|-damage|p1a: Milotic|177/393 tox|[from] psn","|-heal|p2a: Blissey|213/652|[from] item: Leftovers","|upkeep","|turn|84","||adding 10 for new turn","|","|t:|1752969321","|move|p1a: Milotic|Ice Beam|p2a: Blissey","|-damage|p2a: Blissey|166/652","|move|p2a: Blissey|Wish|p2a: Blissey","|","|-weather|Sandstorm|[upkeep]","|-damage|p1a: Milotic|153/393 tox|[from] Sandstorm","|-damage|p2a: Blissey|126/652|[from] Sandstorm","|-heal|p1a: Milotic|177/393 tox|[from] item: Leftovers","|-damage|p1a: Milotic|81/393 tox|[from] psn","|-heal|p2a: Blissey|166/652|[from] item: Leftovers","|upkeep","|turn|85","||adding 10 for new turn","|","|t:|1752969325","|move|p1a: Milotic|Recover|p1a: Milotic","|-heal|p1a: Milotic|277/393 tox","|move|p2a: Blissey|Seismic Toss|p1a: Milotic","|-damage|p1a: Milotic|177/393 tox","|","|-heal|p2a: Blissey|492/652|[from] move: Wish|[wisher] Blissey","|-weather|Sandstorm|[upkeep]","|-damage|p1a: Milotic|153/393 tox|[from] Sandstorm","|-damage|p2a: Blissey|452/652|[from] Sandstorm","|-heal|p1a: Milotic|177/393 tox|[from] item: Leftovers","|-damage|p1a: Milotic|57/393 tox|[from] psn","|-heal|p2a: Blissey|492/652|[from] item: Leftovers","|upkeep","|turn|86","||adding 10 for new turn","|","|t:|1752969329","|switch|p2a: Tyranitar|Tyranitar, F|401/401 slp","|move|p1a: Milotic|Recover|p1a: Milotic","|-heal|p1a: Milotic|253/393 tox","|","|-weather|Sandstorm|[upkeep]","|-damage|p1a: Milotic|229/393 tox|[from] Sandstorm","|-heal|p1a: Milotic|253/393 tox|[from] item: Leftovers","|-damage|p1a: Milotic|109/393 tox|[from] psn","|upkeep","|turn|87","||adding 10 for new turn","|","|t:|1752969336","|move|p1a: Milotic|Recover|p1a: Milotic","|-heal|p1a: Milotic|305/393 tox","|cant|p2a: Tyranitar|slp","|","|-weather|Sandstorm|[upkeep]","|-damage|p1a: Milotic|281/393 tox|[from] Sandstorm","|-heal|p1a: Milotic|305/393 tox|[from] item: Leftovers","|-damage|p1a: Milotic|137/393 tox|[from] psn","|upkeep","|turn|88","||adding 10 for new turn","|","|t:|1752969344","|move|p1a: Milotic|Recover|p1a: Milotic","|-heal|p1a: Milotic|333/393 tox","|cant|p2a: Tyranitar|slp","|","|-weather|Sandstorm|[upkeep]","|-damage|p1a: Milotic|309/393 tox|[from] Sandstorm","|-heal|p1a: Milotic|333/393 tox|[from] item: Leftovers","|-damage|p1a: Milotic|141/393 tox|[from] psn","|upkeep","|turn|89","||adding 10 for new turn","|","|t:|1752969351","|move|p1a: Milotic|Recover|p1a: Milotic","|-heal|p1a: Milotic|337/393 tox","|-curestatus|p2a: Tyranitar|slp|[msg]","|move|p2a: Tyranitar|Pursuit|p1a: Milotic","|-damage|p1a: Milotic|287/393 tox","|","|-weather|Sandstorm|[upkeep]","|-damage|p1a: Milotic|263/393 tox|[from] Sandstorm","|-heal|p1a: Milotic|287/393 tox|[from] item: Leftovers","|-damage|p1a: Milotic|71/393 tox|[from] psn","|upkeep","|turn|90","||adding 10 for new turn","|","|t:|1752969358","|move|p1a: Milotic|Ice Beam|p2a: Tyranitar","|-damage|p2a: Tyranitar|335/401","|move|p2a: Tyranitar|Pursuit|p1a: Milotic","|-damage|p1a: Milotic|21/393 tox","|","|-weather|Sandstorm|[upkeep]","|-damage|p1a: Milotic|0 fnt|[from] Sandstorm","|faint|p1a: Milotic","|-heal|p2a: Tyranitar|360/401|[from] item: Leftovers","|upkeep","||adding 5 to each for mid turn request","|","|t:|1752969365","|switch|p1a: Celebi|Celebi|15/401","|turn|91","||adding 10 for new turn","|","|t:|1752969372","|move|p1a: Celebi|Recover|p1a: Celebi","|-heal|p1a: Celebi|215/401","|move|p2a: Tyranitar|Crunch|p1a: Celebi","|-supereffective|p1a: Celebi","|-damage|p1a: Celebi|0 fnt","|faint|p1a: Celebi","|","|win|foultestacceptor1",""],"p1rating":null,"p2rating":null,"endType":"normal","ladderError":true,"timestamp":"Sat Jul 19 2025 16:56:12 GMT-0700 (アメリカ太平洋夏時間)","roomid":"battle-gen3ou-1012","format":"gen3ou"}