{"winner":"foultestacceptor1","seed":"sodium,8ca29d5151941704b68c0d666aadceb0","turns":36,"p1":"foultestchallenge1","p2":"foultestacceptor1","p1team":[{"name":"Skarmory","species":"Skarmory","item":"Leftovers","ability":"Keen Eye","moves":["Spikes","Protect","Roar","Toxic"],"nature":"Careful","evs":{"hp":252,"atk":0,"def":8,"spa":0,"spd":248,"spe":0},"gender":"F","ivs":{"hp":31,"atk":0,"def":31,"spa":31,"spd":31,"spe":31},"level":100},{"name":"Blissey","species":"Blissey","item":"Leftovers","ability":"Natural Cure","moves":["Soft-Boiled","Ice Beam","Toxic","Fire Blast"],"nature":"Modest","evs":{"hp":0,"atk":0,"def":252,"spa":252,"spd":0,"spe":4},"gender":"F","ivs":{"hp":31,"atk":0,"def":31,"spa":31,"spd":31,"spe":31},"shiny":true,"level":100},{"name":"Tyranitar","species":"Tyranitar","item":"Leftovers","ability":"Sand Stream","moves":["Focus Punch","Rock Slide","Hidden Power Bug","Earthquake"],"nature":"Adamant","evs":{"hp":248,"atk":196,"def":12,"spa":0,"spd":52,"spe":0},"gender":"F","ivs":{"hp":31,"atk":30,"def":30,"spa":31,"spd":30,"spe":31},"happiness":255,"hpType":"Bug","pokeball":"","gigantamax":false,"dynamaxLevel":10,"teraType":"","level":100},{"name":"Swampert","species":"Swampert","item":"Leftovers","ability":"Torrent","moves":["Earthquake","Ice Beam","Hydro Pump","Protect"],"nature":"Relaxed","evs":{"hp":240,"atk":0,"def":136,"spa":40,"spd":48,"spe":44},"gender":"F","level":100,"ivs":{"hp":31,"atk":31,"def":31,"spa":31,"spd":31,"spe":31}},{"name":"Gengar","species":"Gengar","item":"Leftovers","ability":"Levitate","moves":["Will-O-Wisp","Thunderbolt","Ice Punch","Explosion"],"nature":"Timid","evs":{"hp":168,"atk":0,"def":0,"spa":0,"spd":164,"spe":176},"gender":"F","level":100,"ivs":{"hp":31,"atk":31,"def":31,"spa":31,"spd":31,"spe":31}},{"name":"Starmie","species":"Starmie","item":"Leftovers","ability":"Natural Cure","moves":["Hydro Pump","Ice Beam","Thunderbolt","Rapid Spin"],"nature":"Timid","evs":{"hp":4,"atk":0,"def":0,"spa":252,"spd":0,"spe":252},"gender":"N","ivs":{"hp":31,"atk":0,"def":31,"spa":31,"spd":31,"spe":31},"level":100}],"p2team":[{"name":"Medicham","species":"Medicham","item":"Salac Berry","ability":"Pure Power","moves":["Brick Break","Focus Punch","Rock Slide","Shadow Ball"],"nature":"Jolly","evs":{"hp":4,"atk":252,"def":0,"spa":0,"spd":0,"spe":252},"gender":"F","level":100,"ivs":{"hp":31,"atk":31,"def":31,"spa":31,"spd":31,"spe":31}},{"name":"Magneton","species":"Magneton","item":"Magnet","ability":"Magnet Pull","moves":["Thunderbolt","Hidden Power Fire","Toxic","Rain Dance"],"nature":"Modest","evs":{"hp":4,"atk":0,"def":0,"spa":252,"spd":0,"spe":252},"gender":"N","ivs":{"hp":31,"atk":2,"def":31,"spa":30,"spd":31,"spe":30},"happiness":255,"hpType":"Fire","pokeball":"","gigantamax":false,"dynamaxLevel":10,"teraType":"","level":100},{"name":"Snorlax","species":"Snorlax","item":"Leftovers","ability":"Immunity","moves":["Self-Destruct","Body Slam","Shadow Ball","Earthquake"],"nature":"Adamant","evs":{"hp":92,"atk":116,"def":144,"spa":0,"spd":144,"spe":12},"gender":"F","level":100,"ivs":{"hp":31,"atk":31,"def":31,"spa":31,"spd":31,"spe":31}},{"name":"Suicune","species":"Suicune","item":"Leftovers","ability":"Pressure","moves":["Calm Mind","Surf","Rest","Ice Beam"],"nature":"Calm","evs":{"hp":252,"atk":0,"def":0,"spa":180,"spd":68,"spe":8},"gender":"N","ivs":{"hp":31,"atk":0,"def":31,"spa":31,"spd":31,"spe":31},"level":100},{"name":"Salamence","species":"Salamence","item":"Leftovers","ability":"Intimidate","moves":["Dragon Dance","Hidden Power Flying","Rock Slide","Earthquake"],"nature":"Adamant","evs":{"hp":0,"atk":156,"def":0,"spa":0,"spd":140,"spe":212},"gender":"F","ivs":{"hp":31,"atk":31,"def":31,"spa":30,"spd":30,"spe":30},"happiness":255,"hpType":"Flying","pokeball":"","gigantamax":false,"dynamaxLevel":10,"teraType":"","level":100},{"name":"Metagross","species":"Metagross","item":"Leftovers","ability":"Clear Body","moves":["Agility","Meteor Mash","Earthquake","Explosion"],"nature":"Adamant","evs":{"hp":252,"atk":144,"def":24,"spa":0,"spd":0,"spe":88},"gender":"N","level":100,"ivs":{"hp":31,"atk":31,"def":31,"spa":31,"spd":31,"spe":31}}],"score":[0,2],"inputLog":[">version 372d05e49c92a79eecdf6c8dddb208bd1765c00f",">start {\"formatid\":\"gen3ou\",\"seed\":\"sodium,8ca29d5151941704b68c0d666aadceb0\"}",">player p1 {\"name\":\"foultestchallenge1\",\"avatar\":\"1\",\"team\":\"Skarmory||Leftovers|KeenEye|Spikes,Protect,Roar,Toxic|Careful|252,,8,,248,|F|,0,,,,|||]Blissey||Leftovers|NaturalCure|SoftBoiled,IceBeam,Toxic,FireBlast|Modest|,,252,252,,4|F|,0,,,,|S||]Tyranitar||Leftovers|SandStream|FocusPunch,RockSlide,HiddenPowerBug,Earthquake|Adamant|248,196,12,,52,|F|,30,30,,30,|||,Bug,,,,]Swampert||Leftovers|Torrent|Earthquake,IceBeam,HydroPump,Protect|Relaxed|240,,136,40,48,44|F||||]Gengar||Leftovers|Levitate|WillOWisp,Thunderbolt,IcePunch,Explosion|Timid|168,,,,164,176|F||||]Starmie||Leftovers|NaturalCure|HydroPump,IceBeam,Thunderbolt,RapidSpin|Timid|4,,,252,,252|N|,0,,,,|||\",\"rating\":0}",">player p2 {\"name\":\"foultestacceptor1\",\"avatar\":\"1\",\"team\":\"Medicham||SalacBerry|PurePower|BrickBreak,FocusPunch,RockSlide,ShadowBall|Jolly|4,252,,,,252|F||||]Magneton||Magnet|MagnetPull|Thunderbolt,HiddenPowerFire,Toxic,RainDance|Modest|4,,,252,,252|N|,2,,30,,30|||,Fire,,,,]Snorlax||Leftovers|Immunity|SelfDestruct,BodySlam,ShadowBall,Earthquake|Adamant|92,116,144,,144,12|F||||]Suicune||Leftovers|Pressure|CalmMind,Surf,Rest,IceBeam|Calm|252,,,180,68,8|N|,0,,,,|||]Salamence||Leftovers|Intimidate|DragonDance,HiddenPowerFlying,RockSlide,Earthquake|Adamant|,156,,,140,212|F|,,,30,30,30|||,Flying,,,,]Metagross||Leftovers|ClearBody|Agility,MeteorMash,Earthquake,Explosion|Adamant|252,144,24,,,88|N||||\",\"rating\":0}",">p1 move spikes",">p2 move focuspunch",">p1 move protect",">p2 move focuspunch",">p1 switch 5",">p2 move focuspunch",">p1 move willowisp",">p2 move shadowball",">p1 switch 4",">p2 move shadowball",">p1 move earthquake",">p2 move shadowball",">p1 move icebeam",">p2 move shadowball",">p2 switch 4",">p1 move earthquake",">p2 move calmmind",">p1 switch 2",">p2 move surf",">p1 move toxic",">p2 move calmmind",">p1 move softboiled",">p2 move surf",">p1 move softboiled",">p2 move surf",">p1 move icebeam",">p2 move rest",">p1 switch 5",">p2 move icebeam",">p1 move roar",">p2 move icebeam",">p1 move spikes",">p2 move bodyslam",">p1 move spikes",">p2 move bodyslam",">p1 switch 4",">p2 move shadowball",">p1 switch 3",">p1 move rockslide",">p2 move earthquake",">p1 move rockslide",">p2 move bodyslam",">p1 switch 2",">p1 move earthquake",">p2 move bodyslam",">p1 move earthquake",">p2 move selfdestruct",">p2 switch 3",">p1 move earthquake",">p2 move calmmind",">p1 move earthquake",">p2 move surf",">p1 move earthquake",">p2 move surf",">p1 switch 6",">p1 move thunderbolt",">p2 move rest",">p2 switch 6",">p1 move hydropump",">p2 move meteormash",">p1 switch 4",">p2 move earthquake",">p1 move roar",">p2 move meteormash",">p1 move roar",">p2 move meteormash",">p1 move roar",">p2 move dragondance",">p1 move roar",">p2 move thunderbolt",">p1 switch 5",">p1 move fireblast",">p2 move toxic",">p2 switch 5",">p1 move fireblast",">p2 move meteormash",">p1 move fireblast",">p2 move earthquake",">p1 switch 4",">p1 move hydropump",">p2 move earthquake"],"log":["|j|☆foultestchallenge1","|j|☆foultestacceptor1","|t:|1752924309","|gametype|singles","|player|p1|foultestchallenge1|1|","|player|p2|foultestacceptor1|1|","|teamsize|p1|6","|teamsize|p2|6","|gen|3","|tier|[Gen 3] OU","|rule|Sleep Clause Mod: Limit one foe put to sleep","|rule|Switch Priority Clause Mod: Faster Pokémon switch first","|rule|Species Clause: Limit one of each Pokémon","|rule|OHKO Clause: OHKO moves are banned","|rule|Evasion Items Clause: Evasion items are banned","|rule|Evasion Moves Clause: Evasion moves are banned","|rule|Endless Battle Clause: Forcing endless battles is banned","|rule|HP Percentage Mod: HP is shown in percentages","|rule|One Boost Passer Clause: Limit one Baton Passer that has a way to boost its stats","|rule|Freeze Clause Mod: Limit one foe frozen","|","|t:|1752924309","|start","|switch|p1a: Skarmory|Skarmory, F|334/334","|switch|p2a: Medicham|Medicham, F|262/262","|turn|1","|inactive|Battle timer is ON: inactive players will automatically lose when time's up. (requested by foultestacceptor1)","|inactive|foultestchallenge1 also wants the timer to be on.","|","|t:|1752924310","|-singleturn|p2a: Medicham|move: Focus Punch","|move|p1a: Skarmory|Spikes|p2a: Medicham","|-sidestart|p2: foultestacceptor1|Spikes","|move|p2a: Medicham|Focus Punch|p1a: Skarmory","|-damage|p1a: Skarmory|101/334","|","|-heal|p1a: Skarmory|121/334|[from] item: Leftovers","|upkeep","|turn|2","||adding 10 for new turn","|","|t:|1752924311","|-singleturn|p2a: Medicham|move: Focus Punch","|move|p1a: Skarmory|Protect|p1a: Skarmory","|-singleturn|p1a: Skarmory|Protect","|move|p2a: Medicham|Focus Punch|p1a: Skarmory","|-activate|p1a: Skarmory|Protect","|","|-heal|p1a: Skarmory|141/334|[from] item: Leftovers","|upkeep","|turn|3","||adding 10 for new turn","|","|t:|1752924312","|-singleturn|p2a: Medicham|move: Focus Punch","|switch|p1a: Gengar|Gengar, F|303/303","|move|p2a: Medicham|Focus Punch|p1a: Gengar","|-immune|p1a: Gengar","|","|upkeep","|turn|4","||adding 10 for new turn","|","|t:|1752924313","|move|p1a: Gengar|Will-O-Wisp|p2a: Medicham","|-status|p2a: Medicham|brn","|move|p2a: Medicham|Shadow Ball|p1a: Gengar","|-supereffective|p1a: Gengar","|-damage|p1a: Gengar|127/303","|","|-heal|p1a: Gengar|145/303|[from] item: Leftovers","|-damage|p2a: Medicham|230/262 brn|[from] brn","|upkeep","|turn|5","||adding 10 for new turn","|","|t:|1752924314","|switch|p1a: Swampert|Swampert, F|401/401","|move|p2a: Medicham|Shadow Ball|p1a: Swampert","|-damage|p1a: Swampert|353/401","|","|-damage|p2a: Medicham|198/262 brn|[from] brn","|-heal|p1a: Swampert|378/401|[from] item: Leftovers","|upkeep","|turn|6","||adding 10 for new turn","|","|t:|1752924315","|move|p2a: Medicham|Shadow Ball|p1a: Swampert","|-damage|p1a: Swampert|324/401","|-unboost|p1a: Swampert|spd|1","|move|p1a: Swampert|Earthquake|p2a: Medicham","|-damage|p2a: Medicham|43/262 brn","|","|-enditem|p2a: Medicham|Salac Berry|[eat]","|-boost|p2a: Medicham|spe|1|[from] item: Salac Berry","|-damage|p2a: Medicham|11/262 brn|[from] brn","|-heal|p1a: Swampert|349/401|[from] item: Leftovers","|upkeep","|turn|7","||adding 10 for new turn","|","|t:|1752924316","|move|p2a: Medicham|Shadow Ball|p1a: Swampert","|-damage|p1a: Swampert|302/401","|move|p1a: Swampert|Ice Beam|p2a: Medicham","|-damage|p2a: Medicham|0 fnt","|faint|p2a: Medicham","||adding 5 to each for mid turn request","|","|t:|1752924317","|switch|p2a: Suicune|Suicune|404/404","|-damage|p2a: Suicune|354/404|[from] Spikes","|-ability|p2a: Suicune|Pressure|[silent]","|","|-heal|p2a: Suicune|379/404|[from] item: Leftovers","|-heal|p1a: Swampert|327/401|[from] item: Leftovers","|upkeep","|turn|8","||adding 10 for new turn","|","|t:|1752924318","|move|p2a: Suicune|Calm Mind|p2a: Suicune","|-boost|p2a: Suicune|spa|1","|-boost|p2a: Suicune|spd|1","|move|p1a: Swampert|Earthquake|p2a: Suicune","|-damage|p2a: Suicune|275/404","|","|-heal|p2a: Suicune|300/404|[from] item: Leftovers","|-heal|p1a: Swampert|352/401|[from] item: Leftovers","|upkeep","|turn|9","||adding 10 for new turn","|","|t:|1752924319","|switch|p1a: Blissey|Blissey, F, shiny|651/651","|move|p2a: Suicune|Surf|p1a: Blissey","|-damage|p1a: Blissey|502/651","|","|-heal|p2a: Suicune|325/404|[from] item: Leftovers","|-heal|p1a: Blissey|542/651|[from] item: Leftovers","|upkeep","|turn|10","||adding 10 for new turn","|","|t:|1752924320","|move|p2a: Suicune|Calm Mind|p2a: Suicune","|-boost|p2a: Suicune|spa|1","|-boost|p2a: Suicune|spd|1","|move|p1a: Blissey|Toxic|p2a: Suicune","|-status|p2a: Suicune|tox","|","|-heal|p2a: Suicune|350/404 tox|[from] item: Leftovers","|-damage|p2a: Suicune|325/404 tox|[from] psn","|-heal|p1a: Blissey|582/651|[from] item: Leftovers","|upkeep","|turn|11","||adding 10 for new turn","|","|t:|1752924321","|move|p2a: Suicune|Surf|p1a: Blissey","|-damage|p1a: Blissey|378/651","|move|p1a: Blissey|Soft-Boiled|p1a: Blissey","|-heal|p1a: Blissey|651/651","|","|-heal|p2a: Suicune|350/404 tox|[from] item: Leftovers","|-damage|p2a: Suicune|300/404 tox|[from] psn","|upkeep","|turn|12","||adding 10 for new turn","|","|t:|1752924323","|move|p2a: Suicune|Surf|p1a: Blissey","|-damage|p1a: Blissey|465/651","|move|p1a: Blissey|Soft-Boiled|p1a: Blissey","|-heal|p1a: Blissey|651/651","|","|-heal|p2a: Suicune|325/404 tox|[from] item: Leftovers","|-damage|p2a: Suicune|250/404 tox|[from] psn","|upkeep","|turn|13","||adding 10 for new turn","|","|t:|1752924324","|move|p2a: Suicune|Rest|p2a: Suicune","|-status|p2a: Suicune|slp|[from] move: Rest","|-heal|p2a: Suicune|404/404 slp|[silent]","|move|p1a: Blissey|Ice Beam|p2a: Suicune","|-resisted|p2a: Suicune","|-damage|p2a: Suicune|389/404 slp","|","|-heal|p2a: Suicune|404/404 slp|[from] item: Leftovers","|upkeep","|turn|14","||adding 10 for new turn","|","|t:|1752924324","|switch|p1a: Skarmory|Skarmory, F|141/334","|cant|p2a: Suicune|slp","|","|-heal|p1a: Skarmory|161/334|[from] item: Leftovers","|upkeep","|turn|15","||adding 10 for new turn","|","|t:|1752924325","|cant|p2a: Suicune|slp","|move|p1a: Skarmory|Roar|p2a: Suicune","|drag|p2a: Snorlax|Snorlax, F|484/484","|-damage|p2a: Snorlax|424/484|[from] Spikes","|","|-heal|p1a: Skarmory|181/334|[from] item: Leftovers","|-heal|p2a: Snorlax|454/484|[from] item: Leftovers","|upkeep","|turn|16","||adding 10 for new turn","|","|t:|1752924326","|move|p1a: Skarmory|Spikes|p2a: Snorlax","|-sidestart|p2: foultestacceptor1|Spikes","|move|p2a: Snorlax|Body Slam|p1a: Skarmory","|-resisted|p1a: Skarmory","|-damage|p1a: Skarmory|128/334","|","|-heal|p1a: Skarmory|148/334|[from] item: Leftovers","|-heal|p2a: Snorlax|484/484|[from] item: Leftovers","|upkeep","|turn|17","||adding 10 for new turn","|","|t:|1752924327","|move|p1a: Skarmory|Spikes|p2a: Snorlax","|-sidestart|p2: foultestacceptor1|Spikes","|move|p2a: Snorlax|Body Slam|p1a: Skarmory","|-resisted|p1a: Skarmory","|-damage|p1a: Skarmory|102/334","|-status|p1a: Skarmory|par","|","|-heal|p1a: Skarmory|122/334 par|[from] item: Leftovers","|upkeep","|turn|18","||adding 10 for new turn","|","|t:|1752924328","|switch|p1a: Gengar|Gengar, F|145/303","|move|p2a: Snorlax|Shadow Ball|p1a: Gengar","|-supereffective|p1a: Gengar","|-damage|p1a: Gengar|0 fnt","|faint|p1a: Gengar","||adding 5 to each for mid turn request","|","|t:|1752924329","|switch|p1a: Tyranitar|Tyranitar, F|403/403","|-weather|Sandstorm|[from] ability: Sand Stream|[of] p1a: Tyranitar","|","|-weather|Sandstorm|[upkeep]","|-damage|p2a: Snorlax|454/484|[from] Sandstorm","|-heal|p2a: Snorlax|484/484|[from] item: Leftovers","|upkeep","|turn|19","||adding 10 for new turn","|","|t:|1752924331","|move|p1a: Tyranitar|Rock Slide|p2a: Snorlax|[miss]","|-miss|p1a: Tyranitar|p2a: Snorlax","|move|p2a: Snorlax|Earthquake|p1a: Tyranitar","|-supereffective|p1a: Tyranitar","|-crit|p1a: Tyranitar","|-damage|p1a: Tyranitar|16/403","|","|-weather|Sandstorm|[upkeep]","|-damage|p2a: Snorlax|454/484|[from] Sandstorm","|-heal|p1a: Tyranitar|41/403|[from] item: Leftovers","|-heal|p2a: Snorlax|484/484|[from] item: Leftovers","|upkeep","|turn|20","||adding 10 for new turn","|","|t:|1752924332","|move|p1a: Tyranitar|Rock Slide|p2a: Snorlax","|-damage|p2a: Snorlax|327/484","|move|p2a: Snorlax|Body Slam|p1a: Tyranitar","|-resisted|p1a: Tyranitar","|-crit|p1a: Tyranitar","|-damage|p1a: Tyranitar|0 fnt","|faint|p1a: Tyranitar","||adding 5 to each for mid turn request","|","|t:|1752924333","|switch|p1a: Swampert|Swampert, F|352/401","|","|-weather|Sandstorm|[upkeep]","|-damage|p2a: Snorlax|297/484|[from] Sandstorm","|-heal|p1a: Swampert|377/401|[from] item: Leftovers","|-heal|p2a: Snorlax|327/484|[from] item: Leftovers","|upkeep","|turn|21","||adding 10 for new turn","|","|t:|1752924333","|move|p1a: Swampert|Earthquake|p2a: Snorlax","|-crit|p2a: Snorlax","|-damage|p2a: Snorlax|36/484","|move|p2a: Snorlax|Body Slam|p1a: Swampert","|-damage|p1a: Swampert|261/401","|","|-weather|Sandstorm|[upkeep]","|-damage|p2a: Snorlax|6/484|[from] Sandstorm","|-heal|p1a: Swampert|286/401|[from] item: Leftovers","|-heal|p2a: Snorlax|36/484|[from] item: Leftovers","|upkeep","|turn|22","||adding 10 for new turn","|","|t:|1752924334","|move|p1a: Swampert|Earthquake|p2a: Snorlax","|-damage|p2a: Snorlax|0 fnt","|faint|p2a: Snorlax","||adding 5 to each for mid turn request","|","|t:|1752924335","|switch|p2a: Suicune|Suicune|404/404 slp","|-damage|p2a: Suicune|303/404 slp|[from] Spikes","|-ability|p2a: Suicune|Pressure|[silent]","|","|-weather|Sandstorm|[upkeep]","|-damage|p2a: Suicune|278/404 slp|[from] Sandstorm","|-heal|p2a: Suicune|303/404 slp|[from] item: Leftovers","|-heal|p1a: Swampert|311/401|[from] item: Leftovers","|upkeep","|turn|23","||adding 10 for new turn","|","|t:|1752924336","|-curestatus|p2a: Suicune|slp|[msg]","|move|p2a: Suicune|Calm Mind|p2a: Suicune","|-boost|p2a: Suicune|spa|1","|-boost|p2a: Suicune|spd|1","|move|p1a: Swampert|Earthquake|p2a: Suicune","|-damage|p2a: Suicune|194/404","|","|-weather|Sandstorm|[upkeep]","|-damage|p2a: Suicune|169/404|[from] Sandstorm","|-heal|p2a: Suicune|194/404|[from] item: Leftovers","|-heal|p1a: Swampert|336/401|[from] item: Leftovers","|upkeep","|turn|24","||adding 10 for new turn","|","|t:|1752924337","|move|p2a: Suicune|Surf|p1a: Swampert","|-damage|p1a: Swampert|129/401","|move|p1a: Swampert|Earthquake|p2a: Suicune","|-damage|p2a: Suicune|75/404","|","|-weather|Sandstorm|[upkeep]","|-damage|p2a: Suicune|50/404|[from] Sandstorm","|-heal|p2a: Suicune|75/404|[from] item: Leftovers","|-heal|p1a: Swampert|154/401|[from] item: Leftovers","|upkeep","|turn|25","||adding 10 for new turn","|","|t:|1752924338","|move|p2a: Suicune|Surf|p1a: Swampert","|-damage|p1a: Swampert|0 fnt","|faint|p1a: Swampert","||adding 5 to each for mid turn request","|","|t:|1752924339","|switch|p1a: Starmie|Starmie|262/262","|","|-weather|Sandstorm|[upkeep]","|-damage|p1a: Starmie|246/262|[from] Sandstorm","|-damage|p2a: Suicune|50/404|[from] Sandstorm","|-heal|p1a: Starmie|262/262|[from] item: Leftovers","|-heal|p2a: Suicune|75/404|[from] item: Leftovers","|upkeep","|turn|26","||adding 10 for new turn","|","|t:|1752924340","|move|p1a: Starmie|Thunderbolt|p2a: Suicune","|-supereffective|p2a: Suicune","|-damage|p2a: Suicune|0 fnt","|faint|p2a: Suicune","||adding 5 to each for mid turn request","|","|t:|1752924340","|switch|p2a: Metagross|Metagross|364/364","|-damage|p2a: Metagross|273/364|[from] Spikes","|","|-weather|Sandstorm|[upkeep]","|-damage|p1a: Starmie|246/262|[from] Sandstorm","|-heal|p1a: Starmie|262/262|[from] item: Leftovers","|-heal|p2a: Metagross|295/364|[from] item: Leftovers","|upkeep","|turn|27","||adding 10 for new turn","|","|t:|1752924341","|move|p1a: Starmie|Hydro Pump|p2a: Metagross|[miss]","|-miss|p1a: Starmie|p2a: Metagross","|move|p2a: Metagross|Meteor Mash|p1a: Starmie","|-resisted|p1a: Starmie","|-damage|p1a: Starmie|163/262","|","|-weather|Sandstorm|[upkeep]","|-damage|p1a: Starmie|147/262|[from] Sandstorm","|-heal|p1a: Starmie|163/262|[from] item: Leftovers","|-heal|p2a: Metagross|317/364|[from] item: Leftovers","|upkeep","|turn|28","||adding 10 for new turn","|","|t:|1752924343","|switch|p1a: Skarmory|Skarmory, F|122/334 par","|move|p2a: Metagross|Earthquake|p1a: Skarmory","|-immune|p1a: Skarmory","|","|-weather|Sandstorm|[upkeep]","|-heal|p2a: Metagross|339/364|[from] item: Leftovers","|-heal|p1a: Skarmory|142/334 par|[from] item: Leftovers","|upkeep","|turn|29","||adding 10 for new turn","|","|t:|1752924343","|move|p2a: Metagross|Meteor Mash|p1a: Skarmory","|-resisted|p1a: Skarmory","|-damage|p1a: Skarmory|70/334 par","|cant|p1a: Skarmory|par","|","|-weather|Sandstorm|[upkeep]","|-heal|p2a: Metagross|361/364|[from] item: Leftovers","|-heal|p1a: Skarmory|90/334 par|[from] item: Leftovers","|upkeep","|turn|30","||adding 10 for new turn","|","|t:|1752924344","|move|p2a: Metagross|Meteor Mash|p1a: Skarmory","|-resisted|p1a: Skarmory","|-damage|p1a: Skarmory|27/334 par","|-boost|p2a: Metagross|atk|1","|move|p1a: Skarmory|Roar|p2a: Metagross","|drag|p2a: Salamence|Salamence, F|331/331","|-ability|p2a: Salamence|Intimidate|boost","|-unboost|p1a: Skarmory|atk|1","|","|-weather|Sandstorm|[upkeep]","|-damage|p2a: Salamence|311/331|[from] Sandstorm","|-heal|p2a: Salamence|331/331|[from] item: Leftovers","|-heal|p1a: Skarmory|47/334 par|[from] item: Leftovers","|upkeep","|turn|31","||adding 10 for new turn","|","|t:|1752924346","|move|p2a: Salamence|Dragon Dance|p2a: Salamence","|-boost|p2a: Salamence|atk|1","|-boost|p2a: Salamence|spe|1","|move|p1a: Skarmory|Roar|p2a: Salamence","|drag|p2a: Magneton|Magneton|242/242","|-damage|p2a: Magneton|182/242|[from] Spikes","|","|-weather|Sandstorm|[upkeep]","|-heal|p1a: Skarmory|67/334 par|[from] item: Leftovers","|upkeep","|turn|32","||adding 10 for new turn","|","|t:|1752924347","|move|p2a: Magneton|Thunderbolt|p1a: Skarmory","|-supereffective|p1a: Skarmory","|-damage|p1a: Skarmory|0 fnt","|faint|p1a: Skarmory","||adding 5 to each for mid turn request","|","|t:|1752924347","|switch|p1a: Blissey|Blissey, F, shiny|651/651","|","|-weather|Sandstorm|[upkeep]","|-damage|p1a: Blissey|611/651|[from] Sandstorm","|-heal|p1a: Blissey|651/651|[from] item: Leftovers","|upkeep","|turn|33","||adding 10 for new turn","|","|t:|1752924348","|move|p2a: Magneton|Toxic|p1a: Blissey","|-status|p1a: Blissey|tox","|move|p1a: Blissey|Fire Blast|p2a: Magneton","|-supereffective|p2a: Magneton","|-damage|p2a: Magneton|0 fnt","|faint|p2a: Magneton","||adding 5 to each for mid turn request","|","|t:|1752924349","|switch|p2a: Metagross|Metagross|361/364","|-damage|p2a: Metagross|270/364|[from] Spikes","|","|-weather|Sandstorm|[upkeep]","|-damage|p1a: Blissey|611/651 tox|[from] Sandstorm","|-heal|p2a: Metagross|292/364|[from] item: Leftovers","|-heal|p1a: Blissey|651/651 tox|[from] item: Leftovers","|-damage|p1a: Blissey|611/651 tox|[from] psn","|upkeep","|turn|34","||adding 10 for new turn","|","|t:|1752924350","|move|p2a: Metagross|Meteor Mash|p1a: Blissey","|-damage|p1a: Blissey|243/651 tox","|-boost|p2a: Metagross|atk|1","|move|p1a: Blissey|Fire Blast|p2a: Metagross|[miss]","|-miss|p1a: Blissey|p2a: Metagross","|","|-weather|Sandstorm|[upkeep]","|-damage|p1a: Blissey|203/651 tox|[from] Sandstorm","|-heal|p2a: Metagross|314/364|[from] item: Leftovers","|-heal|p1a: Blissey|243/651 tox|[from] item: Leftovers","|-damage|p1a: Blissey|163/651 tox|[from] psn","|upkeep","|turn|35","||adding 10 for new turn","|","|t:|1752924351","|move|p2a: Metagross|Earthquake|p1a: Blissey","|-damage|p1a: Blissey|0 fnt","|faint|p1a: Blissey","||adding 5 to each for mid turn request","|","|t:|1752924352","|switch|p1a: Starmie|Starmie|163/262","|","|-weather|Sandstorm|[upkeep]","|-damage|p1a: Starmie|147/262|[from] Sandstorm","|-heal|p1a: Starmie|163/262|[from] item: Leftovers","|-heal|p2a: Metagross|336/364|[from] item: Leftovers","|upkeep","|turn|36","||adding 10 for new turn","|","|t:|1752924353","|move|p1a: Starmie|Hydro Pump|p2a: Metagross","|-damage|p2a: Metagross|132/364","|move|p2a: Metagross|Earthquake|p1a: Starmie","|-crit|p1a: Starmie","|-damage|p1a: Starmie|0 fnt","|faint|p1a: Starmie","|","|win|foultestacceptor1",""],"p1rating":null,"p2rating":null,"endType":"normal","ladderError":true,"timestamp":"Sat Jul 19 2025 04:25:53 GMT-0700 (アメリカ太平洋夏時間)","roomid":"battle-gen3ou-944","format":"gen3ou"}