{"winner":"foultestchallenge1","seed":"sodium,503111e9dea5ba18635f469ff92ea462","turns":159,"p1":"foultestchallenge1","p2":"foultestacceptor1","p1team":[{"name":"Skarmory","species":"Skarmory","item":"Leftovers","ability":"Keen Eye","moves":["Spikes","Roar","Toxic","Protect"],"nature":"Careful","evs":{"hp":252,"atk":0,"def":0,"spa":0,"spd":252,"spe":4},"gender":"F","ivs":{"hp":31,"atk":0,"def":31,"spa":31,"spd":31,"spe":31},"level":100},{"name":"Jolteon","species":"Jolteon","item":"Leftovers","ability":"Volt Absorb","moves":["Thunderbolt","Thunder Wave","Hidden Power Grass","Baton Pass"],"nature":"Timid","evs":{"hp":4,"atk":0,"def":0,"spa":252,"spd":0,"spe":252},"gender":"M","ivs":{"hp":31,"atk":2,"def":31,"spa":30,"spd":31,"spe":31},"happiness":255,"hpType":"Grass","pokeball":"","gigantamax":false,"dynamaxLevel":10,"teraType":"","level":100},{"name":"Tyranitar","species":"Tyranitar","item":"Leftovers","ability":"Sand Stream","moves":["Focus Punch","Earthquake","Hidden Power Bug","Rock Slide"],"nature":"Adamant","evs":{"hp":252,"atk":252,"def":4,"spa":0,"spd":0,"spe":0},"gender":"M","ivs":{"hp":31,"atk":31,"def":31,"spa":31,"spd":30,"spe":30},"happiness":255,"hpType":"Bug","pokeball":"","gigantamax":false,"dynamaxLevel":10,"teraType":"","level":100},{"name":"Gengar","species":"Gengar","item":"Leftovers","ability":"Levitate","moves":["Ice Punch","Fire Punch","Hidden Power Grass","Explosion"],"nature":"Hasty","evs":{"hp":40,"atk":0,"def":0,"spa":252,"spd":0,"spe":216},"gender":"M","ivs":{"hp":31,"atk":30,"def":31,"spa":30,"spd":31,"spe":31},"happiness":255,"hpType":"Grass","pokeball":"","gigantamax":false,"dynamaxLevel":10,"teraType":"","level":100},{"name":"Metagross","species":"Metagross","item":"Choice Band","ability":"Clear Body","moves":["Meteor Mash","Earthquake","Rock Slide","Explosion"],"nature":"Adamant","evs":{"hp":68,"atk":252,"def":0,"spa":0,"spd":0,"spe":188},"gender":"N","level":100,"ivs":{"hp":31,"atk":31,"def":31,"spa":31,"spd":31,"spe":31}},{"name":"Starmie","species":"Starmie","item":"Leftovers","ability":"Natural Cure","moves":["Hydro Pump","Thunderbolt","Ice Beam","Psychic"],"nature":"Timid","evs":{"hp":4,"atk":0,"def":0,"spa":252,"spd":0,"spe":252},"gender":"N","ivs":{"hp":31,"atk":0,"def":31,"spa":31,"spd":31,"spe":31},"level":100}],"p2team":[{"name":"Skarmory","species":"Skarmory","item":"Leftovers","ability":"Keen Eye","moves":["Spikes","Roar","Toxic","Protect"],"nature":"Careful","evs":{"hp":252,"atk":0,"def":0,"spa":0,"spd":252,"spe":4},"gender":"M","ivs":{"hp":31,"atk":0,"def":31,"spa":31,"spd":31,"spe":31},"level":100},{"name":"Jolteon","species":"Jolteon","item":"Leftovers","ability":"Volt Absorb","moves":["Thunderbolt","Thunder Wave","Hidden Power Grass","Baton Pass"],"nature":"Timid","evs":{"hp":4,"atk":0,"def":0,"spa":252,"spd":0,"spe":252},"gender":"F","ivs":{"hp":31,"atk":2,"def":31,"spa":30,"spd":31,"spe":31},"happiness":255,"hpType":"Grass","pokeball":"","gigantamax":false,"dynamaxLevel":10,"teraType":"","level":100},{"name":"Tyranitar","species":"Tyranitar","item":"Leftovers","ability":"Sand Stream","moves":["Focus Punch","Earthquake","Hidden Power Bug","Rock Slide"],"nature":"Adamant","evs":{"hp":252,"atk":252,"def":4,"spa":0,"spd":0,"spe":0},"gender":"M","ivs":{"hp":31,"atk":31,"def":31,"spa":31,"spd":30,"spe":30},"happiness":255,"hpType":"Bug","pokeball":"","gigantamax":false,"dynamaxLevel":10,"teraType":"","level":100},{"name":"Gengar","species":"Gengar","item":"Leftovers","ability":"Levitate","moves":["Ice Punch","Fire Punch","Hidden Power Grass","Explosion"],"nature":"Hasty","evs":{"hp":40,"atk":0,"def":0,"spa":252,"spd":0,"spe":216},"gender":"M","ivs":{"hp":31,"atk":30,"def":31,"spa":30,"spd":31,"spe":31},"happiness":255,"hpType":"Grass","pokeball":"","gigantamax":false,"dynamaxLevel":10,"teraType":"","level":100},{"name":"Metagross","species":"Metagross","item":"Choice Band","ability":"Clear Body","moves":["Meteor Mash","Earthquake","Rock Slide","Explosion"],"nature":"Adamant","evs":{"hp":68,"atk":252,"def":0,"spa":0,"spd":0,"spe":188},"gender":"N","level":100,"ivs":{"hp":31,"atk":31,"def":31,"spa":31,"spd":31,"spe":31}},{"name":"Starmie","species":"Starmie","item":"Leftovers","ability":"Natural Cure","moves":["Hydro Pump","Thunderbolt","Ice Beam","Psychic"],"nature":"Timid","evs":{"hp":4,"atk":0,"def":0,"spa":252,"spd":0,"spe":252},"gender":"N","ivs":{"hp":31,"atk":0,"def":31,"spa":31,"spd":31,"spe":31},"level":100}],"score":[1,0],"inputLog":[">version 372d05e49c92a79eecdf6c8dddb208bd1765c00f",">start {\"formatid\":\"gen3ou\",\"seed\":\"sodium,503111e9dea5ba18635f469ff92ea462\"}",">player p1 {\"name\":\"foultestchallenge1\",\"avatar\":\"266\",\"team\":\"Skarmory||Leftovers|KeenEye|Spikes,Roar,Toxic,Protect|Careful|252,,,,252,4|F|,0,,,,|||]Jolteon||Leftovers|VoltAbsorb|Thunderbolt,ThunderWave,HiddenPowerGrass,BatonPass|Timid|4,,,252,,252|M|,2,,30,,|||,Grass,,,,]Tyranitar||Leftovers|SandStream|FocusPunch,Earthquake,HiddenPowerBug,RockSlide|Adamant|252,252,4,,,|M|,,,,30,30|||,Bug,,,,]Gengar||Leftovers|Levitate|IcePunch,FirePunch,HiddenPowerGrass,Explosion|Hasty|40,,,252,,216|M|,30,,30,,|||,Grass,,,,]Metagross||ChoiceBand|ClearBody|MeteorMash,Earthquake,RockSlide,Explosion|Adamant|68,252,,,,188|N||||]Starmie||Leftovers|NaturalCure|HydroPump,Thunderbolt,IceBeam,Psychic|Timid|4,,,252,,252|N|,0,,,,|||\",\"rating\":0}",">player p2 {\"name\":\"foultestacceptor1\",\"avatar\":\"169\",\"team\":\"Skarmory||Leftovers|KeenEye|Spikes,Roar,Toxic,Protect|Careful|252,,,,252,4|M|,0,,,,|||]Jolteon||Leftovers|VoltAbsorb|Thunderbolt,ThunderWave,HiddenPowerGrass,BatonPass|Timid|4,,,252,,252|F|,2,,30,,|||,Grass,,,,]Tyranitar||Leftovers|SandStream|FocusPunch,Earthquake,HiddenPowerBug,RockSlide|Adamant|252,252,4,,,|M|,,,,30,30|||,Bug,,,,]Gengar||Leftovers|Levitate|IcePunch,FirePunch,HiddenPowerGrass,Explosion|Hasty|40,,,252,,216|M|,30,,30,,|||,Grass,,,,]Metagross||ChoiceBand|ClearBody|MeteorMash,Earthquake,RockSlide,Explosion|Adamant|68,252,,,,188|N||||]Starmie||Leftovers|NaturalCure|HydroPump,Thunderbolt,IceBeam,Psychic|Timid|4,,,252,,252|N|,0,,,,|||\",\"rating\":0}",">p1 move spikes",">p2 move spikes",">p1 move spikes",">p2 move spikes",">p1 move spikes",">p2 move spikes",">p1 move roar",">p2 move roar",">p1 switch 4",">p2 move thunderbolt",">p1 move hiddenpower",">p2 move hydropump",">p1 switch 2",">p1 move thunderbolt",">p2 switch 2",">p1 move thunderwave",">p2 move thunderwave",">p1 move hiddenpower",">p2 move thunderwave",">p1 move hiddenpower",">p2 move hiddenpower",">p1 move hiddenpower",">p2 move hiddenpower",">p1 move hiddenpower",">p2 move hiddenpower",">p1 switch 3",">p1 move rockslide",">p2 move thunderbolt",">p1 move rockslide",">p2 move thunderbolt",">p2 switch 4",">p1 move rockslide",">p2 move hiddenpower",">p1 move rockslide",">p2 move icepunch",">p1 switch 6",">p1 move thunderbolt",">p2 move explosion",">p2 switch 2",">p1 move thunderbolt",">p2 move thunderbolt",">p1 switch 5",">p1 move meteormash",">p2 move hydropump",">p2 switch 6",">p1 move meteormash",">p2 move roar",">p1 move roar",">p2 move roar",">p1 move protect",">p2 move explosion",">p2 switch 3",">p1 move toxic",">p2 move focuspunch",">p1 move protect",">p2 move focuspunch",">p1 switch 4",">p2 move focuspunch",">p1 switch 4",">p1 move protect",">p2 move focuspunch",">p1 move protect",">p2 move focuspunch",">p1 move protect",">p2 move focuspunch",">p2 switch 5",">p1 move protect",">p2 move toxic",">p1 move roar",">p2 move spikes",">p1 move roar",">p2 move spikes",">p1 move protect",">p2 move toxic",">p1 move roar",">p2 move spikes",">p1 move roar",">p2 move toxic",">p1 move roar",">p2 move roar",">p1 move roar",">p2 move roar",">p1 move roar",">p2 move protect",">p1 move toxic",">p2 move roar",">p1 move toxic",">p2 move protect",">p1 move toxic",">p2 move roar",">p1 move toxic",">p2 move roar",">p1 move toxic",">p2 move roar",">p1 move spikes",">p2 move roar",">p1 move spikes",">p2 move roar",">p1 move spikes",">p2 move roar",">p1 move spikes",">p2 move roar",">p1 move spikes",">p2 move roar",">p1 move spikes",">p2 move roar",">p1 move toxic",">p2 move roar",">p1 move spikes",">p2 move roar",">p1 move spikes",">p2 move roar",">p1 move spikes",">p2 move roar",">p1 move spikes",">p2 move roar",">p1 move spikes",">p2 move protect",">p1 move spikes",">p2 move roar",">p1 move spikes",">p2 move protect",">p1 move spikes",">p2 move roar",">p1 move spikes",">p2 move roar",">p1 move spikes",">p2 move roar",">p1 move spikes",">p2 move roar",">p1 move spikes",">p2 move protect",">p1 move spikes",">p2 move spikes",">p1 move spikes",">p2 move protect",">p1 move roar",">p2 move spikes",">p1 move roar",">p2 move protect",">p1 move roar",">p2 move spikes",">p1 move roar",">p2 move spikes",">p1 move roar",">p2 move spikes",">p1 move roar",">p2 move toxic",">p1 move roar",">p2 move toxic",">p1 move roar",">p2 move toxic",">p1 move roar",">p2 move spikes",">p1 move roar",">p2 move toxic",">p1 move roar",">p2 move spikes",">p1 move roar",">p2 move spikes",">p1 move roar",">p2 move spikes",">p1 move roar",">p2 move spikes",">p1 move spikes",">p2 move spikes",">p1 move toxic",">p2 move spikes",">p1 move spikes",">p2 move spikes",">p1 move spikes",">p2 move spikes",">p1 move toxic",">p2 move spikes",">p1 move spikes",">p2 move spikes",">p1 move toxic",">p2 move spikes",">p1 move toxic",">p2 move spikes",">p1 move protect",">p2 move toxic",">p1 move protect",">p2 move spikes",">p1 move protect",">p2 move spikes",">p1 move protect",">p2 move protect",">p1 move spikes",">p2 move toxic",">p1 move toxic",">p2 move spikes",">p1 move spikes",">p2 move spikes",">p1 move spikes",">p2 move spikes",">p1 move protect",">p2 move spikes",">p1 move protect",">p2 move toxic",">p1 move toxic",">p2 move protect",">p1 move protect",">p2 move protect",">p1 move toxic",">p2 move protect",">p1 move protect",">p2 move spikes",">p1 move toxic",">p2 move toxic",">p1 move spikes",">p2 move toxic",">p1 move roar",">p2 move protect",">p1 move roar",">p2 move protect",">p1 move roar",">p2 move toxic",">p1 move protect",">p2 move toxic",">p1 move toxic",">p2 move toxic",">p1 move spikes",">p2 move roar",">p1 move roar",">p2 move roar",">p1 move roar",">p2 move roar",">p1 move roar",">p2 move roar",">p1 move roar",">p2 move roar",">p1 move roar",">p2 move roar",">p1 move roar",">p2 move roar",">p1 move struggle",">p2 move spikes",">p1 move struggle",">p2 move toxic",">p1 move struggle",">p2 move roar",">p1 move struggle",">p2 move roar",">p1 move struggle",">p2 move protect",">p1 move struggle",">p2 move protect",">p1 move struggle",">p2 move protect",">p1 move struggle",">p2 move struggle",">p1 move struggle",">p2 move struggle",">p1 move struggle",">p2 move struggle",">p1 move struggle",">p2 move struggle",">p1 move struggle",">p2 move struggle",">p1 move struggle",">p2 move struggle",">p1 move struggle",">p2 move struggle",">p1 move struggle",">p2 move struggle",">p1 move struggle",">p2 move struggle",">p1 move struggle",">p2 move struggle",">p1 move struggle",">p2 move struggle",">p1 move struggle",">p2 move struggle",">p1 move struggle",">p2 move struggle",">p1 move struggle",">p2 move struggle",">p1 move struggle",">p2 move struggle",">p1 move struggle",">p2 move struggle",">p1 move struggle",">p2 move struggle",">p1 move struggle",">p2 move struggle",">p1 move struggle",">p2 move struggle",">p1 move struggle",">p2 move struggle",">p1 move struggle",">p2 move struggle",">p1 move struggle",">p2 move struggle",">p1 move struggle",">p2 move struggle",">p1 move struggle",">p2 move struggle",">p1 move struggle",">p2 move struggle",">p1 move struggle",">p2 move struggle",">p1 move struggle",">p2 move struggle",">p1 move struggle",">p2 move struggle",">p1 move struggle",">p2 move struggle",">p1 move struggle",">p2 move struggle",">p1 move struggle",">p2 move struggle",">p1 move struggle",">p2 move struggle",">p1 move struggle",">p2 move struggle",">p1 move struggle",">p2 move struggle",">p1 move struggle",">p2 move struggle",">p1 move struggle",">p2 move struggle",">p1 move struggle",">p2 move struggle",">p1 move struggle",">p2 move struggle",">p1 move struggle",">p2 move struggle"],"log":["|j|☆foultestchallenge1","|j|☆foultestacceptor1","|t:|1752911462","|gametype|singles","|player|p1|foultestchallenge1|266|","|player|p2|foultestacceptor1|169|","|teamsize|p1|6","|teamsize|p2|6","|gen|3","|tier|[Gen 3] OU","|rule|Sleep Clause Mod: Limit one foe put to sleep","|rule|Switch Priority Clause Mod: Faster Pokémon switch first","|rule|Species Clause: Limit one of each Pokémon","|rule|OHKO Clause: OHKO moves are banned","|rule|Evasion Items Clause: Evasion items are banned","|rule|Evasion Moves Clause: Evasion moves are banned","|rule|Endless Battle Clause: Forcing endless battles is banned","|rule|HP Percentage Mod: HP is shown in percentages","|rule|One Boost Passer Clause: Limit one Baton Passer that has a way to boost its stats","|rule|Freeze Clause Mod: Limit one foe frozen","|","|t:|1752911462","|start","|switch|p1a: Skarmory|Skarmory, F|334/334","|switch|p2a: Skarmory|Skarmory, M|334/334","|turn|1","|inactive|Battle timer is ON: inactive players will automatically lose when time's up. (requested by foultestacceptor1)","|inactive|foultestchallenge1 also wants the timer to be on.","|","|t:|1752911465","|move|p2a: Skarmory|Spikes|p1a: Skarmory","|-sidestart|p1: foultestchallenge1|Spikes","|move|p1a: Skarmory|Spikes|p2a: Skarmory","|-sidestart|p2: foultestacceptor1|Spikes","|","|upkeep","|turn|2","||adding 10 for new turn","|","|t:|1752911468","|move|p1a: Skarmory|Spikes|p2a: Skarmory","|-sidestart|p2: foultestacceptor1|Spikes","|move|p2a: Skarmory|Spikes|p1a: Skarmory","|-sidestart|p1: foultestchallenge1|Spikes","|","|upkeep","|turn|3","||adding 10 for new turn","|","|t:|1752911471","|move|p2a: Skarmory|Spikes|p1a: Skarmory","|-sidestart|p1: foultestchallenge1|Spikes","|move|p1a: Skarmory|Spikes|p2a: Skarmory","|-sidestart|p2: foultestacceptor1|Spikes","|","|upkeep","|turn|4","||adding 10 for new turn","|","|t:|1752911474","|move|p1a: Skarmory|Roar|p2a: Skarmory","|drag|p2a: Starmie|Starmie|262/262","|-damage|p2a: Starmie|197/262|[from] Spikes","|","|-heal|p2a: Starmie|213/262|[from] item: Leftovers","|upkeep","|turn|5","||adding 10 for new turn","|","|t:|1752911477","|switch|p1a: Gengar|Gengar, M|271/271","|move|p2a: Starmie|Thunderbolt|p1a: Gengar","|-damage|p1a: Gengar|143/271","|","|-heal|p2a: Starmie|229/262|[from] item: Leftovers","|-heal|p1a: Gengar|159/271|[from] item: Leftovers","|upkeep","|turn|6","||adding 10 for new turn","|","|t:|1752911480","|move|p2a: Starmie|Hydro Pump|p1a: Gengar","|-damage|p1a: Gengar|0 fnt","|faint|p1a: Gengar","||adding 5 to each for mid turn request","|","|t:|1752911483","|switch|p1a: Jolteon|Jolteon, M|272/272","|-damage|p1a: Jolteon|204/272|[from] Spikes","|","|-heal|p1a: Jolteon|221/272|[from] item: Leftovers","|-heal|p2a: Starmie|245/262|[from] item: Leftovers","|upkeep","|turn|7","||adding 10 for new turn","|","|t:|1752911486","|switch|p2a: Jolteon|Jolteon, F|272/272","|-damage|p2a: Jolteon|204/272|[from] Spikes","|move|p1a: Jolteon|Thunderbolt|p2a: Jolteon","|-heal|p2a: Jolteon|272/272|[from] ability: Volt Absorb|[of] p1a: Jolteon","|","|-heal|p1a: Jolteon|238/272|[from] item: Leftovers","|upkeep","|turn|8","||adding 10 for new turn","|","|t:|1752911489","|move|p1a: Jolteon|Thunder Wave|p2a: Jolteon","|-status|p2a: Jolteon|par","|cant|p2a: Jolteon|par","|","|-heal|p1a: Jolteon|255/272|[from] item: Leftovers","|upkeep","|turn|9","||adding 10 for new turn","|","|t:|1752911492","|move|p1a: Jolteon|Hidden Power|p2a: Jolteon","|-damage|p2a: Jolteon|193/272 par","|move|p2a: Jolteon|Thunder Wave|p1a: Jolteon","|-status|p1a: Jolteon|par","|","|-heal|p1a: Jolteon|272/272 par|[from] item: Leftovers","|-heal|p2a: Jolteon|210/272 par|[from] item: Leftovers","|upkeep","|turn|10","||adding 10 for new turn","|","|t:|1752911495","|move|p2a: Jolteon|Hidden Power|p1a: Jolteon","|-damage|p1a: Jolteon|198/272 par","|cant|p1a: Jolteon|par","|","|-heal|p1a: Jolteon|215/272 par|[from] item: Leftovers","|-heal|p2a: Jolteon|227/272 par|[from] item: Leftovers","|upkeep","|turn|11","||adding 10 for new turn","|","|t:|1752911498","|move|p2a: Jolteon|Hidden Power|p1a: Jolteon","|-damage|p1a: Jolteon|133/272 par","|move|p1a: Jolteon|Hidden Power|p2a: Jolteon","|-damage|p2a: Jolteon|149/272 par","|","|-heal|p2a: Jolteon|166/272 par|[from] item: Leftovers","|-heal|p1a: Jolteon|150/272 par|[from] item: Leftovers","|upkeep","|turn|12","||adding 10 for new turn","|","|t:|1752911501","|move|p1a: Jolteon|Hidden Power|p2a: Jolteon","|-damage|p2a: Jolteon|86/272 par","|move|p2a: Jolteon|Hidden Power|p1a: Jolteon","|-crit|p1a: Jolteon","|-damage|p1a: Jolteon|0 fnt","|faint|p1a: Jolteon","||adding 5 to each for mid turn request","|","|t:|1752911504","|switch|p1a: Tyranitar|Tyranitar, M|404/404","|-damage|p1a: Tyranitar|303/404|[from] Spikes","|-weather|Sandstorm|[from] ability: Sand Stream|[of] p1a: Tyranitar","|","|-weather|Sandstorm|[upkeep]","|-damage|p2a: Jolteon|69/272 par|[from] Sandstorm","|-heal|p1a: Tyranitar|328/404|[from] item: Leftovers","|-heal|p2a: Jolteon|86/272 par|[from] item: Leftovers","|upkeep","|turn|13","||adding 10 for new turn","|","|t:|1752911506","|move|p1a: Tyranitar|Rock Slide|p2a: Jolteon|[miss]","|-miss|p1a: Tyranitar|p2a: Jolteon","|move|p2a: Jolteon|Thunderbolt|p1a: Tyranitar","|-damage|p1a: Tyranitar|167/404","|","|-weather|Sandstorm|[upkeep]","|-damage|p2a: Jolteon|69/272 par|[from] Sandstorm","|-heal|p1a: Tyranitar|192/404|[from] item: Leftovers","|-heal|p2a: Jolteon|86/272 par|[from] item: Leftovers","|upkeep","|turn|14","||adding 10 for new turn","|","|t:|1752911508","|move|p1a: Tyranitar|Rock Slide|p2a: Jolteon","|-damage|p2a: Jolteon|0 fnt","|faint|p2a: Jolteon","||adding 5 to each for mid turn request","|","|t:|1752911510","|switch|p2a: Gengar|Gengar, M|271/271","|","|-weather|Sandstorm|[upkeep]","|-damage|p2a: Gengar|255/271|[from] Sandstorm","|-heal|p2a: Gengar|271/271|[from] item: Leftovers","|-heal|p1a: Tyranitar|217/404|[from] item: Leftovers","|upkeep","|turn|15","||adding 10 for new turn","|","|t:|1752911513","|move|p2a: Gengar|Hidden Power|p1a: Tyranitar","|-supereffective|p1a: Tyranitar","|-damage|p1a: Tyranitar|35/404","|move|p1a: Tyranitar|Rock Slide|p2a: Gengar","|-damage|p2a: Gengar|22/271","|","|-weather|Sandstorm|[upkeep]","|-damage|p2a: Gengar|6/271|[from] Sandstorm","|-heal|p2a: Gengar|22/271|[from] item: Leftovers","|-heal|p1a: Tyranitar|60/404|[from] item: Leftovers","|upkeep","|turn|16","||adding 10 for new turn","|","|t:|1752911516","|move|p2a: Gengar|Ice Punch|p1a: Tyranitar","|-damage|p1a: Tyranitar|0 fnt","|faint|p1a: Tyranitar","||adding 5 to each for mid turn request","|","|t:|1752911519","|switch|p1a: Starmie|Starmie|262/262","|-damage|p1a: Starmie|197/262|[from] Spikes","|","|-weather|Sandstorm|[upkeep]","|-damage|p1a: Starmie|181/262|[from] Sandstorm","|-damage|p2a: Gengar|6/271|[from] Sandstorm","|-heal|p1a: Starmie|197/262|[from] item: Leftovers","|-heal|p2a: Gengar|22/271|[from] item: Leftovers","|upkeep","|turn|17","||adding 10 for new turn","|","|t:|1752911522","|move|p1a: Starmie|Thunderbolt|p2a: Gengar","|-crit|p2a: Gengar","|-damage|p2a: Gengar|0 fnt","|faint|p2a: Gengar","||adding 5 to each for mid turn request","|","|t:|1752911523","|switch|p2a: Starmie|Starmie|245/262","|-damage|p2a: Starmie|180/262|[from] Spikes","|","|-weather|Sandstorm|[upkeep]","|-damage|p2a: Starmie|164/262|[from] Sandstorm","|-damage|p1a: Starmie|181/262|[from] Sandstorm","|-heal|p1a: Starmie|197/262|[from] item: Leftovers","|-heal|p2a: Starmie|180/262|[from] item: Leftovers","|upkeep","|turn|18","||adding 10 for new turn","|","|t:|1752911526","|move|p2a: Starmie|Thunderbolt|p1a: Starmie","|-supereffective|p1a: Starmie","|-damage|p1a: Starmie|0 fnt","|faint|p1a: Starmie","||adding 5 to each for mid turn request","|","|t:|1752911529","|switch|p1a: Metagross|Metagross|318/318","|-damage|p1a: Metagross|239/318|[from] Spikes","|","|-weather|Sandstorm|[upkeep]","|-damage|p2a: Starmie|164/262|[from] Sandstorm","|-heal|p2a: Starmie|180/262|[from] item: Leftovers","|upkeep","|turn|19","||adding 10 for new turn","|","|t:|1752911531","|move|p2a: Starmie|Hydro Pump|p1a: Metagross","|-damage|p1a: Metagross|31/318","|move|p1a: Metagross|Meteor Mash|p2a: Starmie","|-resisted|p2a: Starmie","|-damage|p2a: Starmie|0 fnt","|faint|p2a: Starmie","||adding 5 to each for mid turn request","|","|t:|1752911533","|switch|p2a: Skarmory|Skarmory, M|334/334","|","|-weather|Sandstorm|[upkeep]","|upkeep","|turn|20","||adding 10 for new turn","|","|t:|1752911536","|move|p1a: Metagross|Meteor Mash|p2a: Skarmory","|-resisted|p2a: Skarmory","|-damage|p2a: Skarmory|216/334","|move|p2a: Skarmory|Roar|p1a: Metagross","|drag|p1a: Skarmory|Skarmory, F|334/334","|","|-weather|Sandstorm|[upkeep]","|-heal|p2a: Skarmory|236/334|[from] item: Leftovers","|upkeep","|turn|21","||adding 10 for new turn","|","|t:|1752911539","|move|p1a: Skarmory|Roar|p2a: Skarmory","|drag|p2a: Metagross|Metagross|318/318","|-damage|p2a: Metagross|239/318|[from] Spikes","|","|-weather|Sandstorm|[upkeep]","|upkeep","|turn|22","||adding 10 for new turn","|","|t:|1752911542","|move|p1a: Skarmory|Protect|p1a: Skarmory","|-singleturn|p1a: Skarmory|Protect","|move|p2a: Metagross|Explosion|p1a: Skarmory","|-activate|p1a: Skarmory|Protect","|faint|p2a: Metagross","||adding 5 to each for mid turn request","|","|t:|1752911543","|switch|p2a: Tyranitar|Tyranitar, M|404/404","|-damage|p2a: Tyranitar|303/404|[from] Spikes","|","|-weather|Sandstorm|[upkeep]","|-heal|p2a: Tyranitar|328/404|[from] item: Leftovers","|upkeep","|turn|23","||adding 10 for new turn","|","|t:|1752911546","|-singleturn|p2a: Tyranitar|move: Focus Punch","|move|p1a: Skarmory|Toxic|p2a: Tyranitar","|-status|p2a: Tyranitar|tox","|move|p2a: Tyranitar|Focus Punch|p1a: Skarmory","|-damage|p1a: Skarmory|195/334","|","|-weather|Sandstorm|[upkeep]","|-heal|p1a: Skarmory|215/334|[from] item: Leftovers","|-heal|p2a: Tyranitar|353/404 tox|[from] item: Leftovers","|-damage|p2a: Tyranitar|328/404 tox|[from] psn","|upkeep","|turn|24","||adding 10 for new turn","|","|t:|1752911549","|-singleturn|p2a: Tyranitar|move: Focus Punch","|move|p1a: Skarmory|Protect|p1a: Skarmory","|-singleturn|p1a: Skarmory|Protect","|move|p2a: Tyranitar|Focus Punch|p1a: Skarmory","|-activate|p1a: Skarmory|Protect","|","|-weather|Sandstorm|[upkeep]","|-heal|p1a: Skarmory|235/334|[from] item: Leftovers","|-heal|p2a: Tyranitar|353/404 tox|[from] item: Leftovers","|-damage|p2a: Tyranitar|303/404 tox|[from] psn","|upkeep","|turn|25","||adding 10 for new turn","|","|t:|1752911552","|-singleturn|p2a: Tyranitar|move: Focus Punch","|switch|p1a: Metagross|Metagross|31/318","|-damage|p1a: Metagross|0 fnt|[from] Spikes","|faint|p1a: Metagross","||adding 5 to each for mid turn request","|","|t:|1752911555","|switch|p1a: Skarmory|Skarmory, F|235/334","|","|-weather|Sandstorm|[upkeep]","|-heal|p1a: Skarmory|255/334|[from] item: Leftovers","|-heal|p2a: Tyranitar|328/404 tox|[from] item: Leftovers","|-damage|p2a: Tyranitar|253/404 tox|[from] psn","|upkeep","|turn|26","||adding 10 for new turn","|","|t:|1752911558","|-singleturn|p2a: Tyranitar|move: Focus Punch","|move|p1a: Skarmory|Protect|p1a: Skarmory","|-singleturn|p1a: Skarmory|Protect","|move|p2a: Tyranitar|Focus Punch|p1a: Skarmory","|-activate|p1a: Skarmory|Protect","|","|-weather|Sandstorm|[upkeep]","|-heal|p1a: Skarmory|275/334|[from] item: Leftovers","|-heal|p2a: Tyranitar|278/404 tox|[from] item: Leftovers","|-damage|p2a: Tyranitar|178/404 tox|[from] psn","|upkeep","|turn|27","||adding 10 for new turn","|","|t:|1752911561","|-singleturn|p2a: Tyranitar|move: Focus Punch","|move|p1a: Skarmory|Protect||[still]","|-fail|p1a: Skarmory","|move|p2a: Tyranitar|Focus Punch|p1a: Skarmory","|-damage|p1a: Skarmory|122/334","|","|-weather|Sandstorm|[upkeep]","|-heal|p1a: Skarmory|142/334|[from] item: Leftovers","|-heal|p2a: Tyranitar|203/404 tox|[from] item: Leftovers","|-damage|p2a: Tyranitar|78/404 tox|[from] psn","|upkeep","|turn|28","||adding 10 for new turn","|","|t:|1752911564","|-singleturn|p2a: Tyranitar|move: Focus Punch","|move|p1a: Skarmory|Protect|p1a: Skarmory","|-singleturn|p1a: Skarmory|Protect","|move|p2a: Tyranitar|Focus Punch|p1a: Skarmory","|-activate|p1a: Skarmory|Protect","|","|-weather|Sandstorm|[upkeep]","|-heal|p1a: Skarmory|162/334|[from] item: Leftovers","|-heal|p2a: Tyranitar|103/404 tox|[from] item: Leftovers","|-damage|p2a: Tyranitar|0 fnt|[from] psn","|faint|p2a: Tyranitar","|upkeep","||adding 5 to each for mid turn request","|","|t:|1752911565","|switch|p2a: Skarmory|Skarmory, M|236/334","|turn|29","||adding 10 for new turn","|","|t:|1752911568","|move|p1a: Skarmory|Protect|p1a: Skarmory","|-singleturn|p1a: Skarmory|Protect","|move|p2a: Skarmory|Toxic|p1a: Skarmory","|-activate|p1a: Skarmory|Protect","|","|-weather|Sandstorm|[upkeep]","|-heal|p2a: Skarmory|256/334|[from] item: Leftovers","|-heal|p1a: Skarmory|182/334|[from] item: Leftovers","|upkeep","|turn|30","||adding 10 for new turn","|","|t:|1752911569","|move|p2a: Skarmory|Spikes||[still]","|-fail|p2a: Skarmory","|move|p1a: Skarmory|Roar||[still]","|-fail|p1a: Skarmory","|","|-weather|Sandstorm|[upkeep]","|-heal|p2a: Skarmory|276/334|[from] item: Leftovers","|-heal|p1a: Skarmory|202/334|[from] item: Leftovers","|upkeep","|turn|31","||adding 10 for new turn","|","|t:|1752911571","|move|p2a: Skarmory|Spikes||[still]","|-fail|p2a: Skarmory","|move|p1a: Skarmory|Roar||[still]","|-fail|p1a: Skarmory","|","|-weather|Sandstorm|[upkeep]","|-heal|p2a: Skarmory|296/334|[from] item: Leftovers","|-heal|p1a: Skarmory|222/334|[from] item: Leftovers","|upkeep","|turn|32","||adding 10 for new turn","|","|t:|1752911573","|move|p1a: Skarmory|Protect|p1a: Skarmory","|-singleturn|p1a: Skarmory|Protect","|move|p2a: Skarmory|Toxic|p1a: Skarmory","|-activate|p1a: Skarmory|Protect","|","|-weather|Sandstorm|[upkeep]","|-heal|p1a: Skarmory|242/334|[from] item: Leftovers","|-heal|p2a: Skarmory|316/334|[from] item: Leftovers","|upkeep","|turn|33","||adding 10 for new turn","|","|t:|1752911574","|move|p2a: Skarmory|Spikes||[still]","|-fail|p2a: Skarmory","|move|p1a: Skarmory|Roar||[still]","|-fail|p1a: Skarmory","|","|-weather|Sandstorm|[upkeep]","|-heal|p2a: Skarmory|334/334|[from] item: Leftovers","|-heal|p1a: Skarmory|262/334|[from] item: Leftovers","|upkeep","|turn|34","||adding 10 for new turn","|","|t:|1752911576","|move|p2a: Skarmory|Toxic|p1a: Skarmory","|-immune|p1a: Skarmory","|move|p1a: Skarmory|Roar||[still]","|-fail|p1a: Skarmory","|","|-weather|Sandstorm|[upkeep]","|-heal|p1a: Skarmory|282/334|[from] item: Leftovers","|upkeep","|turn|35","||adding 10 for new turn","|","|t:|1752911578","|move|p2a: Skarmory|Roar||[still]","|-fail|p2a: Skarmory","|move|p1a: Skarmory|Roar||[still]","|-fail|p1a: Skarmory","|","|-weather|Sandstorm|[upkeep]","|-heal|p1a: Skarmory|302/334|[from] item: Leftovers","|upkeep","|turn|36","||adding 10 for new turn","|","|t:|1752911580","|move|p2a: Skarmory|Roar||[still]","|-fail|p2a: Skarmory","|move|p1a: Skarmory|Roar||[still]","|-fail|p1a: Skarmory","|","|-weather|Sandstorm|[upkeep]","|-heal|p1a: Skarmory|322/334|[from] item: Leftovers","|upkeep","|turn|37","||adding 10 for new turn","|","|t:|1752911581","|move|p2a: Skarmory|Protect|p2a: Skarmory","|-singleturn|p2a: Skarmory|Protect","|move|p1a: Skarmory|Roar|p2a: Skarmory","|-activate|p2a: Skarmory|Protect","|","|-weather|Sandstorm|[upkeep]","|-heal|p1a: Skarmory|334/334|[from] item: Leftovers","|upkeep","|turn|38","||adding 10 for new turn","|","|t:|1752911583","|move|p1a: Skarmory|Toxic|p2a: Skarmory","|-immune|p2a: Skarmory","|move|p2a: Skarmory|Roar||[still]","|-fail|p2a: Skarmory","|","|-weather|Sandstorm|[upkeep]","|upkeep","|turn|39","||adding 10 for new turn","|","|t:|1752911585","|move|p2a: Skarmory|Protect|p2a: Skarmory","|-singleturn|p2a: Skarmory|Protect","|move|p1a: Skarmory|Toxic|p2a: Skarmory","|-activate|p2a: Skarmory|Protect","|","|-weather|Sandstorm|[upkeep]","|upkeep","|turn|40","||adding 10 for new turn","|","|t:|1752911587","|move|p1a: Skarmory|Toxic|p2a: Skarmory","|-immune|p2a: Skarmory","|move|p2a: Skarmory|Roar||[still]","|-fail|p2a: Skarmory","|","|-weather|Sandstorm|[upkeep]","|upkeep","|turn|41","||adding 10 for new turn","|","|t:|1752911588","|move|p1a: Skarmory|Toxic|p2a: Skarmory","|-immune|p2a: Skarmory","|move|p2a: Skarmory|Roar||[still]","|-fail|p2a: Skarmory","|","|-weather|Sandstorm|[upkeep]","|upkeep","|turn|42","||adding 10 for new turn","|","|t:|1752911590","|move|p1a: Skarmory|Toxic|p2a: Skarmory","|-immune|p2a: Skarmory","|move|p2a: Skarmory|Roar||[still]","|-fail|p2a: Skarmory","|","|-weather|Sandstorm|[upkeep]","|upkeep","|turn|43","||adding 10 for new turn","|","|t:|1752911592","|move|p1a: Skarmory|Spikes||[still]","|-fail|p1a: Skarmory","|move|p2a: Skarmory|Roar||[still]","|-fail|p2a: Skarmory","|","|-weather|Sandstorm|[upkeep]","|upkeep","|turn|44","||adding 10 for new turn","|","|t:|1752911594","|move|p1a: Skarmory|Spikes||[still]","|-fail|p1a: Skarmory","|move|p2a: Skarmory|Roar||[still]","|-fail|p2a: Skarmory","|","|-weather|Sandstorm|[upkeep]","|upkeep","|turn|45","||adding 10 for new turn","|","|t:|1752911595","|move|p1a: Skarmory|Spikes||[still]","|-fail|p1a: Skarmory","|move|p2a: Skarmory|Roar||[still]","|-fail|p2a: Skarmory","|","|-weather|Sandstorm|[upkeep]","|upkeep","|turn|46","||adding 10 for new turn","|","|t:|1752911597","|move|p1a: Skarmory|Spikes||[still]","|-fail|p1a: Skarmory","|move|p2a: Skarmory|Roar||[still]","|-fail|p2a: Skarmory","|","|-weather|Sandstorm|[upkeep]","|upkeep","|turn|47","||adding 10 for new turn","|","|t:|1752911599","|move|p1a: Skarmory|Spikes||[still]","|-fail|p1a: Skarmory","|move|p2a: Skarmory|Roar||[still]","|-fail|p2a: Skarmory","|","|-weather|Sandstorm|[upkeep]","|upkeep","|turn|48","||adding 10 for new turn","|","|t:|1752911601","|move|p1a: Skarmory|Spikes||[still]","|-fail|p1a: Skarmory","|move|p2a: Skarmory|Roar||[still]","|-fail|p2a: Skarmory","|","|-weather|Sandstorm|[upkeep]","|upkeep","|turn|49","||adding 10 for new turn","|","|t:|1752911602","|move|p1a: Skarmory|Toxic|p2a: Skarmory","|-immune|p2a: Skarmory","|move|p2a: Skarmory|Roar||[still]","|-fail|p2a: Skarmory","|","|-weather|Sandstorm|[upkeep]","|upkeep","|turn|50","||adding 10 for new turn","|","|t:|1752911604","|move|p1a: Skarmory|Spikes||[still]","|-fail|p1a: Skarmory","|move|p2a: Skarmory|Roar||[still]","|-fail|p2a: Skarmory","|","|-weather|Sandstorm|[upkeep]","|upkeep","|turn|51","||adding 10 for new turn","|","|t:|1752911606","|move|p1a: Skarmory|Spikes||[still]","|-fail|p1a: Skarmory","|move|p2a: Skarmory|Roar||[still]","|-fail|p2a: Skarmory","|","|-weather|Sandstorm|[upkeep]","|upkeep","|turn|52","||adding 10 for new turn","|","|t:|1752911608","|move|p1a: Skarmory|Spikes||[still]","|-fail|p1a: Skarmory","|move|p2a: Skarmory|Roar||[still]","|-fail|p2a: Skarmory","|","|-weather|Sandstorm|[upkeep]","|upkeep","|turn|53","||adding 10 for new turn","|","|t:|1752911610","|move|p1a: Skarmory|Spikes||[still]","|-fail|p1a: Skarmory","|move|p2a: Skarmory|Roar||[still]","|-fail|p2a: Skarmory","|","|-weather|Sandstorm|[upkeep]","|upkeep","|turn|54","||adding 10 for new turn","|j| thecrusher677","|","|t:|1752911611","|move|p2a: Skarmory|Protect|p2a: Skarmory","|-singleturn|p2a: Skarmory|Protect","|move|p1a: Skarmory|Spikes||[still]","|-fail|p1a: Skarmory","|","|-weather|Sandstorm|[upkeep]","|upkeep","|turn|55","||adding 10 for new turn","|","|t:|1752911613","|move|p1a: Skarmory|Spikes||[still]","|-fail|p1a: Skarmory","|move|p2a: Skarmory|Roar||[still]","|-fail|p2a: Skarmory","|","|-weather|Sandstorm|[upkeep]","|upkeep","|turn|56","||adding 10 for new turn","|","|t:|1752911615","|move|p2a: Skarmory|Protect|p2a: Skarmory","|-singleturn|p2a: Skarmory|Protect","|move|p1a: Skarmory|Spikes||[still]","|-fail|p1a: Skarmory","|","|-weather|Sandstorm|[upkeep]","|upkeep","|turn|57","||adding 10 for new turn","|","|t:|1752911617","|move|p1a: Skarmory|Spikes||[still]","|-fail|p1a: Skarmory","|move|p2a: Skarmory|Roar||[still]","|-fail|p2a: Skarmory","|","|-weather|Sandstorm|[upkeep]","|upkeep","|turn|58","||adding 10 for new turn","|","|t:|1752911619","|move|p1a: Skarmory|Spikes||[still]","|-fail|p1a: Skarmory","|move|p2a: Skarmory|Roar||[still]","|-fail|p2a: Skarmory","|","|-weather|Sandstorm|[upkeep]","|upkeep","|turn|59","||adding 10 for new turn","|","|t:|1752911620","|move|p1a: Skarmory|Spikes||[still]","|-fail|p1a: Skarmory","|move|p2a: Skarmory|Roar||[still]","|-fail|p2a: Skarmory","|","|-weather|Sandstorm|[upkeep]","|upkeep","|turn|60","||adding 10 for new turn","|","|t:|1752911622","|move|p1a: Skarmory|Spikes||[still]","|-fail|p1a: Skarmory","|move|p2a: Skarmory|Roar||[still]","|-fail|p2a: Skarmory","|","|-weather|Sandstorm|[upkeep]","|upkeep","|turn|61","||adding 10 for new turn","|","|t:|1752911624","|move|p2a: Skarmory|Protect|p2a: Skarmory","|-singleturn|p2a: Skarmory|Protect","|move|p1a: Skarmory|Spikes||[still]","|-fail|p1a: Skarmory","|","|-weather|Sandstorm|[upkeep]","|upkeep","|turn|62","||adding 10 for new turn","|","|t:|1752911626","|move|p2a: Skarmory|Spikes||[still]","|-fail|p2a: Skarmory","|move|p1a: Skarmory|Spikes||[still]","|-fail|p1a: Skarmory","|","|-weather|Sandstorm|[upkeep]","|upkeep","|turn|63","||adding 10 for new turn","|","|t:|1752911627","|move|p2a: Skarmory|Protect|p2a: Skarmory","|-singleturn|p2a: Skarmory|Protect","|move|p1a: Skarmory|Spikes||[still]","|-fail|p1a: Skarmory","|","|-weather|Sandstorm|[upkeep]","|upkeep","|turn|64","||adding 10 for new turn","|","|t:|1752911629","|move|p2a: Skarmory|Spikes||[still]","|-fail|p2a: Skarmory","|move|p1a: Skarmory|Roar||[still]","|-fail|p1a: Skarmory","|","|-weather|Sandstorm|[upkeep]","|upkeep","|turn|65","||adding 10 for new turn","|","|t:|1752911631","|move|p2a: Skarmory|Protect|p2a: Skarmory","|-singleturn|p2a: Skarmory|Protect","|move|p1a: Skarmory|Roar|p2a: Skarmory","|-activate|p2a: Skarmory|Protect","|","|-weather|Sandstorm|[upkeep]","|upkeep","|turn|66","||adding 10 for new turn","|","|t:|1752911633","|move|p2a: Skarmory|Spikes||[still]","|-fail|p2a: Skarmory","|move|p1a: Skarmory|Roar||[still]","|-fail|p1a: Skarmory","|","|-weather|Sandstorm|[upkeep]","|upkeep","|turn|67","||adding 10 for new turn","|","|t:|1752911634","|move|p2a: Skarmory|Spikes||[still]","|-fail|p2a: Skarmory","|move|p1a: Skarmory|Roar||[still]","|-fail|p1a: Skarmory","|","|-weather|Sandstorm|[upkeep]","|upkeep","|turn|68","||adding 10 for new turn","|","|t:|1752911636","|move|p2a: Skarmory|Spikes||[still]","|-fail|p2a: Skarmory","|move|p1a: Skarmory|Roar||[still]","|-fail|p1a: Skarmory","|","|-weather|Sandstorm|[upkeep]","|upkeep","|turn|69","||adding 10 for new turn","|","|t:|1752911638","|move|p2a: Skarmory|Toxic|p1a: Skarmory","|-immune|p1a: Skarmory","|move|p1a: Skarmory|Roar||[still]","|-fail|p1a: Skarmory","|","|-weather|Sandstorm|[upkeep]","|upkeep","|turn|70","||adding 10 for new turn","|","|t:|1752911640","|move|p2a: Skarmory|Toxic|p1a: Skarmory","|-immune|p1a: Skarmory","|move|p1a: Skarmory|Roar||[still]","|-fail|p1a: Skarmory","|","|-weather|Sandstorm|[upkeep]","|upkeep","|turn|71","||adding 10 for new turn","|","|t:|1752911642","|move|p2a: Skarmory|Toxic|p1a: Skarmory","|-immune|p1a: Skarmory","|move|p1a: Skarmory|Roar||[still]","|-fail|p1a: Skarmory","|","|-weather|Sandstorm|[upkeep]","|upkeep","|turn|72","||adding 10 for new turn","|","|t:|1752911643","|move|p2a: Skarmory|Spikes||[still]","|-fail|p2a: Skarmory","|move|p1a: Skarmory|Roar||[still]","|-fail|p1a: Skarmory","|","|-weather|Sandstorm|[upkeep]","|upkeep","|turn|73","||adding 10 for new turn","|","|t:|1752911645","|move|p2a: Skarmory|Toxic|p1a: Skarmory|[miss]","|-miss|p2a: Skarmory|p1a: Skarmory","|move|p1a: Skarmory|Roar||[still]","|-fail|p1a: Skarmory","|","|-weather|Sandstorm|[upkeep]","|upkeep","|turn|74","||adding 10 for new turn","|","|t:|1752911647","|move|p2a: Skarmory|Spikes||[still]","|-fail|p2a: Skarmory","|move|p1a: Skarmory|Roar||[still]","|-fail|p1a: Skarmory","|","|-weather|Sandstorm|[upkeep]","|upkeep","|turn|75","||adding 10 for new turn","|","|t:|1752911649","|move|p2a: Skarmory|Spikes||[still]","|-fail|p2a: Skarmory","|move|p1a: Skarmory|Roar||[still]","|-fail|p1a: Skarmory","|","|-weather|Sandstorm|[upkeep]","|upkeep","|turn|76","||adding 10 for new turn","|","|t:|1752911650","|move|p2a: Skarmory|Spikes||[still]","|-fail|p2a: Skarmory","|move|p1a: Skarmory|Roar||[still]","|-fail|p1a: Skarmory","|","|-weather|Sandstorm|[upkeep]","|upkeep","|turn|77","||adding 10 for new turn","|","|t:|1752911652","|move|p2a: Skarmory|Spikes||[still]","|-fail|p2a: Skarmory","|move|p1a: Skarmory|Roar||[still]","|-fail|p1a: Skarmory","|","|-weather|Sandstorm|[upkeep]","|upkeep","|turn|78","||adding 10 for new turn","|","|t:|1752911654","|move|p1a: Skarmory|Spikes||[still]","|-fail|p1a: Skarmory","|move|p2a: Skarmory|Spikes||[still]","|-fail|p2a: Skarmory","|","|-weather|Sandstorm|[upkeep]","|upkeep","|turn|79","||adding 10 for new turn","|","|t:|1752911656","|move|p2a: Skarmory|Spikes||[still]","|-fail|p2a: Skarmory","|move|p1a: Skarmory|Toxic|p2a: Skarmory","|-immune|p2a: Skarmory","|","|-weather|Sandstorm|[upkeep]","|upkeep","|turn|80","||adding 10 for new turn","|","|t:|1752911657","|move|p1a: Skarmory|Spikes||[still]","|-fail|p1a: Skarmory","|move|p2a: Skarmory|Spikes||[still]","|-fail|p2a: Skarmory","|","|-weather|Sandstorm|[upkeep]","|upkeep","|turn|81","||adding 10 for new turn","|","|t:|1752911659","|move|p2a: Skarmory|Spikes||[still]","|-fail|p2a: Skarmory","|move|p1a: Skarmory|Spikes||[still]","|-fail|p1a: Skarmory","|","|-weather|Sandstorm|[upkeep]","|upkeep","|turn|82","||adding 10 for new turn","|","|t:|1752911661","|move|p1a: Skarmory|Toxic|p2a: Skarmory","|-immune|p2a: Skarmory","|move|p2a: Skarmory|Spikes||[still]","|-fail|p2a: Skarmory","|","|-weather|Sandstorm|[upkeep]","|upkeep","|turn|83","||adding 10 for new turn","|","|t:|1752911663","|move|p1a: Skarmory|Spikes||[still]","|-fail|p1a: Skarmory","|move|p2a: Skarmory|Spikes||[still]","|-fail|p2a: Skarmory","|","|-weather|Sandstorm|[upkeep]","|upkeep","|turn|84","||adding 10 for new turn","|","|t:|1752911664","|move|p2a: Skarmory|Spikes||[still]","|-fail|p2a: Skarmory","|move|p1a: Skarmory|Toxic|p2a: Skarmory","|-immune|p2a: Skarmory","|","|-weather|Sandstorm|[upkeep]","|upkeep","|turn|85","||adding 10 for new turn","|","|t:|1752911666","|move|p1a: Skarmory|Toxic|p2a: Skarmory","|-immune|p2a: Skarmory","|move|p2a: Skarmory|Spikes||[still]","|-fail|p2a: Skarmory","|","|-weather|Sandstorm|[upkeep]","|upkeep","|turn|86","||adding 10 for new turn","|","|t:|1752911668","|move|p1a: Skarmory|Protect|p1a: Skarmory","|-singleturn|p1a: Skarmory|Protect","|move|p2a: Skarmory|Toxic|p1a: Skarmory","|-activate|p1a: Skarmory|Protect","|","|-weather|Sandstorm|[upkeep]","|upkeep","|turn|87","||adding 10 for new turn","|","|t:|1752911670","|move|p1a: Skarmory|Protect|p1a: Skarmory","|-singleturn|p1a: Skarmory|Protect","|move|p2a: Skarmory|Spikes||[still]","|-fail|p2a: Skarmory","|","|-weather|Sandstorm|[upkeep]","|upkeep","|turn|88","||adding 10 for new turn","|","|t:|1752911671","|move|p1a: Skarmory|Protect||[still]","|-fail|p1a: Skarmory","|move|p2a: Skarmory|Spikes||[still]","|-fail|p2a: Skarmory","|","|-weather|Sandstorm|[upkeep]","|upkeep","|turn|89","||adding 10 for new turn","|","|t:|1752911673","|move|p2a: Skarmory|Protect|p2a: Skarmory","|-singleturn|p2a: Skarmory|Protect","|move|p1a: Skarmory|Protect||[still]","|-fail|p1a: Skarmory","|","|-weather|Sandstorm|[upkeep]","|upkeep","|turn|90","||adding 10 for new turn","|","|t:|1752911675","|move|p1a: Skarmory|Spikes||[still]","|-fail|p1a: Skarmory","|move|p2a: Skarmory|Toxic|p1a: Skarmory|[miss]","|-miss|p2a: Skarmory|p1a: Skarmory","|","|-weather|Sandstorm|[upkeep]","|upkeep","|turn|91","||adding 10 for new turn","|","|t:|1752911677","|move|p2a: Skarmory|Spikes||[still]","|-fail|p2a: Skarmory","|move|p1a: Skarmory|Toxic|p2a: Skarmory","|-immune|p2a: Skarmory","|","|-weather|Sandstorm|[upkeep]","|upkeep","|turn|92","||adding 10 for new turn","|","|t:|1752911679","|move|p2a: Skarmory|Spikes||[still]","|-fail|p2a: Skarmory","|move|p1a: Skarmory|Spikes||[still]","|-fail|p1a: Skarmory","|","|-weather|Sandstorm|[upkeep]","|upkeep","|turn|93","||adding 10 for new turn","|","|t:|1752911680","|move|p2a: Skarmory|Spikes||[still]","|-fail|p2a: Skarmory","|move|p1a: Skarmory|Spikes||[still]","|-fail|p1a: Skarmory","|","|-weather|Sandstorm|[upkeep]","|upkeep","|turn|94","||adding 10 for new turn","|","|t:|1752911682","|move|p1a: Skarmory|Protect|p1a: Skarmory","|-singleturn|p1a: Skarmory|Protect","|move|p2a: Skarmory|Spikes||[still]","|-fail|p2a: Skarmory","|","|-weather|Sandstorm|[upkeep]","|upkeep","|turn|95","||adding 10 for new turn","|","|t:|1752911684","|move|p1a: Skarmory|Protect|p1a: Skarmory","|-singleturn|p1a: Skarmory|Protect","|move|p2a: Skarmory|Toxic|p1a: Skarmory","|-activate|p1a: Skarmory|Protect","|","|-weather|Sandstorm|[upkeep]","|upkeep","|turn|96","||adding 10 for new turn","|","|t:|1752911686","|move|p2a: Skarmory|Protect|p2a: Skarmory","|-singleturn|p2a: Skarmory|Protect","|move|p1a: Skarmory|Toxic|p2a: Skarmory","|-activate|p2a: Skarmory|Protect","|","|-weather|Sandstorm|[upkeep]","|upkeep","|turn|97","||adding 10 for new turn","|","|t:|1752911687","|move|p1a: Skarmory|Protect|p1a: Skarmory","|-singleturn|p1a: Skarmory|Protect","|move|p2a: Skarmory|Protect||[still]","|-fail|p2a: Skarmory","|","|-weather|Sandstorm|[upkeep]","|upkeep","|turn|98","||adding 10 for new turn","|","|t:|1752911689","|move|p2a: Skarmory|Protect|p2a: Skarmory","|-singleturn|p2a: Skarmory|Protect","|move|p1a: Skarmory|Toxic|p2a: Skarmory","|-activate|p2a: Skarmory|Protect","|","|-weather|Sandstorm|[upkeep]","|upkeep","|turn|99","||adding 10 for new turn","|","|t:|1752911691","|move|p1a: Skarmory|Protect|p1a: Skarmory","|-singleturn|p1a: Skarmory|Protect","|move|p2a: Skarmory|Spikes||[still]","|-fail|p2a: Skarmory","|","|-weather|Sandstorm|[upkeep]","|upkeep","|turn|100","||adding 10 for new turn","|","|t:|1752911693","|move|p1a: Skarmory|Toxic|p2a: Skarmory","|-immune|p2a: Skarmory","|move|p2a: Skarmory|Toxic|p1a: Skarmory","|-immune|p1a: Skarmory","|","|-weather|Sandstorm|[upkeep]","|upkeep","|turn|101","||adding 10 for new turn","|","|t:|1752911694","|move|p2a: Skarmory|Toxic|p1a: Skarmory","|-immune|p1a: Skarmory","|move|p1a: Skarmory|Spikes||[still]","|-fail|p1a: Skarmory","|","|-weather|Sandstorm|[upkeep]","|upkeep","|turn|102","||adding 10 for new turn","|","|t:|1752911696","|move|p2a: Skarmory|Protect|p2a: Skarmory","|-singleturn|p2a: Skarmory|Protect","|move|p1a: Skarmory|Roar|p2a: Skarmory","|-activate|p2a: Skarmory|Protect","|","|-weather|Sandstorm|[upkeep]","|upkeep","|turn|103","||adding 10 for new turn","|","|t:|1752911698","|move|p2a: Skarmory|Protect||[still]","|-fail|p2a: Skarmory","|move|p1a: Skarmory|Roar||[still]","|-fail|p1a: Skarmory","|","|-weather|Sandstorm|[upkeep]","|upkeep","|turn|104","||adding 10 for new turn","|","|t:|1752911700","|move|p2a: Skarmory|Toxic|p1a: Skarmory","|-immune|p1a: Skarmory","|move|p1a: Skarmory|Roar||[still]","|-fail|p1a: Skarmory","|","|-weather|Sandstorm|[upkeep]","|upkeep","|turn|105","||adding 10 for new turn","|","|t:|1752911701","|move|p1a: Skarmory|Protect|p1a: Skarmory","|-singleturn|p1a: Skarmory|Protect","|move|p2a: Skarmory|Toxic|p1a: Skarmory","|-activate|p1a: Skarmory|Protect","|","|-weather|Sandstorm|[upkeep]","|upkeep","|turn|106","||adding 10 for new turn","|","|t:|1752911703","|move|p2a: Skarmory|Toxic|p1a: Skarmory","|-immune|p1a: Skarmory","|move|p1a: Skarmory|Toxic|p2a: Skarmory","|-immune|p2a: Skarmory","|","|-weather|Sandstorm|[upkeep]","|upkeep","|turn|107","||adding 10 for new turn","|","|t:|1752911705","|move|p1a: Skarmory|Spikes||[still]","|-fail|p1a: Skarmory","|move|p2a: Skarmory|Roar||[still]","|-fail|p2a: Skarmory","|","|-weather|Sandstorm|[upkeep]","|upkeep","|turn|108","||adding 10 for new turn","|","|t:|1752911707","|move|p2a: Skarmory|Roar||[still]","|-fail|p2a: Skarmory","|move|p1a: Skarmory|Roar||[still]","|-fail|p1a: Skarmory","|","|-weather|Sandstorm|[upkeep]","|upkeep","|turn|109","||adding 10 for new turn","|","|t:|1752911708","|move|p1a: Skarmory|Roar||[still]","|-fail|p1a: Skarmory","|move|p2a: Skarmory|Roar||[still]","|-fail|p2a: Skarmory","|","|-weather|Sandstorm|[upkeep]","|upkeep","|turn|110","||adding 10 for new turn","|","|t:|1752911710","|move|p1a: Skarmory|Roar||[still]","|-fail|p1a: Skarmory","|move|p2a: Skarmory|Roar||[still]","|-fail|p2a: Skarmory","|","|-weather|Sandstorm|[upkeep]","|upkeep","|turn|111","||adding 10 for new turn","|","|t:|1752911711","|move|p2a: Skarmory|Roar||[still]","|-fail|p2a: Skarmory","|move|p1a: Skarmory|Roar||[still]","|-fail|p1a: Skarmory","|","|-weather|Sandstorm|[upkeep]","|upkeep","|turn|112","||adding 10 for new turn","|","|t:|1752911713","|move|p1a: Skarmory|Roar||[still]","|-fail|p1a: Skarmory","|move|p2a: Skarmory|Roar||[still]","|-fail|p2a: Skarmory","|","|-weather|Sandstorm|[upkeep]","|upkeep","|turn|113","||adding 10 for new turn","|","|t:|1752911715","|move|p2a: Skarmory|Roar||[still]","|-fail|p2a: Skarmory","|move|p1a: Skarmory|Roar||[still]","|-fail|p1a: Skarmory","|","|-weather|Sandstorm|[upkeep]","|upkeep","|turn|114","||adding 10 for new turn","|","|t:|1752911716","|move|p1a: Skarmory|Struggle|p2a: Skarmory","|-damage|p2a: Skarmory|312/334","|-damage|p1a: Skarmory|329/334|[from] Recoil|[of] p2a: Skarmory","|move|p2a: Skarmory|Spikes||[still]","|-fail|p2a: Skarmory","|","|-weather|Sandstorm|[upkeep]","|-heal|p2a: Skarmory|332/334|[from] item: Leftovers","|-heal|p1a: Skarmory|334/334|[from] item: Leftovers","|upkeep","|turn|115","||adding 10 for new turn","|","|t:|1752911718","|move|p1a: Skarmory|Struggle|p2a: Skarmory","|-damage|p2a: Skarmory|312/334","|-damage|p1a: Skarmory|329/334|[from] Recoil|[of] p2a: Skarmory","|move|p2a: Skarmory|Toxic|p1a: Skarmory","|-immune|p1a: Skarmory","|","|-weather|Sandstorm|[upkeep]","|-heal|p1a: Skarmory|334/334|[from] item: Leftovers","|-heal|p2a: Skarmory|332/334|[from] item: Leftovers","|upkeep","|turn|116","||adding 10 for new turn","|","|t:|1752911719","|move|p1a: Skarmory|Struggle|p2a: Skarmory","|-damage|p2a: Skarmory|310/334","|-damage|p1a: Skarmory|329/334|[from] Recoil|[of] p2a: Skarmory","|move|p2a: Skarmory|Roar||[still]","|-fail|p2a: Skarmory","|","|-weather|Sandstorm|[upkeep]","|-heal|p1a: Skarmory|334/334|[from] item: Leftovers","|-heal|p2a: Skarmory|330/334|[from] item: Leftovers","|upkeep","|turn|117","||adding 10 for new turn","|","|t:|1752911721","|move|p1a: Skarmory|Struggle|p2a: Skarmory","|-damage|p2a: Skarmory|309/334","|-damage|p1a: Skarmory|329/334|[from] Recoil|[of] p2a: Skarmory","|move|p2a: Skarmory|Roar||[still]","|-fail|p2a: Skarmory","|","|-weather|Sandstorm|[upkeep]","|-heal|p1a: Skarmory|334/334|[from] item: Leftovers","|-heal|p2a: Skarmory|329/334|[from] item: Leftovers","|upkeep","|turn|118","||adding 10 for new turn","|","|t:|1752911723","|move|p2a: Skarmory|Protect|p2a: Skarmory","|-singleturn|p2a: Skarmory|Protect","|move|p1a: Skarmory|Struggle|p2a: Skarmory","|-activate|p2a: Skarmory|Protect","|","|-weather|Sandstorm|[upkeep]","|-heal|p2a: Skarmory|334/334|[from] item: Leftovers","|upkeep","|turn|119","||adding 10 for new turn","|","|t:|1752911724","|move|p2a: Skarmory|Protect|p2a: Skarmory","|-singleturn|p2a: Skarmory|Protect","|move|p1a: Skarmory|Struggle|p2a: Skarmory","|-activate|p2a: Skarmory|Protect","|","|-weather|Sandstorm|[upkeep]","|upkeep","|turn|120","||adding 10 for new turn","|","|t:|1752911726","|move|p2a: Skarmory|Protect||[still]","|-fail|p2a: Skarmory","|move|p1a: Skarmory|Struggle|p2a: Skarmory","|-damage|p2a: Skarmory|315/334","|-damage|p1a: Skarmory|330/334|[from] Recoil|[of] p2a: Skarmory","|","|-weather|Sandstorm|[upkeep]","|-heal|p2a: Skarmory|334/334|[from] item: Leftovers","|-heal|p1a: Skarmory|334/334|[from] item: Leftovers","|upkeep","|turn|121","||adding 10 for new turn","|","|t:|1752911727","|move|p2a: Skarmory|Struggle|p1a: Skarmory","|-crit|p1a: Skarmory","|-damage|p1a: Skarmory|290/334","|-damage|p2a: Skarmory|323/334|[from] Recoil|[of] p1a: Skarmory","|move|p1a: Skarmory|Struggle|p2a: Skarmory","|-damage|p2a: Skarmory|301/334","|-damage|p1a: Skarmory|285/334|[from] Recoil|[of] p2a: Skarmory","|","|-weather|Sandstorm|[upkeep]","|-heal|p2a: Skarmory|321/334|[from] item: Leftovers","|-heal|p1a: Skarmory|305/334|[from] item: Leftovers","|upkeep","|turn|122","||adding 10 for new turn","|","|t:|1752911729","|move|p2a: Skarmory|Struggle|p1a: Skarmory","|-damage|p1a: Skarmory|285/334","|-damage|p2a: Skarmory|316/334|[from] Recoil|[of] p1a: Skarmory","|move|p1a: Skarmory|Struggle|p2a: Skarmory","|-damage|p2a: Skarmory|296/334","|-damage|p1a: Skarmory|280/334|[from] Recoil|[of] p2a: Skarmory","|","|-weather|Sandstorm|[upkeep]","|-heal|p1a: Skarmory|300/334|[from] item: Leftovers","|-heal|p2a: Skarmory|316/334|[from] item: Leftovers","|upkeep","|turn|123","||adding 10 for new turn","|","|t:|1752911730","|move|p2a: Skarmory|Struggle|p1a: Skarmory","|-crit|p1a: Skarmory","|-damage|p1a: Skarmory|260/334","|-damage|p2a: Skarmory|306/334|[from] Recoil|[of] p1a: Skarmory","|move|p1a: Skarmory|Struggle|p2a: Skarmory","|-damage|p2a: Skarmory|285/334","|-damage|p1a: Skarmory|255/334|[from] Recoil|[of] p2a: Skarmory","|","|-weather|Sandstorm|[upkeep]","|-heal|p2a: Skarmory|305/334|[from] item: Leftovers","|-heal|p1a: Skarmory|275/334|[from] item: Leftovers","|upkeep","|turn|124","||adding 10 for new turn","|","|t:|1752911732","|move|p2a: Skarmory|Struggle|p1a: Skarmory","|-damage|p1a: Skarmory|253/334","|-damage|p2a: Skarmory|300/334|[from] Recoil|[of] p1a: Skarmory","|move|p1a: Skarmory|Struggle|p2a: Skarmory","|-damage|p2a: Skarmory|279/334","|-damage|p1a: Skarmory|248/334|[from] Recoil|[of] p2a: Skarmory","|","|-weather|Sandstorm|[upkeep]","|-heal|p2a: Skarmory|299/334|[from] item: Leftovers","|-heal|p1a: Skarmory|268/334|[from] item: Leftovers","|upkeep","|turn|125","||adding 10 for new turn","|","|t:|1752911734","|move|p1a: Skarmory|Struggle|p2a: Skarmory","|-damage|p2a: Skarmory|277/334","|-damage|p1a: Skarmory|263/334|[from] Recoil|[of] p2a: Skarmory","|move|p2a: Skarmory|Struggle|p1a: Skarmory","|-damage|p1a: Skarmory|243/334","|-damage|p2a: Skarmory|272/334|[from] Recoil|[of] p1a: Skarmory","|","|-weather|Sandstorm|[upkeep]","|-heal|p1a: Skarmory|263/334|[from] item: Leftovers","|-heal|p2a: Skarmory|292/334|[from] item: Leftovers","|upkeep","|turn|126","||adding 10 for new turn","|","|t:|1752911735","|move|p1a: Skarmory|Struggle|p2a: Skarmory","|-damage|p2a: Skarmory|272/334","|-damage|p1a: Skarmory|258/334|[from] Recoil|[of] p2a: Skarmory","|move|p2a: Skarmory|Struggle|p1a: Skarmory","|-damage|p1a: Skarmory|236/334","|-damage|p2a: Skarmory|267/334|[from] Recoil|[of] p1a: Skarmory","|","|-weather|Sandstorm|[upkeep]","|-heal|p2a: Skarmory|287/334|[from] item: Leftovers","|-heal|p1a: Skarmory|256/334|[from] item: Leftovers","|upkeep","|turn|127","||adding 10 for new turn","|","|t:|1752911737","|move|p1a: Skarmory|Struggle|p2a: Skarmory","|-damage|p2a: Skarmory|265/334","|-damage|p1a: Skarmory|251/334|[from] Recoil|[of] p2a: Skarmory","|move|p2a: Skarmory|Struggle|p1a: Skarmory","|-damage|p1a: Skarmory|231/334","|-damage|p2a: Skarmory|260/334|[from] Recoil|[of] p1a: Skarmory","|","|-weather|Sandstorm|[upkeep]","|-heal|p2a: Skarmory|280/334|[from] item: Leftovers","|-heal|p1a: Skarmory|251/334|[from] item: Leftovers","|upkeep","|turn|128","||adding 10 for new turn","|","|t:|1752911738","|move|p2a: Skarmory|Struggle|p1a: Skarmory","|-damage|p1a: Skarmory|229/334","|-damage|p2a: Skarmory|275/334|[from] Recoil|[of] p1a: Skarmory","|move|p1a: Skarmory|Struggle|p2a: Skarmory","|-crit|p2a: Skarmory","|-damage|p2a: Skarmory|235/334","|-damage|p1a: Skarmory|219/334|[from] Recoil|[of] p2a: Skarmory","|","|-weather|Sandstorm|[upkeep]","|-heal|p1a: Skarmory|239/334|[from] item: Leftovers","|-heal|p2a: Skarmory|255/334|[from] item: Leftovers","|upkeep","|turn|129","||adding 10 for new turn","|","|t:|1752911740","|move|p2a: Skarmory|Struggle|p1a: Skarmory","|-damage|p1a: Skarmory|218/334","|-damage|p2a: Skarmory|250/334|[from] Recoil|[of] p1a: Skarmory","|move|p1a: Skarmory|Struggle|p2a: Skarmory","|-damage|p2a: Skarmory|231/334","|-damage|p1a: Skarmory|214/334|[from] Recoil|[of] p2a: Skarmory","|","|-weather|Sandstorm|[upkeep]","|-heal|p1a: Skarmory|234/334|[from] item: Leftovers","|-heal|p2a: Skarmory|251/334|[from] item: Leftovers","|upkeep","|turn|130","||adding 10 for new turn","|","|t:|1752911742","|move|p2a: Skarmory|Struggle|p1a: Skarmory","|-damage|p1a: Skarmory|214/334","|-damage|p2a: Skarmory|246/334|[from] Recoil|[of] p1a: Skarmory","|move|p1a: Skarmory|Struggle|p2a: Skarmory","|-damage|p2a: Skarmory|227/334","|-damage|p1a: Skarmory|210/334|[from] Recoil|[of] p2a: Skarmory","|","|-weather|Sandstorm|[upkeep]","|-heal|p1a: Skarmory|230/334|[from] item: Leftovers","|-heal|p2a: Skarmory|247/334|[from] item: Leftovers","|upkeep","|turn|131","||adding 10 for new turn","|","|t:|1752911743","|move|p2a: Skarmory|Struggle|p1a: Skarmory","|-damage|p1a: Skarmory|210/334","|-damage|p2a: Skarmory|242/334|[from] Recoil|[of] p1a: Skarmory","|move|p1a: Skarmory|Struggle|p2a: Skarmory","|-damage|p2a: Skarmory|223/334","|-damage|p1a: Skarmory|206/334|[from] Recoil|[of] p2a: Skarmory","|","|-weather|Sandstorm|[upkeep]","|-heal|p2a: Skarmory|243/334|[from] item: Leftovers","|-heal|p1a: Skarmory|226/334|[from] item: Leftovers","|upkeep","|turn|132","||adding 10 for new turn","|","|t:|1752911745","|move|p1a: Skarmory|Struggle|p2a: Skarmory","|-damage|p2a: Skarmory|221/334","|-damage|p1a: Skarmory|221/334|[from] Recoil|[of] p2a: Skarmory","|move|p2a: Skarmory|Struggle|p1a: Skarmory","|-damage|p1a: Skarmory|202/334","|-damage|p2a: Skarmory|217/334|[from] Recoil|[of] p1a: Skarmory","|","|-weather|Sandstorm|[upkeep]","|-heal|p2a: Skarmory|237/334|[from] item: Leftovers","|-heal|p1a: Skarmory|222/334|[from] item: Leftovers","|upkeep","|turn|133","||adding 10 for new turn","|","|t:|1752911746","|move|p1a: Skarmory|Struggle|p2a: Skarmory","|-damage|p2a: Skarmory|214/334","|-damage|p1a: Skarmory|217/334|[from] Recoil|[of] p2a: Skarmory","|move|p2a: Skarmory|Struggle|p1a: Skarmory","|-damage|p1a: Skarmory|196/334","|-damage|p2a: Skarmory|209/334|[from] Recoil|[of] p1a: Skarmory","|","|-weather|Sandstorm|[upkeep]","|-heal|p2a: Skarmory|229/334|[from] item: Leftovers","|-heal|p1a: Skarmory|216/334|[from] item: Leftovers","|upkeep","|turn|134","||adding 10 for new turn","|","|t:|1752911748","|move|p2a: Skarmory|Struggle|p1a: Skarmory","|-damage|p1a: Skarmory|195/334","|-damage|p2a: Skarmory|224/334|[from] Recoil|[of] p1a: Skarmory","|move|p1a: Skarmory|Struggle|p2a: Skarmory","|-damage|p2a: Skarmory|201/334","|-damage|p1a: Skarmory|190/334|[from] Recoil|[of] p2a: Skarmory","|","|-weather|Sandstorm|[upkeep]","|-heal|p2a: Skarmory|221/334|[from] item: Leftovers","|-heal|p1a: Skarmory|210/334|[from] item: Leftovers","|upkeep","|turn|135","||adding 10 for new turn","|","|t:|1752911749","|move|p1a: Skarmory|Struggle|p2a: Skarmory","|-crit|p2a: Skarmory","|-damage|p2a: Skarmory|177/334","|-damage|p1a: Skarmory|199/334|[from] Recoil|[of] p2a: Skarmory","|move|p2a: Skarmory|Struggle|p1a: Skarmory","|-damage|p1a: Skarmory|179/334","|-damage|p2a: Skarmory|172/334|[from] Recoil|[of] p1a: Skarmory","|","|-weather|Sandstorm|[upkeep]","|-heal|p1a: Skarmory|199/334|[from] item: Leftovers","|-heal|p2a: Skarmory|192/334|[from] item: Leftovers","|upkeep","|turn|136","||adding 10 for new turn","|","|t:|1752911751","|move|p1a: Skarmory|Struggle|p2a: Skarmory","|-damage|p2a: Skarmory|170/334","|-damage|p1a: Skarmory|194/334|[from] Recoil|[of] p2a: Skarmory","|move|p2a: Skarmory|Struggle|p1a: Skarmory","|-damage|p1a: Skarmory|174/334","|-damage|p2a: Skarmory|165/334|[from] Recoil|[of] p1a: Skarmory","|","|-weather|Sandstorm|[upkeep]","|-heal|p2a: Skarmory|185/334|[from] item: Leftovers","|-heal|p1a: Skarmory|194/334|[from] item: Leftovers","|upkeep","|turn|137","||adding 10 for new turn","|","|t:|1752911753","|move|p2a: Skarmory|Struggle|p1a: Skarmory","|-damage|p1a: Skarmory|171/334","|-damage|p2a: Skarmory|180/334|[from] Recoil|[of] p1a: Skarmory","|move|p1a: Skarmory|Struggle|p2a: Skarmory","|-damage|p2a: Skarmory|158/334","|-damage|p1a: Skarmory|166/334|[from] Recoil|[of] p2a: Skarmory","|","|-weather|Sandstorm|[upkeep]","|-heal|p2a: Skarmory|178/334|[from] item: Leftovers","|-heal|p1a: Skarmory|186/334|[from] item: Leftovers","|upkeep","|turn|138","||adding 10 for new turn","|","|t:|1752911754","|move|p1a: Skarmory|Struggle|p2a: Skarmory","|-damage|p2a: Skarmory|157/334","|-damage|p1a: Skarmory|181/334|[from] Recoil|[of] p2a: Skarmory","|move|p2a: Skarmory|Struggle|p1a: Skarmory","|-damage|p1a: Skarmory|160/334","|-damage|p2a: Skarmory|152/334|[from] Recoil|[of] p1a: Skarmory","|","|-weather|Sandstorm|[upkeep]","|-heal|p1a: Skarmory|180/334|[from] item: Leftovers","|-heal|p2a: Skarmory|172/334|[from] item: Leftovers","|upkeep","|turn|139","||adding 10 for new turn","|","|t:|1752911756","|move|p1a: Skarmory|Struggle|p2a: Skarmory","|-damage|p2a: Skarmory|151/334","|-damage|p1a: Skarmory|175/334|[from] Recoil|[of] p2a: Skarmory","|move|p2a: Skarmory|Struggle|p1a: Skarmory","|-damage|p1a: Skarmory|155/334","|-damage|p2a: Skarmory|146/334|[from] Recoil|[of] p1a: Skarmory","|","|-weather|Sandstorm|[upkeep]","|-heal|p1a: Skarmory|175/334|[from] item: Leftovers","|-heal|p2a: Skarmory|166/334|[from] item: Leftovers","|upkeep","|turn|140","||adding 10 for new turn","|","|t:|1752911757","|move|p2a: Skarmory|Struggle|p1a: Skarmory","|-damage|p1a: Skarmory|155/334","|-damage|p2a: Skarmory|161/334|[from] Recoil|[of] p1a: Skarmory","|move|p1a: Skarmory|Struggle|p2a: Skarmory","|-damage|p2a: Skarmory|140/334","|-damage|p1a: Skarmory|150/334|[from] Recoil|[of] p2a: Skarmory","|","|-weather|Sandstorm|[upkeep]","|-heal|p2a: Skarmory|160/334|[from] item: Leftovers","|-heal|p1a: Skarmory|170/334|[from] item: Leftovers","|upkeep","|turn|141","||adding 10 for new turn","|","|t:|1752911759","|move|p2a: Skarmory|Struggle|p1a: Skarmory","|-damage|p1a: Skarmory|147/334","|-damage|p2a: Skarmory|155/334|[from] Recoil|[of] p1a: Skarmory","|move|p1a: Skarmory|Struggle|p2a: Skarmory","|-crit|p2a: Skarmory","|-damage|p2a: Skarmory|116/334","|-damage|p1a: Skarmory|138/334|[from] Recoil|[of] p2a: Skarmory","|","|-weather|Sandstorm|[upkeep]","|-heal|p2a: Skarmory|136/334|[from] item: Leftovers","|-heal|p1a: Skarmory|158/334|[from] item: Leftovers","|upkeep","|turn|142","||adding 10 for new turn","|","|t:|1752911761","|move|p2a: Skarmory|Struggle|p1a: Skarmory","|-damage|p1a: Skarmory|136/334","|-damage|p2a: Skarmory|131/334|[from] Recoil|[of] p1a: Skarmory","|move|p1a: Skarmory|Struggle|p2a: Skarmory","|-damage|p2a: Skarmory|110/334","|-damage|p1a: Skarmory|131/334|[from] Recoil|[of] p2a: Skarmory","|","|-weather|Sandstorm|[upkeep]","|-heal|p2a: Skarmory|130/334|[from] item: Leftovers","|-heal|p1a: Skarmory|151/334|[from] item: Leftovers","|upkeep","|turn|143","||adding 10 for new turn","|","|t:|1752911762","|move|p1a: Skarmory|Struggle|p2a: Skarmory","|-damage|p2a: Skarmory|107/334","|-damage|p1a: Skarmory|146/334|[from] Recoil|[of] p2a: Skarmory","|move|p2a: Skarmory|Struggle|p1a: Skarmory","|-damage|p1a: Skarmory|126/334","|-damage|p2a: Skarmory|102/334|[from] Recoil|[of] p1a: Skarmory","|","|-weather|Sandstorm|[upkeep]","|-heal|p2a: Skarmory|122/334|[from] item: Leftovers","|-heal|p1a: Skarmory|146/334|[from] item: Leftovers","|upkeep","|turn|144","||adding 10 for new turn","|","|t:|1752911764","|move|p2a: Skarmory|Struggle|p1a: Skarmory","|-damage|p1a: Skarmory|126/334","|-damage|p2a: Skarmory|117/334|[from] Recoil|[of] p1a: Skarmory","|move|p1a: Skarmory|Struggle|p2a: Skarmory","|-damage|p2a: Skarmory|95/334","|-damage|p1a: Skarmory|121/334|[from] Recoil|[of] p2a: Skarmory","|","|-weather|Sandstorm|[upkeep]","|-heal|p1a: Skarmory|141/334|[from] item: Leftovers","|-heal|p2a: Skarmory|115/334|[from] item: Leftovers","|upkeep","|turn|145","||adding 10 for new turn","|","|t:|1752911765","|move|p1a: Skarmory|Struggle|p2a: Skarmory","|-damage|p2a: Skarmory|95/334","|-damage|p1a: Skarmory|136/334|[from] Recoil|[of] p2a: Skarmory","|move|p2a: Skarmory|Struggle|p1a: Skarmory","|-damage|p1a: Skarmory|117/334","|-damage|p2a: Skarmory|91/334|[from] Recoil|[of] p1a: Skarmory","|","|-weather|Sandstorm|[upkeep]","|-heal|p1a: Skarmory|137/334|[from] item: Leftovers","|-heal|p2a: Skarmory|111/334|[from] item: Leftovers","|upkeep","|turn|146","||adding 10 for new turn","|","|t:|1752911767","|move|p2a: Skarmory|Struggle|p1a: Skarmory","|-damage|p1a: Skarmory|115/334","|-damage|p2a: Skarmory|106/334|[from] Recoil|[of] p1a: Skarmory","|move|p1a: Skarmory|Struggle|p2a: Skarmory","|-damage|p2a: Skarmory|83/334","|-damage|p1a: Skarmory|110/334|[from] Recoil|[of] p2a: Skarmory","|","|-weather|Sandstorm|[upkeep]","|-heal|p1a: Skarmory|130/334|[from] item: Leftovers","|-heal|p2a: Skarmory|103/334|[from] item: Leftovers","|upkeep","|turn|147","||adding 10 for new turn","|","|t:|1752911768","|move|p2a: Skarmory|Struggle|p1a: Skarmory","|-crit|p1a: Skarmory","|-damage|p1a: Skarmory|90/334","|-damage|p2a: Skarmory|93/334|[from] Recoil|[of] p1a: Skarmory","|move|p1a: Skarmory|Struggle|p2a: Skarmory","|-damage|p2a: Skarmory|72/334","|-damage|p1a: Skarmory|85/334|[from] Recoil|[of] p2a: Skarmory","|","|-weather|Sandstorm|[upkeep]","|-heal|p2a: Skarmory|92/334|[from] item: Leftovers","|-heal|p1a: Skarmory|105/334|[from] item: Leftovers","|upkeep","|turn|148","||adding 10 for new turn","|","|t:|1752911770","|move|p1a: Skarmory|Struggle|p2a: Skarmory","|-damage|p2a: Skarmory|72/334","|-damage|p1a: Skarmory|100/334|[from] Recoil|[of] p2a: Skarmory","|move|p2a: Skarmory|Struggle|p1a: Skarmory","|-damage|p1a: Skarmory|79/334","|-damage|p2a: Skarmory|67/334|[from] Recoil|[of] p1a: Skarmory","|","|-weather|Sandstorm|[upkeep]","|-heal|p2a: Skarmory|87/334|[from] item: Leftovers","|-heal|p1a: Skarmory|99/334|[from] item: Leftovers","|upkeep","|turn|149","||adding 10 for new turn","|","|t:|1752911772","|move|p1a: Skarmory|Struggle|p2a: Skarmory","|-damage|p2a: Skarmory|67/334","|-damage|p1a: Skarmory|94/334|[from] Recoil|[of] p2a: Skarmory","|move|p2a: Skarmory|Struggle|p1a: Skarmory","|-damage|p1a: Skarmory|75/334","|-damage|p2a: Skarmory|63/334|[from] Recoil|[of] p1a: Skarmory","|","|-weather|Sandstorm|[upkeep]","|-heal|p1a: Skarmory|95/334|[from] item: Leftovers","|-heal|p2a: Skarmory|83/334|[from] item: Leftovers","|upkeep","|turn|150","||adding 10 for new turn","|","|t:|1752911773","|move|p2a: Skarmory|Struggle|p1a: Skarmory","|-damage|p1a: Skarmory|75/334","|-damage|p2a: Skarmory|78/334|[from] Recoil|[of] p1a: Skarmory","|move|p1a: Skarmory|Struggle|p2a: Skarmory","|-damage|p2a: Skarmory|59/334","|-damage|p1a: Skarmory|71/334|[from] Recoil|[of] p2a: Skarmory","|","|-weather|Sandstorm|[upkeep]","|-heal|p1a: Skarmory|91/334|[from] item: Leftovers","|-heal|p2a: Skarmory|79/334|[from] item: Leftovers","|upkeep","|turn|151","||adding 10 for new turn","|","|t:|1752911775","|move|p1a: Skarmory|Struggle|p2a: Skarmory","|-damage|p2a: Skarmory|60/334","|-damage|p1a: Skarmory|87/334|[from] Recoil|[of] p2a: Skarmory","|move|p2a: Skarmory|Struggle|p1a: Skarmory","|-damage|p1a: Skarmory|67/334","|-damage|p2a: Skarmory|55/334|[from] Recoil|[of] p1a: Skarmory","|","|-weather|Sandstorm|[upkeep]","|-heal|p2a: Skarmory|75/334|[from] item: Leftovers","|-heal|p1a: Skarmory|87/334|[from] item: Leftovers","|upkeep","|turn|152","||adding 10 for new turn","|","|t:|1752911776","|move|p1a: Skarmory|Struggle|p2a: Skarmory","|-damage|p2a: Skarmory|53/334","|-damage|p1a: Skarmory|82/334|[from] Recoil|[of] p2a: Skarmory","|move|p2a: Skarmory|Struggle|p1a: Skarmory","|-damage|p1a: Skarmory|61/334","|-damage|p2a: Skarmory|48/334|[from] Recoil|[of] p1a: Skarmory","|","|-weather|Sandstorm|[upkeep]","|-heal|p2a: Skarmory|68/334|[from] item: Leftovers","|-heal|p1a: Skarmory|81/334|[from] item: Leftovers","|upkeep","|turn|153","||adding 10 for new turn","|","|t:|1752911778","|move|p1a: Skarmory|Struggle|p2a: Skarmory","|-damage|p2a: Skarmory|45/334","|-damage|p1a: Skarmory|76/334|[from] Recoil|[of] p2a: Skarmory","|move|p2a: Skarmory|Struggle|p1a: Skarmory","|-damage|p1a: Skarmory|57/334","|-damage|p2a: Skarmory|41/334|[from] Recoil|[of] p1a: Skarmory","|","|-weather|Sandstorm|[upkeep]","|-heal|p1a: Skarmory|77/334|[from] item: Leftovers","|-heal|p2a: Skarmory|61/334|[from] item: Leftovers","|upkeep","|turn|154","||adding 10 for new turn","|","|t:|1752911780","|move|p2a: Skarmory|Struggle|p1a: Skarmory","|-damage|p1a: Skarmory|57/334","|-damage|p2a: Skarmory|56/334|[from] Recoil|[of] p1a: Skarmory","|move|p1a: Skarmory|Struggle|p2a: Skarmory","|-damage|p2a: Skarmory|35/334","|-damage|p1a: Skarmory|52/334|[from] Recoil|[of] p2a: Skarmory","|","|-weather|Sandstorm|[upkeep]","|-heal|p1a: Skarmory|72/334|[from] item: Leftovers","|-heal|p2a: Skarmory|55/334|[from] item: Leftovers","|upkeep","|turn|155","||adding 10 for new turn","|","|t:|1752911781","|move|p1a: Skarmory|Struggle|p2a: Skarmory","|-damage|p2a: Skarmory|35/334","|-damage|p1a: Skarmory|67/334|[from] Recoil|[of] p2a: Skarmory","|move|p2a: Skarmory|Struggle|p1a: Skarmory","|-damage|p1a: Skarmory|47/334","|-damage|p2a: Skarmory|30/334|[from] Recoil|[of] p1a: Skarmory","|","|-weather|Sandstorm|[upkeep]","|-heal|p1a: Skarmory|67/334|[from] item: Leftovers","|-heal|p2a: Skarmory|50/334|[from] item: Leftovers","|upkeep","|turn|156","||adding 10 for new turn","|","|t:|1752911783","|move|p1a: Skarmory|Struggle|p2a: Skarmory","|-damage|p2a: Skarmory|28/334","|-damage|p1a: Skarmory|62/334|[from] Recoil|[of] p2a: Skarmory","|move|p2a: Skarmory|Struggle|p1a: Skarmory","|-crit|p1a: Skarmory","|-damage|p1a: Skarmory|19/334","|-damage|p2a: Skarmory|18/334|[from] Recoil|[of] p1a: Skarmory","|","|-weather|Sandstorm|[upkeep]","|-heal|p1a: Skarmory|39/334|[from] item: Leftovers","|-heal|p2a: Skarmory|38/334|[from] item: Leftovers","|upkeep","|turn|157","||adding 10 for new turn","|","|t:|1752911784","|move|p2a: Skarmory|Struggle|p1a: Skarmory","|-damage|p1a: Skarmory|18/334","|-damage|p2a: Skarmory|33/334|[from] Recoil|[of] p1a: Skarmory","|move|p1a: Skarmory|Struggle|p2a: Skarmory","|-damage|p2a: Skarmory|14/334","|-damage|p1a: Skarmory|14/334|[from] Recoil|[of] p2a: Skarmory","|","|-weather|Sandstorm|[upkeep]","|-heal|p2a: Skarmory|34/334|[from] item: Leftovers","|-heal|p1a: Skarmory|34/334|[from] item: Leftovers","|upkeep","|turn|158","||adding 10 for new turn","|","|t:|1752911786","|move|p1a: Skarmory|Struggle|p2a: Skarmory","|-damage|p2a: Skarmory|12/334","|-damage|p1a: Skarmory|29/334|[from] Recoil|[of] p2a: Skarmory","|move|p2a: Skarmory|Struggle|p1a: Skarmory","|-damage|p1a: Skarmory|7/334","|-damage|p2a: Skarmory|7/334|[from] Recoil|[of] p1a: Skarmory","|","|-weather|Sandstorm|[upkeep]","|-heal|p2a: Skarmory|27/334|[from] item: Leftovers","|-heal|p1a: Skarmory|27/334|[from] item: Leftovers","|upkeep","|turn|159","||adding 10 for new turn","|","|t:|1752911788","|move|p1a: Skarmory|Struggle|p2a: Skarmory","|-damage|p2a: Skarmory|5/334","|-damage|p1a: Skarmory|22/334|[from] Recoil|[of] p2a: Skarmory","|move|p2a: Skarmory|Struggle|p1a: Skarmory","|-damage|p1a: Skarmory|2/334","|-damage|p2a: Skarmory|0 fnt|[from] Recoil|[of] p1a: Skarmory","|faint|p2a: Skarmory","|","|win|foultestchallenge1",""],"p1rating":null,"p2rating":null,"endType":"normal","ladderError":true,"timestamp":"Sat Jul 19 2025 00:56:28 GMT-0700 (アメリカ太平洋夏時間)","roomid":"battle-gen3ou-859","format":"gen3ou"}