{"winner":"foultestacceptor1","seed":"sodium,d1d1e49cc0f481834eb6f776c194ec05","turns":42,"p1":"foultestchallenge1","p2":"foultestacceptor1","p1team":[{"name":"Salamence","species":"Salamence","item":"Choice Band","ability":"Intimidate","moves":["Earthquake","Hidden Power Flying","Brick Break","Rock Slide"],"nature":"Adamant","evs":{"hp":120,"atk":252,"def":0,"spa":0,"spd":0,"spe":136},"gender":"F","ivs":{"hp":30,"atk":30,"def":30,"spa":30,"spd":30,"spe":31},"happiness":255,"hpType":"Flying","pokeball":"","gigantamax":false,"dynamaxLevel":10,"teraType":"","level":100},{"name":"Magneton","species":"Magneton","item":"Magnet","ability":"Magnet Pull","moves":["Thunderbolt","Toxic","Hidden Power Fire","Protect"],"nature":"Modest","evs":{"hp":4,"atk":0,"def":0,"spa":252,"spd":0,"spe":252},"gender":"N","ivs":{"hp":31,"atk":2,"def":31,"spa":30,"spd":31,"spe":30},"happiness":255,"hpType":"Fire","pokeball":"","gigantamax":false,"dynamaxLevel":10,"teraType":"","level":100},{"name":"Tyranitar","species":"Tyranitar","item":"Leftovers","ability":"Sand Stream","moves":["Crunch","Pursuit","Hidden Power Grass","Fire Blast"],"nature":"Modest","evs":{"hp":240,"atk":0,"def":0,"spa":188,"spd":48,"spe":32},"gender":"F","ivs":{"hp":31,"atk":2,"def":31,"spa":30,"spd":31,"spe":31},"happiness":255,"hpType":"Grass","pokeball":"","gigantamax":false,"dynamaxLevel":10,"teraType":"","level":100},{"name":"Blissey","species":"Blissey","item":"Leftovers","ability":"Natural Cure","moves":["Seismic Toss","Wish","Protect","Toxic"],"nature":"","evs":{"hp":4,"atk":0,"def":252,"spa":0,"spd":252,"spe":0},"gender":"F","ivs":{"hp":31,"atk":0,"def":31,"spa":31,"spd":31,"spe":31},"level":100},{"name":"Metagross","species":"Metagross","item":"Leftovers","ability":"Clear Body","moves":["Agility","Meteor Mash","Earthquake","Explosion"],"nature":"Adamant","evs":{"hp":168,"atk":252,"def":0,"spa":0,"spd":0,"spe":88},"gender":"N","level":100,"ivs":{"hp":31,"atk":31,"def":31,"spa":31,"spd":31,"spe":31}},{"name":"Swampert","species":"Swampert","item":"Leftovers","ability":"Torrent","moves":["Surf","Ice Beam","Protect","Toxic"],"nature":"Bold","evs":{"hp":252,"atk":0,"def":160,"spa":0,"spd":96,"spe":0},"gender":"M","ivs":{"hp":31,"atk":0,"def":31,"spa":31,"spd":31,"spe":31},"level":100}],"p2team":[{"name":"Tyranitar","species":"Tyranitar","item":"Leftovers","ability":"Sand Stream","moves":["Rock Slide","Earthquake","Hidden Power Bug","Roar"],"nature":"Adamant","evs":{"hp":184,"atk":196,"def":120,"spa":0,"spd":0,"spe":8},"gender":"M","ivs":{"hp":31,"atk":30,"def":30,"spa":31,"spd":30,"spe":31},"happiness":255,"hpType":"Bug","pokeball":"","gigantamax":false,"dynamaxLevel":10,"teraType":"","level":100},{"name":"Milotic","species":"Milotic","item":"Leftovers","ability":"Marvel Scale","moves":["Surf","Toxic","Recover","Refresh"],"nature":"Bold","evs":{"hp":248,"atk":0,"def":212,"spa":0,"spd":0,"spe":48},"gender":"M","ivs":{"hp":31,"atk":0,"def":31,"spa":31,"spd":31,"spe":31},"level":100},{"name":"Blissey","species":"Blissey","item":"Leftovers","ability":"Natural Cure","moves":["Seismic Toss","Ice Beam","Thunder Wave","Soft-Boiled"],"nature":"Bold","evs":{"hp":40,"atk":0,"def":244,"spa":208,"spd":0,"spe":16},"gender":"F","level":100,"ivs":{"hp":31,"atk":31,"def":31,"spa":31,"spd":31,"spe":31}},{"name":"Skarmory","species":"Skarmory","item":"Leftovers","ability":"Keen Eye","moves":["Drill Peck","Toxic","Spikes","Roar"],"nature":"Careful","evs":{"hp":248,"atk":0,"def":0,"spa":0,"spd":236,"spe":24},"gender":"F","level":100,"ivs":{"hp":31,"atk":31,"def":31,"spa":31,"spd":31,"spe":31}},{"name":"Claydol","species":"Claydol","item":"Leftovers","ability":"Levitate","moves":["Earthquake","Psychic","Refresh","Rapid Spin"],"nature":"Adamant","evs":{"hp":224,"atk":228,"def":0,"spa":36,"spd":0,"spe":20},"gender":"N","level":100,"ivs":{"hp":31,"atk":31,"def":31,"spa":31,"spd":31,"spe":31}},{"name":"Dugtrio","species":"Dugtrio","item":"Choice Band","ability":"Arena Trap","moves":["Earthquake","Aerial Ace","Hidden Power Bug","Screech"],"nature":"Jolly","evs":{"hp":0,"atk":252,"def":0,"spa":0,"spd":4,"spe":252},"gender":"F","ivs":{"hp":31,"atk":30,"def":30,"spa":31,"spd":30,"spe":31},"happiness":255,"hpType":"Bug","pokeball":"","gigantamax":false,"dynamaxLevel":10,"teraType":"","level":100}],"score":[0,3],"inputLog":[">version 372d05e49c92a79eecdf6c8dddb208bd1765c00f",">start {\"formatid\":\"gen3ou\",\"seed\":\"sodium,d1d1e49cc0f481834eb6f776c194ec05\"}",">player p1 {\"name\":\"foultestchallenge1\",\"avatar\":\"1\",\"team\":\"Salamence||ChoiceBand|Intimidate|Earthquake,HiddenPowerFlying,BrickBreak,RockSlide|Adamant|120,252,,,,136|F|30,30,30,30,30,|||,Flying,,,,]Magneton||Magnet|MagnetPull|Thunderbolt,Toxic,HiddenPowerFire,Protect|Modest|4,,,252,,252|N|,2,,30,,30|||,Fire,,,,]Tyranitar||Leftovers|SandStream|Crunch,Pursuit,HiddenPowerGrass,FireBlast|Modest|240,,,188,48,32|F|,2,,30,,|||,Grass,,,,]Blissey||Leftovers|NaturalCure|SeismicToss,Wish,Protect,Toxic||4,,252,,252,|F|,0,,,,|||]Metagross||Leftovers|ClearBody|Agility,MeteorMash,Earthquake,Explosion|Adamant|168,252,,,,88|N||||]Swampert||Leftovers|Torrent|Surf,IceBeam,Protect,Toxic|Bold|252,,160,,96,|M|,0,,,,|||\",\"rating\":0}",">player p2 {\"name\":\"foultestacceptor1\",\"avatar\":\"169\",\"team\":\"Tyranitar||Leftovers|SandStream|RockSlide,Earthquake,HiddenPowerBug,Roar|Adamant|184,196,120,,,8|M|,30,30,,30,|||,Bug,,,,]Milotic||Leftovers|MarvelScale|Surf,Toxic,Recover,Refresh|Bold|248,,212,,,48|M|,0,,,,|||]Blissey||Leftovers|NaturalCure|SeismicToss,IceBeam,ThunderWave,SoftBoiled|Bold|40,,244,208,,16|F||||]Skarmory||Leftovers|KeenEye|DrillPeck,Toxic,Spikes,Roar|Careful|248,,,,236,24|F||||]Claydol||Leftovers|Levitate|Earthquake,Psychic,Refresh,RapidSpin|Adamant|224,228,,36,,20|N||||]Dugtrio||ChoiceBand|ArenaTrap|Earthquake,AerialAce,HiddenPowerBug,Screech|Jolly|,252,,,4,252|F|,30,30,,30,|||,Bug,,,,\",\"rating\":0}",">p1 move earthquake",">p2 switch 4",">p1 switch 2",">p2 move spikes",">p1 move thunderbolt",">p2 move spikes",">p2 switch 6",">p1 move hiddenpower",">p2 move earthquake",">p1 switch 2",">p1 move earthquake",">p2 switch 2",">p1 move earthquake",">p2 move recover",">p1 move earthquake",">p2 move recover",">p1 move earthquake",">p2 move recover",">p1 switch 5",">p2 move recover",">p1 move explosion",">p2 move surf",">p1 switch 5",">p2 switch 3",">p1 move brickbreak",">p2 move icebeam",">p1 switch 3",">p1 move crunch",">p2 move softboiled",">p2 switch 4",">p1 switch 6",">p2 move roar",">p1 move hiddenpower",">p2 move earthquake",">p1 move hiddenpower",">p2 switch 5",">p1 switch 6",">p2 move earthquake",">p1 move protect",">p2 move earthquake",">p1 switch 6",">p2 move earthquake",">p1 switch 4",">p1 move wish",">p2 move earthquake",">p1 move toxic",">p2 move earthquake",">p1 move protect",">p2 move refresh",">p1 move wish",">p2 move earthquake",">p1 switch 6",">p2 move earthquake",">p1 move protect",">p2 move earthquake",">p1 move surf",">p2 move earthquake",">p1 move protect",">p2 move earthquake",">p1 move protect",">p2 move earthquake",">p1 move protect",">p2 move earthquake",">p1 move protect",">p2 move earthquake",">p1 move protect",">p2 move earthquake",">p1 move protect",">p2 move earthquake",">p1 move surf",">p2 move earthquake",">p1 move protect",">p2 move psychic",">p1 move protect",">p2 move psychic",">p1 move protect",">p2 move psychic",">p1 move protect",">p2 move psychic",">p1 move protect",">p2 move psychic",">p1 move protect",">p2 move psychic",">p1 switch 6",">p1 move protect",">p2 switch 2",">p1 move protect",">p2 move hiddenpower",">p1 move protect",">p2 move hiddenpower",">p1 move protect",">p2 move hiddenpower"],"log":["|j|☆foultestchallenge1","|j|☆foultestacceptor1","|t:|1752977598","|gametype|singles","|player|p1|foultestchallenge1|1|","|player|p2|foultestacceptor1|169|","|teamsize|p1|6","|teamsize|p2|6","|gen|3","|tier|[Gen 3] OU","|rule|Sleep Clause Mod: Limit one foe put to sleep","|rule|Switch Priority Clause Mod: Faster Pokémon switch first","|rule|Species Clause: Limit one of each Pokémon","|rule|OHKO Clause: OHKO moves are banned","|rule|Evasion Items Clause: Evasion items are banned","|rule|Evasion Moves Clause: Evasion moves are banned","|rule|Endless Battle Clause: Forcing endless battles is banned","|rule|HP Percentage Mod: HP is shown in percentages","|rule|One Boost Passer Clause: Limit one Baton Passer that has a way to boost its stats","|rule|Freeze Clause Mod: Limit one foe frozen","|","|t:|1752977598","|start","|switch|p1a: Salamence|Salamence, F|360/360","|switch|p2a: Tyranitar|Tyranitar, M|387/387","|-ability|p1a: Salamence|Intimidate|boost","|-unboost|p2a: Tyranitar|atk|1","|-weather|Sandstorm|[from] ability: Sand Stream|[of] p2a: Tyranitar","|turn|1","|inactive|Battle timer is ON: inactive players will automatically lose when time's up. (requested by foultestacceptor1)","|inactive|foultestchallenge1 also wants the timer to be on.","|","|t:|1752977607","|switch|p2a: Skarmory|Skarmory, F|333/333","|move|p1a: Salamence|Earthquake|p2a: Skarmory","|-immune|p2a: Skarmory","|","|-weather|Sandstorm|[upkeep]","|-damage|p1a: Salamence|338/360|[from] Sandstorm","|upkeep","|turn|2","||adding 10 for new turn","|","|t:|1752977614","|switch|p1a: Magneton|Magneton|242/242","|move|p2a: Skarmory|Spikes|p1a: Magneton","|-sidestart|p1: foultestchallenge1|Spikes","|","|-weather|Sandstorm|[upkeep]","|upkeep","|turn|3","||adding 10 for new turn","|","|t:|1752977622","|move|p1a: Magneton|Thunderbolt|p2a: Skarmory","|-supereffective|p2a: Skarmory","|-damage|p2a: Skarmory|0 fnt","|faint|p2a: Skarmory","||adding 5 to each for mid turn request","|","|t:|1752977630","|switch|p2a: Dugtrio|Dugtrio, F|211/211","|","|-weather|Sandstorm|[upkeep]","|upkeep","|turn|4","||adding 10 for new turn","|","|t:|1752977638","|move|p2a: Dugtrio|Earthquake|p1a: Magneton","|-supereffective|p1a: Magneton","|-damage|p1a: Magneton|0 fnt","|faint|p1a: Magneton","||adding 5 to each for mid turn request","|","|t:|1752977645","|switch|p1a: Salamence|Salamence, F|338/360","|-ability|p1a: Salamence|Intimidate|boost","|-unboost|p2a: Dugtrio|atk|1","|","|-weather|Sandstorm|[upkeep]","|-damage|p1a: Salamence|316/360|[from] Sandstorm","|upkeep","|turn|5","||adding 10 for new turn","|","|t:|1752977653","|switch|p2a: Milotic|Milotic, M|393/393","|move|p1a: Salamence|Earthquake|p2a: Milotic","|-damage|p2a: Milotic|220/393","|","|-weather|Sandstorm|[upkeep]","|-damage|p1a: Salamence|294/360|[from] Sandstorm","|-damage|p2a: Milotic|196/393|[from] Sandstorm","|-heal|p2a: Milotic|220/393|[from] item: Leftovers","|upkeep","|turn|6","||adding 10 for new turn","|","|t:|1752977661","|move|p1a: Salamence|Earthquake|p2a: Milotic","|-damage|p2a: Milotic|60/393","|move|p2a: Milotic|Recover|p2a: Milotic","|-heal|p2a: Milotic|256/393","|","|-weather|Sandstorm|[upkeep]","|-damage|p1a: Salamence|272/360|[from] Sandstorm","|-damage|p2a: Milotic|232/393|[from] Sandstorm","|-heal|p2a: Milotic|256/393|[from] item: Leftovers","|upkeep","|turn|7","||adding 10 for new turn","|","|t:|1752977668","|move|p1a: Salamence|Earthquake|p2a: Milotic","|-damage|p2a: Milotic|90/393","|move|p2a: Milotic|Recover|p2a: Milotic","|-heal|p2a: Milotic|286/393","|","|-weather|Sandstorm|[upkeep]","|-damage|p1a: Salamence|250/360|[from] Sandstorm","|-damage|p2a: Milotic|262/393|[from] Sandstorm","|-heal|p2a: Milotic|286/393|[from] item: Leftovers","|upkeep","|turn|8","||adding 10 for new turn","|","|t:|1752977676","|move|p1a: Salamence|Earthquake|p2a: Milotic","|-damage|p2a: Milotic|101/393","|move|p2a: Milotic|Recover|p2a: Milotic","|-heal|p2a: Milotic|297/393","|","|-weather|Sandstorm|[upkeep]","|-damage|p1a: Salamence|228/360|[from] Sandstorm","|-damage|p2a: Milotic|273/393|[from] Sandstorm","|-heal|p2a: Milotic|297/393|[from] item: Leftovers","|upkeep","|turn|9","||adding 10 for new turn","|","|t:|1752977684","|switch|p1a: Metagross|Metagross|343/343","|-damage|p1a: Metagross|301/343|[from] Spikes","|move|p2a: Milotic|Recover|p2a: Milotic","|-heal|p2a: Milotic|393/393","|","|-weather|Sandstorm|[upkeep]","|-damage|p2a: Milotic|369/393|[from] Sandstorm","|-heal|p2a: Milotic|393/393|[from] item: Leftovers","|-heal|p1a: Metagross|322/343|[from] item: Leftovers","|upkeep","|turn|10","||adding 10 for new turn","|","|t:|1752977692","|move|p2a: Milotic|Surf|p1a: Metagross","|-damage|p1a: Metagross|195/343","|move|p1a: Metagross|Explosion|p2a: Milotic","|-damage|p2a: Milotic|0 fnt","|faint|p1a: Metagross","|faint|p2a: Milotic","||adding 5 to each for mid turn request","|","|t:|1752977700","|switch|p2a: Blissey|Blissey, F|661/661","|switch|p1a: Salamence|Salamence, F|228/360","|-ability|p1a: Salamence|Intimidate|boost","|-unboost|p2a: Blissey|atk|1","|","|-weather|Sandstorm|[upkeep]","|-damage|p1a: Salamence|206/360|[from] Sandstorm","|-damage|p2a: Blissey|620/661|[from] Sandstorm","|-heal|p2a: Blissey|661/661|[from] item: Leftovers","|upkeep","|turn|11","||adding 10 for new turn","|","|t:|1752977707","|move|p1a: Salamence|Brick Break|p2a: Blissey","|-supereffective|p2a: Blissey","|-damage|p2a: Blissey|73/661","|move|p2a: Blissey|Ice Beam|p1a: Salamence","|-supereffective|p1a: Salamence","|-damage|p1a: Salamence|0 fnt","|faint|p1a: Salamence","||adding 5 to each for mid turn request","|","|t:|1752977715","|switch|p1a: Tyranitar|Tyranitar, F|401/401","|-damage|p1a: Tyranitar|351/401|[from] Spikes","|","|-weather|Sandstorm|[upkeep]","|-damage|p2a: Blissey|32/661|[from] Sandstorm","|-heal|p1a: Tyranitar|376/401|[from] item: Leftovers","|-heal|p2a: Blissey|73/661|[from] item: Leftovers","|upkeep","|turn|12","||adding 10 for new turn","|","|t:|1752977723","|move|p1a: Tyranitar|Crunch|p2a: Blissey","|-damage|p2a: Blissey|0 fnt","|faint|p2a: Blissey","||adding 5 to each for mid turn request","|","|t:|1752977731","|switch|p2a: Tyranitar|Tyranitar, M|387/387","|","|-weather|Sandstorm|[upkeep]","|-heal|p1a: Tyranitar|401/401|[from] item: Leftovers","|upkeep","|turn|13","||adding 10 for new turn","|","|t:|1752977739","|switch|p1a: Swampert|Swampert, M|404/404","|-damage|p1a: Swampert|354/404|[from] Spikes","|move|p2a: Tyranitar|Roar|p1a: Swampert","|drag|p1a: Tyranitar|Tyranitar, F|401/401","|-damage|p1a: Tyranitar|351/401|[from] Spikes","|","|-weather|Sandstorm|[upkeep]","|-heal|p1a: Tyranitar|376/401|[from] item: Leftovers","|upkeep","|turn|14","||adding 10 for new turn","|","|t:|1752977747","|move|p1a: Tyranitar|Hidden Power|p2a: Tyranitar","|-supereffective|p2a: Tyranitar","|-damage|p2a: Tyranitar|251/387","|move|p2a: Tyranitar|Earthquake|p1a: Tyranitar","|-supereffective|p1a: Tyranitar","|-damage|p1a: Tyranitar|138/401","|","|-weather|Sandstorm|[upkeep]","|-heal|p1a: Tyranitar|163/401|[from] item: Leftovers","|-heal|p2a: Tyranitar|275/387|[from] item: Leftovers","|upkeep","|turn|15","||adding 10 for new turn","|","|t:|1752977755","|switch|p2a: Claydol|Claydol|317/317","|move|p1a: Tyranitar|Hidden Power|p2a: Claydol","|-supereffective|p2a: Claydol","|-damage|p2a: Claydol|189/317","|","|-weather|Sandstorm|[upkeep]","|-heal|p2a: Claydol|208/317|[from] item: Leftovers","|-heal|p1a: Tyranitar|188/401|[from] item: Leftovers","|upkeep","|turn|16","||adding 10 for new turn","|","|t:|1752977763","|switch|p1a: Swampert|Swampert, M|354/404","|-damage|p1a: Swampert|304/404|[from] Spikes","|move|p2a: Claydol|Earthquake|p1a: Swampert","|-damage|p1a: Swampert|202/404","|","|-weather|Sandstorm|[upkeep]","|-heal|p2a: Claydol|227/317|[from] item: Leftovers","|-heal|p1a: Swampert|227/404|[from] item: Leftovers","|upkeep","|turn|17","||adding 10 for new turn","|","|t:|1752977770","|move|p1a: Swampert|Protect|p1a: Swampert","|-singleturn|p1a: Swampert|Protect","|move|p2a: Claydol|Earthquake|p1a: Swampert","|-activate|p1a: Swampert|Protect","|","|-weather|Sandstorm|[upkeep]","|-heal|p2a: Claydol|246/317|[from] item: Leftovers","|-heal|p1a: Swampert|252/404|[from] item: Leftovers","|upkeep","|turn|18","||adding 10 for new turn","|","|t:|1752977778","|switch|p1a: Tyranitar|Tyranitar, F|188/401","|-damage|p1a: Tyranitar|138/401|[from] Spikes","|move|p2a: Claydol|Earthquake|p1a: Tyranitar","|-supereffective|p1a: Tyranitar","|-damage|p1a: Tyranitar|0 fnt","|faint|p1a: Tyranitar","||adding 5 to each for mid turn request","|","|t:|1752977786","|switch|p1a: Blissey|Blissey, F|652/652","|-damage|p1a: Blissey|571/652|[from] Spikes","|","|-weather|Sandstorm|[upkeep]","|-damage|p1a: Blissey|531/652|[from] Sandstorm","|-heal|p2a: Claydol|265/317|[from] item: Leftovers","|-heal|p1a: Blissey|571/652|[from] item: Leftovers","|upkeep","|turn|19","||adding 10 for new turn","|","|t:|1752977793","|move|p2a: Claydol|Earthquake|p1a: Blissey","|-damage|p1a: Blissey|339/652","|move|p1a: Blissey|Wish|p1a: Blissey","|","|-weather|Sandstorm|[upkeep]","|-damage|p1a: Blissey|299/652|[from] Sandstorm","|-heal|p2a: Claydol|284/317|[from] item: Leftovers","|-heal|p1a: Blissey|339/652|[from] item: Leftovers","|upkeep","|turn|20","||adding 10 for new turn","|","|t:|1752977801","|move|p2a: Claydol|Earthquake|p1a: Blissey","|-damage|p1a: Blissey|94/652","|move|p1a: Blissey|Toxic|p2a: Claydol","|-status|p2a: Claydol|tox","|","|-heal|p1a: Blissey|420/652|[from] move: Wish|[wisher] Blissey","|-weather|Sandstorm|[upkeep]","|-damage|p1a: Blissey|380/652|[from] Sandstorm","|-heal|p2a: Claydol|303/317 tox|[from] item: Leftovers","|-damage|p2a: Claydol|284/317 tox|[from] psn","|-heal|p1a: Blissey|420/652|[from] item: Leftovers","|upkeep","|turn|21","||adding 10 for new turn","|","|t:|1752977809","|move|p1a: Blissey|Protect|p1a: Blissey","|-singleturn|p1a: Blissey|Protect","|move|p2a: Claydol|Refresh|p2a: Claydol","|-curestatus|p2a: Claydol|tox|[msg]","|","|-weather|Sandstorm|[upkeep]","|-damage|p1a: Blissey|380/652|[from] Sandstorm","|-heal|p2a: Claydol|303/317|[from] item: Leftovers","|-heal|p1a: Blissey|420/652|[from] item: Leftovers","|upkeep","|turn|22","||adding 10 for new turn","|","|t:|1752977817","|move|p2a: Claydol|Earthquake|p1a: Blissey","|-damage|p1a: Blissey|164/652","|move|p1a: Blissey|Wish|p1a: Blissey","|","|-weather|Sandstorm|[upkeep]","|-damage|p1a: Blissey|124/652|[from] Sandstorm","|-heal|p2a: Claydol|317/317|[from] item: Leftovers","|-heal|p1a: Blissey|164/652|[from] item: Leftovers","|upkeep","|turn|23","||adding 10 for new turn","|","|t:|1752977824","|switch|p1a: Swampert|Swampert, M|252/404","|-damage|p1a: Swampert|202/404|[from] Spikes","|move|p2a: Claydol|Earthquake|p1a: Swampert","|-damage|p1a: Swampert|85/404","|","|-heal|p1a: Swampert|287/404|[from] move: Wish|[wisher] Blissey","|-weather|Sandstorm|[upkeep]","|-heal|p1a: Swampert|312/404|[from] item: Leftovers","|upkeep","|turn|24","||adding 10 for new turn","|","|t:|1752977832","|move|p1a: Swampert|Protect|p1a: Swampert","|-singleturn|p1a: Swampert|Protect","|move|p2a: Claydol|Earthquake|p1a: Swampert","|-activate|p1a: Swampert|Protect","|","|-weather|Sandstorm|[upkeep]","|-heal|p1a: Swampert|337/404|[from] item: Leftovers","|upkeep","|turn|25","||adding 10 for new turn","|","|t:|1752977840","|move|p2a: Claydol|Earthquake|p1a: Swampert","|-damage|p1a: Swampert|231/404","|move|p1a: Swampert|Surf|p2a: Claydol","|-supereffective|p2a: Claydol","|-damage|p2a: Claydol|154/317","|","|-weather|Sandstorm|[upkeep]","|-heal|p2a: Claydol|173/317|[from] item: Leftovers","|-heal|p1a: Swampert|256/404|[from] item: Leftovers","|upkeep","|turn|26","||adding 10 for new turn","|","|t:|1752977848","|move|p1a: Swampert|Protect|p1a: Swampert","|-singleturn|p1a: Swampert|Protect","|move|p2a: Claydol|Earthquake|p1a: Swampert","|-activate|p1a: Swampert|Protect","|","|-weather|Sandstorm|[upkeep]","|-heal|p2a: Claydol|192/317|[from] item: Leftovers","|-heal|p1a: Swampert|281/404|[from] item: Leftovers","|upkeep","|turn|27","||adding 10 for new turn","|","|t:|1752977855","|move|p1a: Swampert|Protect||[still]","|-fail|p1a: Swampert","|move|p2a: Claydol|Earthquake|p1a: Swampert","|-damage|p1a: Swampert|168/404","|","|-weather|Sandstorm|[upkeep]","|-heal|p2a: Claydol|211/317|[from] item: Leftovers","|-heal|p1a: Swampert|193/404|[from] item: Leftovers","|upkeep","|turn|28","||adding 10 for new turn","|","|t:|1752977863","|move|p1a: Swampert|Protect|p1a: Swampert","|-singleturn|p1a: Swampert|Protect","|move|p2a: Claydol|Earthquake|p1a: Swampert","|-activate|p1a: Swampert|Protect","|","|-weather|Sandstorm|[upkeep]","|-heal|p2a: Claydol|230/317|[from] item: Leftovers","|-heal|p1a: Swampert|218/404|[from] item: Leftovers","|upkeep","|turn|29","||adding 10 for new turn","|","|t:|1752977871","|move|p1a: Swampert|Protect|p1a: Swampert","|-singleturn|p1a: Swampert|Protect","|move|p2a: Claydol|Earthquake|p1a: Swampert","|-activate|p1a: Swampert|Protect","|","|-weather|Sandstorm|[upkeep]","|-heal|p2a: Claydol|249/317|[from] item: Leftovers","|-heal|p1a: Swampert|243/404|[from] item: Leftovers","|upkeep","|turn|30","||adding 10 for new turn","|","|t:|1752977878","|move|p1a: Swampert|Protect||[still]","|-fail|p1a: Swampert","|move|p2a: Claydol|Earthquake|p1a: Swampert","|-damage|p1a: Swampert|136/404","|","|-weather|Sandstorm|[upkeep]","|-heal|p2a: Claydol|268/317|[from] item: Leftovers","|-heal|p1a: Swampert|161/404|[from] item: Leftovers","|upkeep","|turn|31","||adding 10 for new turn","|","|t:|1752977886","|move|p1a: Swampert|Protect|p1a: Swampert","|-singleturn|p1a: Swampert|Protect","|move|p2a: Claydol|Earthquake|p1a: Swampert","|-activate|p1a: Swampert|Protect","|","|-weather|Sandstorm|[upkeep]","|-heal|p2a: Claydol|287/317|[from] item: Leftovers","|-heal|p1a: Swampert|186/404|[from] item: Leftovers","|upkeep","|turn|32","||adding 10 for new turn","|","|t:|1752977894","|move|p2a: Claydol|Earthquake|p1a: Swampert","|-damage|p1a: Swampert|73/404","|move|p1a: Swampert|Surf|p2a: Claydol","|-supereffective|p2a: Claydol","|-damage|p2a: Claydol|15/317","|","|-weather|Sandstorm|[upkeep]","|-heal|p2a: Claydol|34/317|[from] item: Leftovers","|-heal|p1a: Swampert|98/404|[from] item: Leftovers","|upkeep","|turn|33","||adding 10 for new turn","|","|t:|1752977902","|move|p1a: Swampert|Protect|p1a: Swampert","|-singleturn|p1a: Swampert|Protect","|move|p2a: Claydol|Psychic|p1a: Swampert","|-activate|p1a: Swampert|Protect","|","|-weather|Sandstorm|[upkeep]","|-heal|p2a: Claydol|53/317|[from] item: Leftovers","|-heal|p1a: Swampert|123/404|[from] item: Leftovers","|upkeep","|turn|34","||adding 10 for new turn","|","|t:|1752977909","|move|p1a: Swampert|Protect||[still]","|-fail|p1a: Swampert","|move|p2a: Claydol|Psychic|p1a: Swampert","|-damage|p1a: Swampert|43/404","|","|-weather|Sandstorm|[upkeep]","|-heal|p2a: Claydol|72/317|[from] item: Leftovers","|-heal|p1a: Swampert|68/404|[from] item: Leftovers","|upkeep","|turn|35","||adding 10 for new turn","|","|t:|1752977916","|move|p1a: Swampert|Protect|p1a: Swampert","|-singleturn|p1a: Swampert|Protect","|move|p2a: Claydol|Psychic|p1a: Swampert","|-activate|p1a: Swampert|Protect","|","|-weather|Sandstorm|[upkeep]","|-heal|p2a: Claydol|91/317|[from] item: Leftovers","|-heal|p1a: Swampert|93/404|[from] item: Leftovers","|upkeep","|turn|36","||adding 10 for new turn","|","|t:|1752977924","|move|p1a: Swampert|Protect||[still]","|-fail|p1a: Swampert","|move|p2a: Claydol|Psychic|p1a: Swampert","|-damage|p1a: Swampert|13/404","|","|-weather|Sandstorm|[upkeep]","|-heal|p2a: Claydol|110/317|[from] item: Leftovers","|-heal|p1a: Swampert|38/404|[from] item: Leftovers","|upkeep","|turn|37","||adding 10 for new turn","|","|t:|1752977931","|move|p1a: Swampert|Protect|p1a: Swampert","|-singleturn|p1a: Swampert|Protect","|move|p2a: Claydol|Psychic|p1a: Swampert","|-activate|p1a: Swampert|Protect","|","|-weather|Sandstorm|[upkeep]","|-heal|p2a: Claydol|129/317|[from] item: Leftovers","|-heal|p1a: Swampert|63/404|[from] item: Leftovers","|upkeep","|turn|38","||adding 10 for new turn","|","|t:|1752977938","|move|p1a: Swampert|Protect||[still]","|-fail|p1a: Swampert","|move|p2a: Claydol|Psychic|p1a: Swampert","|-damage|p1a: Swampert|0 fnt","|faint|p1a: Swampert","||adding 5 to each for mid turn request","|","|t:|1752977942","|switch|p1a: Blissey|Blissey, F|164/652","|-damage|p1a: Blissey|83/652|[from] Spikes","|","|-weather|Sandstorm|[upkeep]","|-damage|p1a: Blissey|43/652|[from] Sandstorm","|-heal|p2a: Claydol|148/317|[from] item: Leftovers","|-heal|p1a: Blissey|83/652|[from] item: Leftovers","|upkeep","|turn|39","||adding 10 for new turn","|","|t:|1752977945","|switch|p2a: Dugtrio|Dugtrio, F|211/211","|move|p1a: Blissey|Protect||[still]","|-fail|p1a: Blissey","|","|-weather|Sandstorm|[upkeep]","|-damage|p1a: Blissey|43/652|[from] Sandstorm","|-heal|p1a: Blissey|83/652|[from] item: Leftovers","|upkeep","|turn|40","||adding 10 for new turn","|","|t:|1752977952","|move|p1a: Blissey|Protect|p1a: Blissey","|-singleturn|p1a: Blissey|Protect","|move|p2a: Dugtrio|Hidden Power|p1a: Blissey","|-activate|p1a: Blissey|Protect","|","|-weather|Sandstorm|[upkeep]","|-damage|p1a: Blissey|43/652|[from] Sandstorm","|-heal|p1a: Blissey|83/652|[from] item: Leftovers","|upkeep","|turn|41","||adding 10 for new turn","|","|t:|1752977958","|move|p1a: Blissey|Protect|p1a: Blissey","|-singleturn|p1a: Blissey|Protect","|move|p2a: Dugtrio|Hidden Power|p1a: Blissey","|-activate|p1a: Blissey|Protect","|","|-weather|Sandstorm|[upkeep]","|-damage|p1a: Blissey|43/652|[from] Sandstorm","|-heal|p1a: Blissey|83/652|[from] item: Leftovers","|upkeep","|turn|42","||adding 10 for new turn","|","|t:|1752977963","|move|p1a: Blissey|Protect||[still]","|-fail|p1a: Blissey","|move|p2a: Dugtrio|Hidden Power|p1a: Blissey","|-damage|p1a: Blissey|0 fnt","|faint|p1a: Blissey","|","|win|foultestacceptor1",""],"p1rating":null,"p2rating":null,"endType":"normal","ladderError":true,"timestamp":"Sat Jul 19 2025 19:19:23 GMT-0700 (アメリカ太平洋夏時間)","roomid":"battle-gen3ou-1034","format":"gen3ou"}