{"winner":"foultestacceptor1","seed":"sodium,a18f564a40e3aad92abed1a00f982549","turns":40,"p1":"foultestchallenge1","p2":"foultestacceptor1","p1team":[{"name":"Zapdos","species":"Zapdos","item":"Leftovers","ability":"Pressure","moves":["Thunderbolt","Hidden Power Grass","Baton Pass","Roar"],"nature":"Modest","evs":{"hp":0,"atk":0,"def":0,"spa":220,"spd":48,"spe":240},"gender":"N","ivs":{"hp":31,"atk":2,"def":31,"spa":30,"spd":31,"spe":31},"happiness":255,"hpType":"Grass","pokeball":"","gigantamax":false,"dynamaxLevel":10,"teraType":"","level":100},{"name":"Metagross","species":"Metagross","item":"Choice Band","ability":"Clear Body","moves":["Meteor Mash","Explosion","Earthquake","Rock Slide"],"nature":"Adamant","evs":{"hp":128,"atk":252,"def":0,"spa":0,"spd":0,"spe":128},"gender":"N","level":100,"ivs":{"hp":31,"atk":31,"def":31,"spa":31,"spd":31,"spe":31}},{"name":"Celebi","species":"Celebi","item":"Leftovers","ability":"Natural Cure","moves":["Calm Mind","Giga Drain","Hidden Power Ice","Baton Pass"],"nature":"Timid","evs":{"hp":208,"atk":0,"def":84,"spa":36,"spd":0,"spe":180},"gender":"N","ivs":{"hp":31,"atk":3,"def":31,"spa":31,"spd":31,"spe":30},"happiness":255,"hpType":"Ice","pokeball":"","gigantamax":false,"dynamaxLevel":10,"teraType":"","level":100},{"name":"Gengar","species":"Gengar","item":"Leftovers","ability":"Levitate","moves":["Thunderbolt","Ice Punch","Giga Drain","Explosion"],"nature":"Timid","evs":{"hp":8,"atk":0,"def":200,"spa":116,"spd":0,"spe":184},"gender":"M","level":100,"ivs":{"hp":31,"atk":31,"def":31,"spa":31,"spd":31,"spe":31}},{"name":"Swampert","species":"Swampert","item":"Leftovers","ability":"Torrent","moves":["Hydro Pump","Earthquake","Ice Beam","Refresh"],"nature":"Quiet","evs":{"hp":240,"atk":0,"def":12,"spa":216,"spd":0,"spe":40},"gender":"M","level":100,"ivs":{"hp":31,"atk":31,"def":31,"spa":31,"spd":31,"spe":31}},{"name":"Charizard","species":"Charizard","item":"Leftovers","ability":"Blaze","moves":["Substitute","Hidden Power Grass","Fire Blast","Focus Punch"],"nature":"Mild","evs":{"hp":0,"atk":4,"def":0,"spa":252,"spd":0,"spe":252},"gender":"M","ivs":{"hp":31,"atk":30,"def":31,"spa":30,"spd":31,"spe":31},"happiness":255,"hpType":"Grass","pokeball":"","gigantamax":false,"dynamaxLevel":10,"teraType":"","level":100}],"p2team":[{"name":"Skarmory","species":"Skarmory","item":"Leftovers","ability":"Keen Eye","moves":["Spikes","Protect","Roar","Toxic"],"nature":"Careful","evs":{"hp":252,"atk":0,"def":8,"spa":0,"spd":248,"spe":0},"gender":"F","ivs":{"hp":31,"atk":0,"def":31,"spa":31,"spd":31,"spe":31},"level":100},{"name":"Blissey","species":"Blissey","item":"Leftovers","ability":"Natural Cure","moves":["Soft-Boiled","Ice Beam","Toxic","Fire Blast"],"nature":"Modest","evs":{"hp":0,"atk":0,"def":252,"spa":252,"spd":0,"spe":4},"gender":"F","ivs":{"hp":31,"atk":0,"def":31,"spa":31,"spd":31,"spe":31},"shiny":true,"level":100},{"name":"Tyranitar","species":"Tyranitar","item":"Leftovers","ability":"Sand Stream","moves":["Focus Punch","Rock Slide","Hidden Power Bug","Earthquake"],"nature":"Adamant","evs":{"hp":248,"atk":196,"def":12,"spa":0,"spd":52,"spe":0},"gender":"F","ivs":{"hp":31,"atk":30,"def":30,"spa":31,"spd":30,"spe":31},"happiness":255,"hpType":"Bug","pokeball":"","gigantamax":false,"dynamaxLevel":10,"teraType":"","level":100},{"name":"Swampert","species":"Swampert","item":"Leftovers","ability":"Torrent","moves":["Earthquake","Ice Beam","Hydro Pump","Protect"],"nature":"Relaxed","evs":{"hp":240,"atk":0,"def":136,"spa":40,"spd":48,"spe":44},"gender":"F","level":100,"ivs":{"hp":31,"atk":31,"def":31,"spa":31,"spd":31,"spe":31}},{"name":"Gengar","species":"Gengar","item":"Leftovers","ability":"Levitate","moves":["Will-O-Wisp","Thunderbolt","Ice Punch","Explosion"],"nature":"Timid","evs":{"hp":168,"atk":0,"def":0,"spa":0,"spd":164,"spe":176},"gender":"F","level":100,"ivs":{"hp":31,"atk":31,"def":31,"spa":31,"spd":31,"spe":31}},{"name":"Starmie","species":"Starmie","item":"Leftovers","ability":"Natural Cure","moves":["Hydro Pump","Ice Beam","Thunderbolt","Rapid Spin"],"nature":"Timid","evs":{"hp":4,"atk":0,"def":0,"spa":252,"spd":0,"spe":252},"gender":"N","ivs":{"hp":31,"atk":0,"def":31,"spa":31,"spd":31,"spe":31},"level":100}],"score":[0,1],"inputLog":[">version 372d05e49c92a79eecdf6c8dddb208bd1765c00f",">start {\"formatid\":\"gen3ou\",\"seed\":\"sodium,a18f564a40e3aad92abed1a00f982549\"}",">player p1 {\"name\":\"foultestchallenge1\",\"avatar\":\"1\",\"team\":\"Zapdos||Leftovers|Pressure|Thunderbolt,HiddenPowerGrass,BatonPass,Roar|Modest|,,,220,48,240|N|,2,,30,,|||,Grass,,,,]Metagross||ChoiceBand|ClearBody|MeteorMash,Explosion,Earthquake,RockSlide|Adamant|128,252,,,,128|N||||]Celebi||Leftovers|NaturalCure|CalmMind,GigaDrain,HiddenPowerIce,BatonPass|Timid|208,,84,36,,180|N|,3,,,,30|||,Ice,,,,]Gengar||Leftovers|Levitate|Thunderbolt,IcePunch,GigaDrain,Explosion|Timid|8,,200,116,,184|M||||]Swampert||Leftovers|Torrent|HydroPump,Earthquake,IceBeam,Refresh|Quiet|240,,12,216,,40|M||||]Charizard||Leftovers|Blaze|Substitute,HiddenPowerGrass,FireBlast,FocusPunch|Mild|,4,,252,,252|M|,30,,30,,|||,Grass,,,,\",\"rating\":0}",">player p2 {\"name\":\"foultestacceptor1\",\"avatar\":\"169\",\"team\":\"Skarmory||Leftovers|KeenEye|Spikes,Protect,Roar,Toxic|Careful|252,,8,,248,|F|,0,,,,|||]Blissey||Leftovers|NaturalCure|SoftBoiled,IceBeam,Toxic,FireBlast|Modest|,,252,252,,4|F|,0,,,,|S||]Tyranitar||Leftovers|SandStream|FocusPunch,RockSlide,HiddenPowerBug,Earthquake|Adamant|248,196,12,,52,|F|,30,30,,30,|||,Bug,,,,]Swampert||Leftovers|Torrent|Earthquake,IceBeam,HydroPump,Protect|Relaxed|240,,136,40,48,44|F||||]Gengar||Leftovers|Levitate|WillOWisp,Thunderbolt,IcePunch,Explosion|Timid|168,,,,164,176|F||||]Starmie||Leftovers|NaturalCure|HydroPump,IceBeam,Thunderbolt,RapidSpin|Timid|4,,,252,,252|N|,0,,,,|||\",\"rating\":0}",">p1 move thunderbolt",">p2 switch 2",">p1 switch 2",">p2 move fireblast",">p1 move explosion",">p2 switch 4",">p1 switch 5",">p2 switch 4",">p1 move earthquake",">p2 move toxic",">p1 move earthquake",">p2 move softboiled",">p1 move earthquake",">p2 move toxic",">p1 move earthquake",">p2 move softboiled",">p1 move earthquake",">p2 move softboiled",">p1 move earthquake",">p2 move toxic",">p1 move refresh",">p2 move softboiled",">p1 move earthquake",">p2 move toxic",">p1 move refresh",">p2 move softboiled",">p1 move earthquake",">p2 move icebeam",">p1 move earthquake",">p2 move softboiled",">p1 move earthquake",">p2 move toxic",">p1 move refresh",">p2 move softboiled",">p1 move earthquake",">p2 move icebeam",">p1 move earthquake",">p2 move softboiled",">p1 move earthquake",">p2 move icebeam",">p1 move earthquake",">p2 move softboiled",">p1 move earthquake",">p2 move softboiled",">p1 move earthquake",">p2 move icebeam",">p1 move earthquake",">p2 move softboiled",">p2 switch 6",">p1 move hydropump",">p2 move hydropump",">p1 switch 2",">p1 move thunderbolt",">p2 switch 3",">p1 move thunderbolt",">p2 move rockslide",">p1 switch 4",">p1 move thunderbolt",">p2 move rockslide",">p2 switch 5",">p1 move thunderbolt",">p2 move thunderbolt",">p1 move thunderbolt",">p2 move icepunch",">p2 switch 3",">p1 move explosion",">p2 move hydropump",">p1 switch 3",">p1 move calmmind",">p2 move icebeam",">p1 move batonpass",">p2 switch 2",">p1 switch 6",">p1 move fireblast",">p2 switch 2",">p1 move hiddenpower",">p2 move hydropump",">p2 switch 2",">p1 move fireblast",">p2 move toxic",">p1 move fireblast",">p2 move protect",">p1 switch 6",">p1 move hiddenpower",">p2 move toxic",">p1 move hiddenpower",">p2 move protect",">p1 move calmmind",">p2 move spikes",">p1 move calmmind",">p2 move spikes"],"log":["|j|☆foultestchallenge1","|j|☆foultestacceptor1","|t:|1752972126","|gametype|singles","|player|p1|foultestchallenge1|1|","|player|p2|foultestacceptor1|169|","|teamsize|p1|6","|teamsize|p2|6","|gen|3","|tier|[Gen 3] OU","|rule|Sleep Clause Mod: Limit one foe put to sleep","|rule|Switch Priority Clause Mod: Faster Pokémon switch first","|rule|Species Clause: Limit one of each Pokémon","|rule|OHKO Clause: OHKO moves are banned","|rule|Evasion Items Clause: Evasion items are banned","|rule|Evasion Moves Clause: Evasion moves are banned","|rule|Endless Battle Clause: Forcing endless battles is banned","|rule|HP Percentage Mod: HP is shown in percentages","|rule|One Boost Passer Clause: Limit one Baton Passer that has a way to boost its stats","|rule|Freeze Clause Mod: Limit one foe frozen","|","|t:|1752972126","|start","|switch|p1a: Zapdos|Zapdos|321/321","|switch|p2a: Skarmory|Skarmory, F|334/334","|-ability|p1a: Zapdos|Pressure|[silent]","|turn|1","|inactive|Battle timer is ON: inactive players will automatically lose when time's up. (requested by foultestacceptor1)","|inactive|foultestchallenge1 also wants the timer to be on.","|","|t:|1752972135","|switch|p2a: Blissey|Blissey, F, shiny|651/651","|move|p1a: Zapdos|Thunderbolt|p2a: Blissey","|-damage|p2a: Blissey|512/651","|","|-heal|p2a: Blissey|552/651|[from] item: Leftovers","|upkeep","|turn|2","||adding 10 for new turn","|","|t:|1752972143","|switch|p1a: Metagross|Metagross|333/333","|move|p2a: Blissey|Fire Blast|p1a: Metagross","|-supereffective|p1a: Metagross","|-damage|p1a: Metagross|91/333","|","|-heal|p2a: Blissey|592/651|[from] item: Leftovers","|upkeep","|turn|3","||adding 10 for new turn","|","|t:|1752972151","|switch|p2a: Swampert|Swampert, F|401/401","|move|p1a: Metagross|Explosion|p2a: Swampert","|-damage|p2a: Swampert|0 fnt","|faint|p1a: Metagross","|faint|p2a: Swampert","||adding 5 to each for mid turn request","|","|t:|1752972160","|switch|p1a: Swampert|Swampert, M|401/401","|switch|p2a: Blissey|Blissey, F, shiny|592/651","|","|-heal|p2a: Blissey|632/651|[from] item: Leftovers","|upkeep","|turn|4","||adding 10 for new turn","|","|t:|1752972168","|move|p1a: Swampert|Earthquake|p2a: Blissey","|-damage|p2a: Blissey|400/651","|move|p2a: Blissey|Toxic|p1a: Swampert|[miss]","|-miss|p2a: Blissey|p1a: Swampert","|","|-heal|p2a: Blissey|440/651|[from] item: Leftovers","|upkeep","|turn|5","||adding 10 for new turn","|","|t:|1752972176","|move|p1a: Swampert|Earthquake|p2a: Blissey","|-damage|p2a: Blissey|170/651","|move|p2a: Blissey|Soft-Boiled|p2a: Blissey","|-heal|p2a: Blissey|495/651","|","|-heal|p2a: Blissey|535/651|[from] item: Leftovers","|upkeep","|turn|6","||adding 10 for new turn","|","|t:|1752972185","|move|p1a: Swampert|Earthquake|p2a: Blissey","|-damage|p2a: Blissey|301/651","|move|p2a: Blissey|Toxic|p1a: Swampert|[miss]","|-miss|p2a: Blissey|p1a: Swampert","|","|-heal|p2a: Blissey|341/651|[from] item: Leftovers","|upkeep","|turn|7","||adding 10 for new turn","|","|t:|1752972193","|move|p1a: Swampert|Earthquake|p2a: Blissey","|-damage|p2a: Blissey|88/651","|move|p2a: Blissey|Soft-Boiled|p2a: Blissey","|-heal|p2a: Blissey|413/651","|","|-heal|p2a: Blissey|453/651|[from] item: Leftovers","|upkeep","|turn|8","||adding 10 for new turn","|","|t:|1752972201","|move|p1a: Swampert|Earthquake|p2a: Blissey","|-damage|p2a: Blissey|208/651","|move|p2a: Blissey|Soft-Boiled|p2a: Blissey","|-heal|p2a: Blissey|533/651","|","|-heal|p2a: Blissey|573/651|[from] item: Leftovers","|upkeep","|turn|9","||adding 10 for new turn","|","|t:|1752972209","|move|p1a: Swampert|Earthquake|p2a: Blissey","|-damage|p2a: Blissey|341/651","|move|p2a: Blissey|Toxic|p1a: Swampert","|-status|p1a: Swampert|tox","|","|-damage|p1a: Swampert|376/401 tox|[from] psn","|-heal|p2a: Blissey|381/651|[from] item: Leftovers","|upkeep","|turn|10","||adding 10 for new turn","|","|t:|1752972217","|move|p1a: Swampert|Refresh|p1a: Swampert","|-curestatus|p1a: Swampert|tox|[msg]","|move|p2a: Blissey|Soft-Boiled|p2a: Blissey","|-heal|p2a: Blissey|651/651","|","|-heal|p1a: Swampert|401/401|[from] item: Leftovers","|upkeep","|turn|11","||adding 10 for new turn","|","|t:|1752972225","|move|p1a: Swampert|Earthquake|p2a: Blissey","|-damage|p2a: Blissey|406/651","|move|p2a: Blissey|Toxic|p1a: Swampert","|-status|p1a: Swampert|tox","|","|-damage|p1a: Swampert|376/401 tox|[from] psn","|-heal|p2a: Blissey|446/651|[from] item: Leftovers","|upkeep","|turn|12","||adding 10 for new turn","|","|t:|1752972233","|move|p1a: Swampert|Refresh|p1a: Swampert","|-curestatus|p1a: Swampert|tox|[msg]","|move|p2a: Blissey|Soft-Boiled|p2a: Blissey","|-heal|p2a: Blissey|651/651","|","|-heal|p1a: Swampert|401/401|[from] item: Leftovers","|upkeep","|turn|13","||adding 10 for new turn","|","|t:|1752972241","|move|p1a: Swampert|Earthquake|p2a: Blissey","|-damage|p2a: Blissey|414/651","|move|p2a: Blissey|Ice Beam|p1a: Swampert","|-damage|p1a: Swampert|312/401","|","|-heal|p1a: Swampert|337/401|[from] item: Leftovers","|-heal|p2a: Blissey|454/651|[from] item: Leftovers","|upkeep","|turn|14","||adding 10 for new turn","|","|t:|1752972249","|move|p1a: Swampert|Earthquake|p2a: Blissey","|-damage|p2a: Blissey|198/651","|move|p2a: Blissey|Soft-Boiled|p2a: Blissey","|-heal|p2a: Blissey|523/651","|","|-heal|p1a: Swampert|362/401|[from] item: Leftovers","|-heal|p2a: Blissey|563/651|[from] item: Leftovers","|upkeep","|turn|15","||adding 10 for new turn","|","|t:|1752972257","|move|p1a: Swampert|Earthquake|p2a: Blissey","|-damage|p2a: Blissey|323/651","|move|p2a: Blissey|Toxic|p1a: Swampert","|-status|p1a: Swampert|tox","|","|-heal|p1a: Swampert|387/401 tox|[from] item: Leftovers","|-damage|p1a: Swampert|362/401 tox|[from] psn","|-heal|p2a: Blissey|363/651|[from] item: Leftovers","|upkeep","|turn|16","||adding 10 for new turn","|","|t:|1752972265","|move|p1a: Swampert|Refresh|p1a: Swampert","|-curestatus|p1a: Swampert|tox|[msg]","|move|p2a: Blissey|Soft-Boiled|p2a: Blissey","|-heal|p2a: Blissey|651/651","|","|-heal|p1a: Swampert|387/401|[from] item: Leftovers","|upkeep","|turn|17","||adding 10 for new turn","|","|t:|1752972273","|move|p1a: Swampert|Earthquake|p2a: Blissey","|-crit|p2a: Blissey","|-damage|p2a: Blissey|160/651","|move|p2a: Blissey|Ice Beam|p1a: Swampert","|-crit|p1a: Swampert","|-damage|p1a: Swampert|202/401","|-status|p1a: Swampert|frz","|","|-heal|p1a: Swampert|227/401 frz|[from] item: Leftovers","|-heal|p2a: Blissey|200/651|[from] item: Leftovers","|upkeep","|turn|18","||adding 10 for new turn","|","|t:|1752972282","|cant|p1a: Swampert|frz","|move|p2a: Blissey|Soft-Boiled|p2a: Blissey","|-heal|p2a: Blissey|525/651","|","|-heal|p1a: Swampert|252/401 frz|[from] item: Leftovers","|-heal|p2a: Blissey|565/651|[from] item: Leftovers","|upkeep","|turn|19","||adding 10 for new turn","|","|t:|1752972290","|-curestatus|p1a: Swampert|frz|[msg]","|move|p1a: Swampert|Earthquake|p2a: Blissey","|-damage|p2a: Blissey|303/651","|move|p2a: Blissey|Ice Beam|p1a: Swampert","|-damage|p1a: Swampert|155/401","|","|-heal|p1a: Swampert|180/401|[from] item: Leftovers","|-heal|p2a: Blissey|343/651|[from] item: Leftovers","|upkeep","|turn|20","||adding 10 for new turn","|","|t:|1752972298","|move|p1a: Swampert|Earthquake|p2a: Blissey","|-damage|p2a: Blissey|109/651","|move|p2a: Blissey|Soft-Boiled|p2a: Blissey","|-heal|p2a: Blissey|434/651","|","|-heal|p1a: Swampert|205/401|[from] item: Leftovers","|-heal|p2a: Blissey|474/651|[from] item: Leftovers","|upkeep","|turn|21","||adding 10 for new turn","|","|t:|1752972306","|move|p1a: Swampert|Earthquake|p2a: Blissey","|-damage|p2a: Blissey|234/651","|move|p2a: Blissey|Soft-Boiled|p2a: Blissey","|-heal|p2a: Blissey|559/651","|","|-heal|p1a: Swampert|230/401|[from] item: Leftovers","|-heal|p2a: Blissey|599/651|[from] item: Leftovers","|upkeep","|turn|22","||adding 10 for new turn","|","|t:|1752972314","|move|p1a: Swampert|Earthquake|p2a: Blissey","|-damage|p2a: Blissey|329/651","|move|p2a: Blissey|Ice Beam|p1a: Swampert","|-damage|p1a: Swampert|141/401","|","|-heal|p1a: Swampert|166/401|[from] item: Leftovers","|-heal|p2a: Blissey|369/651|[from] item: Leftovers","|upkeep","|turn|23","||adding 10 for new turn","|","|t:|1752972322","|move|p1a: Swampert|Earthquake|p2a: Blissey","|-crit|p2a: Blissey","|-damage|p2a: Blissey|0 fnt","|faint|p2a: Blissey","||adding 5 to each for mid turn request","|","|t:|1752972330","|switch|p2a: Starmie|Starmie|262/262","|","|-heal|p1a: Swampert|191/401|[from] item: Leftovers","|upkeep","|turn|24","||adding 10 for new turn","|","|t:|1752972338","|move|p2a: Starmie|Hydro Pump|p1a: Swampert","|-damage|p1a: Swampert|0 fnt","|faint|p1a: Swampert","||adding 5 to each for mid turn request","|","|t:|1752972346","|switch|p1a: Zapdos|Zapdos|321/321","|-ability|p1a: Zapdos|Pressure|[silent]","|","|upkeep","|turn|25","||adding 10 for new turn","|","|t:|1752972354","|switch|p2a: Tyranitar|Tyranitar, F|403/403","|-weather|Sandstorm|[from] ability: Sand Stream|[of] p2a: Tyranitar","|move|p1a: Zapdos|Thunderbolt|p2a: Tyranitar","|-damage|p2a: Tyranitar|226/403","|","|-weather|Sandstorm|[upkeep]","|-damage|p1a: Zapdos|301/321|[from] Sandstorm","|-heal|p1a: Zapdos|321/321|[from] item: Leftovers","|-heal|p2a: Tyranitar|251/403|[from] item: Leftovers","|upkeep","|turn|26","||adding 10 for new turn","|","|t:|1752972362","|move|p1a: Zapdos|Thunderbolt|p2a: Tyranitar","|-damage|p2a: Tyranitar|70/403","|move|p2a: Tyranitar|Rock Slide|p1a: Zapdos","|-supereffective|p1a: Zapdos","|-damage|p1a: Zapdos|15/321","|","|-weather|Sandstorm|[upkeep]","|-damage|p1a: Zapdos|0 fnt|[from] Sandstorm","|faint|p1a: Zapdos","|-heal|p2a: Tyranitar|95/403|[from] item: Leftovers","|upkeep","||adding 5 to each for mid turn request","|","|t:|1752972371","|switch|p1a: Gengar|Gengar, M|263/263","|turn|27","||adding 10 for new turn","|","|t:|1752972378","|move|p1a: Gengar|Thunderbolt|p2a: Tyranitar","|-damage|p2a: Tyranitar|0 fnt","|faint|p2a: Tyranitar","||adding 5 to each for mid turn request","|","|t:|1752972386","|switch|p2a: Gengar|Gengar, F|303/303","|","|-weather|Sandstorm|[upkeep]","|-damage|p1a: Gengar|247/263|[from] Sandstorm","|-damage|p2a: Gengar|285/303|[from] Sandstorm","|-heal|p1a: Gengar|263/263|[from] item: Leftovers","|-heal|p2a: Gengar|303/303|[from] item: Leftovers","|upkeep","|turn|28","||adding 10 for new turn","|","|t:|1752972395","|move|p1a: Gengar|Thunderbolt|p2a: Gengar","|-crit|p2a: Gengar","|-damage|p2a: Gengar|92/303","|move|p2a: Gengar|Thunderbolt|p1a: Gengar","|-damage|p1a: Gengar|147/263","|","|-weather|Sandstorm|[upkeep]","|-damage|p1a: Gengar|131/263|[from] Sandstorm","|-damage|p2a: Gengar|74/303|[from] Sandstorm","|-heal|p1a: Gengar|147/263|[from] item: Leftovers","|-heal|p2a: Gengar|92/303|[from] item: Leftovers","|upkeep","|turn|29","||adding 10 for new turn","|","|t:|1752972403","|move|p1a: Gengar|Thunderbolt|p2a: Gengar","|-damage|p2a: Gengar|0 fnt","|faint|p2a: Gengar","||adding 5 to each for mid turn request","|","|t:|1752972411","|switch|p2a: Starmie|Starmie|262/262","|","|-weather|Sandstorm|[upkeep]","|-damage|p2a: Starmie|246/262|[from] Sandstorm","|-damage|p1a: Gengar|131/263|[from] Sandstorm","|-heal|p2a: Starmie|262/262|[from] item: Leftovers","|-heal|p1a: Gengar|147/263|[from] item: Leftovers","|upkeep","|turn|30","||adding 10 for new turn","|","|t:|1752972419","|move|p2a: Starmie|Hydro Pump|p1a: Gengar","|-damage|p1a: Gengar|0 fnt","|faint|p1a: Gengar","||adding 5 to each for mid turn request","|","|t:|1752972426","|switch|p1a: Celebi|Celebi|393/393","|","|-weather|Sandstorm|[upkeep]","|-damage|p2a: Starmie|246/262|[from] Sandstorm","|-damage|p1a: Celebi|369/393|[from] Sandstorm","|-heal|p2a: Starmie|262/262|[from] item: Leftovers","|-heal|p1a: Celebi|393/393|[from] item: Leftovers","|upkeep","|turn|31","||adding 10 for new turn","|","|t:|1752972434","|move|p2a: Starmie|Ice Beam|p1a: Celebi","|-supereffective|p1a: Celebi","|-damage|p1a: Celebi|198/393","|move|p1a: Celebi|Calm Mind|p1a: Celebi","|-boost|p1a: Celebi|spa|1","|-boost|p1a: Celebi|spd|1","|","|-weather|Sandstorm|[upkeep]","|-damage|p2a: Starmie|246/262|[from] Sandstorm","|-damage|p1a: Celebi|174/393|[from] Sandstorm","|-heal|p2a: Starmie|262/262|[from] item: Leftovers","|-heal|p1a: Celebi|198/393|[from] item: Leftovers","|upkeep","|turn|32","||adding 10 for new turn","|","|t:|1752972442","|switch|p2a: Skarmory|Skarmory, F|334/334","|move|p1a: Celebi|Baton Pass|p1a: Celebi","||adding 5 to each for mid turn request","|","|t:|1752972449","|switch|p1a: Charizard|Charizard, M|297/297|[from] Baton Pass","|","|-weather|Sandstorm|[upkeep]","|-damage|p1a: Charizard|279/297|[from] Sandstorm","|-heal|p1a: Charizard|297/297|[from] item: Leftovers","|upkeep","|turn|33","||adding 10 for new turn","|","|t:|1752972456","|switch|p2a: Starmie|Starmie|262/262","|move|p1a: Charizard|Fire Blast|p2a: Starmie","|-resisted|p2a: Starmie","|-damage|p2a: Starmie|86/262","|","|-weather|Sandstorm|[upkeep]","|-damage|p2a: Starmie|70/262|[from] Sandstorm","|-damage|p1a: Charizard|279/297|[from] Sandstorm","|-heal|p2a: Starmie|86/262|[from] item: Leftovers","|-heal|p1a: Charizard|297/297|[from] item: Leftovers","|upkeep","|turn|34","||adding 10 for new turn","|","|t:|1752972464","|move|p2a: Starmie|Hydro Pump|p1a: Charizard","|-supereffective|p1a: Charizard","|-damage|p1a: Charizard|28/297","|move|p1a: Charizard|Hidden Power|p2a: Starmie","|-supereffective|p2a: Starmie","|-damage|p2a: Starmie|0 fnt","|faint|p2a: Starmie","||adding 5 to each for mid turn request","|","|t:|1752972470","|switch|p2a: Skarmory|Skarmory, F|334/334","|","|-weather|Sandstorm|[upkeep]","|-damage|p1a: Charizard|10/297|[from] Sandstorm","|-heal|p1a: Charizard|28/297|[from] item: Leftovers","|upkeep","|turn|35","||adding 10 for new turn","|","|t:|1752972478","|move|p1a: Charizard|Fire Blast|p2a: Skarmory|[miss]","|-miss|p1a: Charizard|p2a: Skarmory","|move|p2a: Skarmory|Toxic|p1a: Charizard","|-status|p1a: Charizard|tox","|","|-weather|Sandstorm|[upkeep]","|-damage|p1a: Charizard|10/297 tox|[from] Sandstorm","|-heal|p1a: Charizard|28/297 tox|[from] item: Leftovers","|-damage|p1a: Charizard|10/297 tox|[from] psn","|upkeep","|turn|36","||adding 10 for new turn","|","|t:|1752972485","|move|p2a: Skarmory|Protect|p2a: Skarmory","|-singleturn|p2a: Skarmory|Protect","|move|p1a: Charizard|Fire Blast|p2a: Skarmory","|-activate|p2a: Skarmory|Protect","|","|-weather|Sandstorm|[upkeep]","|-damage|p1a: Charizard|0 fnt|[from] Sandstorm","|faint|p1a: Charizard","|upkeep","||adding 5 to each for mid turn request","|","|t:|1752972492","|switch|p1a: Celebi|Celebi|198/393","|turn|37","||adding 10 for new turn","|","|t:|1752972499","|move|p1a: Celebi|Hidden Power|p2a: Skarmory","|-damage|p2a: Skarmory|280/334","|move|p2a: Skarmory|Toxic|p1a: Celebi","|-status|p1a: Celebi|tox","|","|-weather|Sandstorm|[upkeep]","|-damage|p1a: Celebi|174/393 tox|[from] Sandstorm","|-heal|p1a: Celebi|198/393 tox|[from] item: Leftovers","|-damage|p1a: Celebi|174/393 tox|[from] psn","|-heal|p2a: Skarmory|300/334|[from] item: Leftovers","|upkeep","|turn|38","||adding 10 for new turn","|","|t:|1752972506","|move|p2a: Skarmory|Protect|p2a: Skarmory","|-singleturn|p2a: Skarmory|Protect","|move|p1a: Celebi|Hidden Power|p2a: Skarmory","|-activate|p2a: Skarmory|Protect","|","|-weather|Sandstorm|[upkeep]","|-damage|p1a: Celebi|150/393 tox|[from] Sandstorm","|-heal|p1a: Celebi|174/393 tox|[from] item: Leftovers","|-damage|p1a: Celebi|126/393 tox|[from] psn","|-heal|p2a: Skarmory|320/334|[from] item: Leftovers","|upkeep","|turn|39","||adding 10 for new turn","|","|t:|1752972512","|move|p1a: Celebi|Calm Mind|p1a: Celebi","|-boost|p1a: Celebi|spa|1","|-boost|p1a: Celebi|spd|1","|move|p2a: Skarmory|Spikes|p1a: Celebi","|-sidestart|p1: foultestchallenge1|Spikes","|","|-weather|Sandstorm|[upkeep]","|-damage|p1a: Celebi|102/393 tox|[from] Sandstorm","|-heal|p1a: Celebi|126/393 tox|[from] item: Leftovers","|-damage|p1a: Celebi|54/393 tox|[from] psn","|-heal|p2a: Skarmory|334/334|[from] item: Leftovers","|upkeep","|turn|40","||adding 10 for new turn","|","|t:|1752972516","|move|p1a: Celebi|Calm Mind|p1a: Celebi","|-boost|p1a: Celebi|spa|1","|-boost|p1a: Celebi|spd|1","|move|p2a: Skarmory|Spikes|p1a: Celebi","|-sidestart|p1: foultestchallenge1|Spikes","|","|-weather|Sandstorm|[upkeep]","|-damage|p1a: Celebi|30/393 tox|[from] Sandstorm","|-heal|p1a: Celebi|54/393 tox|[from] item: Leftovers","|-damage|p1a: Celebi|0 fnt|[from] psn","|faint|p1a: Celebi","|","|win|foultestacceptor1",""],"p1rating":null,"p2rating":null,"endType":"normal","ladderError":true,"timestamp":"Sat Jul 19 2025 17:48:36 GMT-0700 (アメリカ太平洋夏時間)","roomid":"battle-gen3ou-1023","format":"gen3ou"}