{"winner":"foultestacceptor1","seed":"sodium,30652d72370fedc33c4bbb55f95ef6e7","turns":109,"p1":"foultestchallenge1","p2":"foultestacceptor1","p1team":[{"name":"Metagross","species":"Metagross","item":"Leftovers","ability":"Clear Body","moves":["Meteor Mash","Earthquake","Agility","Explosion"],"nature":"Adamant","evs":{"hp":152,"atk":252,"def":0,"spa":0,"spd":0,"spe":104},"gender":"N","level":100,"ivs":{"hp":31,"atk":31,"def":31,"spa":31,"spd":31,"spe":31}},{"name":"Milotic","species":"Milotic","item":"Leftovers","ability":"Marvel Scale","moves":["Hypnosis","Surf","Ice Beam","Recover"],"nature":"Bold","evs":{"hp":248,"atk":0,"def":212,"spa":0,"spd":0,"spe":48},"gender":"F","ivs":{"hp":31,"atk":0,"def":31,"spa":31,"spd":31,"spe":31},"level":100},{"name":"Celebi","species":"Celebi","item":"Leftovers","ability":"Natural Cure","moves":["Swords Dance","Hidden Power Rock","Baton Pass","Recover"],"nature":"Jolly","evs":{"hp":240,"atk":0,"def":44,"spa":0,"spd":4,"spe":220},"gender":"N","ivs":{"hp":31,"atk":31,"def":30,"spa":31,"spd":30,"spe":30},"happiness":255,"hpType":"Rock","pokeball":"","gigantamax":false,"dynamaxLevel":10,"teraType":"","level":100},{"name":"Magneton","species":"Magneton","item":"Leftovers","ability":"Magnet Pull","moves":["Thunderbolt","Hidden Power Fire","Thunder Wave","Toxic"],"nature":"Timid","evs":{"hp":144,"atk":0,"def":0,"spa":112,"spd":0,"spe":252},"gender":"N","ivs":{"hp":31,"atk":2,"def":31,"spa":30,"spd":31,"spe":30},"happiness":255,"hpType":"Fire","pokeball":"","gigantamax":false,"dynamaxLevel":10,"teraType":"","level":100},{"name":"Heracross","species":"Heracross","item":"Leftovers","ability":"Guts","moves":["Megahorn","Rock Slide","Hidden Power Ghost","Brick Break"],"nature":"Adamant","evs":{"hp":144,"atk":16,"def":0,"spa":0,"spd":184,"spe":164},"gender":"F","ivs":{"hp":31,"atk":31,"def":30,"spa":31,"spd":30,"spe":31},"happiness":255,"hpType":"Ghost","pokeball":"","gigantamax":false,"dynamaxLevel":10,"teraType":"","level":100},{"name":"Gyarados","species":"Gyarados","item":"Leftovers","ability":"Intimidate","moves":["Hidden Power Flying","Double-Edge","Earthquake","Dragon Dance"],"nature":"Jolly","evs":{"hp":0,"atk":252,"def":4,"spa":0,"spd":0,"spe":252},"gender":"M","ivs":{"hp":30,"atk":30,"def":30,"spa":30,"spd":30,"spe":31},"happiness":255,"hpType":"Flying","pokeball":"","gigantamax":false,"dynamaxLevel":10,"teraType":"","level":100}],"p2team":[{"name":"Tyranitar","species":"Tyranitar","item":"Leftovers","ability":"Sand Stream","moves":["Rock Slide","Earthquake","Hidden Power Bug","Roar"],"nature":"Adamant","evs":{"hp":184,"atk":196,"def":120,"spa":0,"spd":0,"spe":8},"gender":"F","ivs":{"hp":31,"atk":30,"def":30,"spa":31,"spd":30,"spe":31},"happiness":255,"hpType":"Bug","pokeball":"","gigantamax":false,"dynamaxLevel":10,"teraType":"","level":100},{"name":"Milotic","species":"Milotic","item":"Leftovers","ability":"Marvel Scale","moves":["Surf","Toxic","Recover","Refresh"],"nature":"Bold","evs":{"hp":248,"atk":0,"def":212,"spa":0,"spd":0,"spe":48},"gender":"F","ivs":{"hp":31,"atk":0,"def":31,"spa":31,"spd":31,"spe":31},"level":100},{"name":"Blissey","species":"Blissey","item":"Leftovers","ability":"Natural Cure","moves":["Seismic Toss","Ice Beam","Thunder Wave","Soft-Boiled"],"nature":"Bold","evs":{"hp":40,"atk":0,"def":244,"spa":208,"spd":0,"spe":16},"gender":"F","level":100,"ivs":{"hp":31,"atk":31,"def":31,"spa":31,"spd":31,"spe":31}},{"name":"Skarmory","species":"Skarmory","item":"Leftovers","ability":"Keen Eye","moves":["Drill Peck","Toxic","Spikes","Roar"],"nature":"Careful","evs":{"hp":248,"atk":0,"def":0,"spa":0,"spd":236,"spe":24},"gender":"M","level":100,"ivs":{"hp":31,"atk":31,"def":31,"spa":31,"spd":31,"spe":31}},{"name":"Claydol","species":"Claydol","item":"Leftovers","ability":"Levitate","moves":["Earthquake","Psychic","Refresh","Rapid Spin"],"nature":"Adamant","evs":{"hp":224,"atk":228,"def":0,"spa":36,"spd":0,"spe":20},"gender":"N","level":100,"ivs":{"hp":31,"atk":31,"def":31,"spa":31,"spd":31,"spe":31}},{"name":"Dugtrio","species":"Dugtrio","item":"Choice Band","ability":"Arena Trap","moves":["Earthquake","Aerial Ace","Hidden Power Bug","Screech"],"nature":"Jolly","evs":{"hp":0,"atk":252,"def":0,"spa":0,"spd":4,"spe":252},"gender":"F","ivs":{"hp":31,"atk":30,"def":30,"spa":31,"spd":30,"spe":31},"happiness":255,"hpType":"Bug","pokeball":"","gigantamax":false,"dynamaxLevel":10,"teraType":"","level":100}],"score":[0,3],"inputLog":[">version 372d05e49c92a79eecdf6c8dddb208bd1765c00f",">start {\"formatid\":\"gen3ou\",\"seed\":\"sodium,30652d72370fedc33c4bbb55f95ef6e7\"}",">player p1 {\"name\":\"foultestchallenge1\",\"avatar\":\"1\",\"team\":\"Metagross||Leftovers|ClearBody|MeteorMash,Earthquake,Agility,Explosion|Adamant|152,252,,,,104|N||||]Milotic||Leftovers|MarvelScale|Hypnosis,Surf,IceBeam,Recover|Bold|248,,212,,,48|F|,0,,,,|||]Celebi||Leftovers|NaturalCure|SwordsDance,HiddenPowerRock,BatonPass,Recover|Jolly|240,,44,,4,220|N|,,30,,30,30|||,Rock,,,,]Magneton||Leftovers|MagnetPull|Thunderbolt,HiddenPowerFire,ThunderWave,Toxic|Timid|144,,,112,,252|N|,2,,30,,30|||,Fire,,,,]Heracross||Leftovers|Guts|Megahorn,RockSlide,HiddenPowerGhost,BrickBreak|Adamant|144,16,,,184,164|F|,,30,,30,|||,Ghost,,,,]Gyarados||Leftovers|Intimidate|HiddenPowerFlying,DoubleEdge,Earthquake,DragonDance|Jolly|,252,4,,,252|M|30,30,30,30,30,|||,Flying,,,,\",\"rating\":0}",">player p2 {\"name\":\"foultestacceptor1\",\"avatar\":\"169\",\"team\":\"Tyranitar||Leftovers|SandStream|RockSlide,Earthquake,HiddenPowerBug,Roar|Adamant|184,196,120,,,8|F|,30,30,,30,|||,Bug,,,,]Milotic||Leftovers|MarvelScale|Surf,Toxic,Recover,Refresh|Bold|248,,212,,,48|F|,0,,,,|||]Blissey||Leftovers|NaturalCure|SeismicToss,IceBeam,ThunderWave,SoftBoiled|Bold|40,,244,208,,16|F||||]Skarmory||Leftovers|KeenEye|DrillPeck,Toxic,Spikes,Roar|Careful|248,,,,236,24|M||||]Claydol||Leftovers|Levitate|Earthquake,Psychic,Refresh,RapidSpin|Adamant|224,228,,36,,20|N||||]Dugtrio||ChoiceBand|ArenaTrap|Earthquake,AerialAce,HiddenPowerBug,Screech|Jolly|,252,,,4,252|F|,30,30,,30,|||,Bug,,,,\",\"rating\":0}",">p1 move meteormash",">p2 switch 4",">p1 switch 4",">p2 move spikes",">p1 move thunderbolt",">p2 move roar",">p1 move brickbreak",">p2 move drillpeck",">p2 switch 6",">p1 move brickbreak",">p2 move aerialace",">p1 switch 4",">p1 move meteormash",">p2 switch 2",">p1 move earthquake",">p2 move surf",">p1 move agility",">p2 move surf",">p1 move earthquake",">p2 move recover",">p2 switch 5",">p1 move meteormash",">p2 move earthquake",">p1 switch 2",">p1 move hypnosis",">p2 switch 3",">p1 move hypnosis",">p2 move thunderwave",">p1 move recover",">p2 move seismictoss",">p1 move hypnosis",">p2 move seismictoss",">p1 move recover",">p2 move thunderwave",">p1 move surf",">p2 move seismictoss",">p1 switch 6",">p2 move seismictoss",">p1 move dragondance",">p2 move thunderwave",">p1 move earthquake",">p2 move seismictoss",">p1 switch 6",">p2 move seismictoss",">p1 move recover",">p2 move seismictoss",">p1 move recover",">p2 move seismictoss",">p1 move surf",">p2 move seismictoss",">p1 move recover",">p2 move softboiled",">p1 move recover",">p2 move seismictoss",">p1 move surf",">p2 move seismictoss",">p1 move recover",">p2 move softboiled",">p1 move surf",">p2 move seismictoss",">p1 move recover",">p2 move softboiled",">p1 move surf",">p2 move seismictoss",">p1 move recover",">p2 move softboiled",">p1 move surf",">p2 move seismictoss",">p1 move recover",">p2 move seismictoss",">p1 move recover",">p2 move seismictoss",">p1 move recover",">p2 move seismictoss",">p1 move surf",">p2 move seismictoss",">p1 move recover",">p2 move seismictoss",">p1 move surf",">p2 move seismictoss",">p1 move recover",">p2 move softboiled",">p1 move surf",">p2 move seismictoss",">p1 move recover",">p2 move seismictoss",">p1 move surf",">p2 move seismictoss",">p1 move recover",">p2 move softboiled",">p1 move surf",">p2 move seismictoss",">p1 move recover",">p2 move softboiled",">p1 move recover",">p2 move seismictoss",">p1 move surf",">p2 move seismictoss",">p1 move recover",">p2 move softboiled",">p1 move surf",">p2 move seismictoss",">p1 move recover",">p2 move softboiled",">p1 move surf",">p2 move seismictoss",">p1 move recover",">p2 move softboiled",">p1 move recover",">p2 move seismictoss",">p1 move surf",">p2 move seismictoss",">p1 move recover",">p2 move softboiled",">p1 move surf",">p2 move seismictoss",">p1 move recover",">p2 move softboiled",">p1 move surf",">p2 move seismictoss",">p1 move recover",">p2 move softboiled",">p1 move surf",">p2 move seismictoss",">p1 move recover",">p2 move softboiled",">p1 move surf",">p2 move icebeam",">p1 move recover",">p2 move softboiled",">p1 move recover",">p2 move icebeam",">p1 move surf",">p2 move icebeam",">p1 move hypnosis",">p2 move icebeam",">p1 move recover",">p2 move icebeam",">p1 move hypnosis",">p2 move icebeam",">p1 move surf",">p2 move icebeam",">p1 move surf",">p2 move icebeam",">p1 move surf",">p2 move icebeam",">p1 move hypnosis",">p2 move icebeam",">p1 move icebeam",">p2 move softboiled",">p1 move surf",">p2 move icebeam",">p1 move surf",">p2 move icebeam",">p1 move recover",">p2 move icebeam",">p1 move recover",">p2 move icebeam",">p1 move surf",">p2 move icebeam",">p1 move hypnosis",">p2 move icebeam",">p1 move recover",">p2 move thunderwave",">p1 move hypnosis",">p2 move icebeam",">p1 move hypnosis",">p2 move icebeam",">p1 move hypnosis",">p2 move icebeam",">p1 move hypnosis",">p2 move icebeam",">p1 move recover",">p2 move icebeam",">p1 move recover",">p2 move icebeam",">p1 move hypnosis",">p2 move icebeam",">p1 move surf",">p2 move thunderwave",">p1 move icebeam",">p2 move thunderwave",">p1 move surf",">p2 move thunderwave",">p1 move surf",">p2 move thunderwave",">p1 move surf",">p2 move thunderwave",">p2 switch 4",">p1 move surf",">p2 move roar",">p1 move earthquake",">p2 move rockslide",">p1 switch 6",">p1 move hypnosis",">p2 move rockslide",">p1 move hypnosis",">p2 move roar",">p1 move icebeam",">p2 move roar",">p1 switch 3",">p2 switch 3",">p1 move icebeam",">p2 switch 3",">p1 move icebeam",">p2 move rockslide",">p1 move icebeam",">p2 move rockslide",">p1 move recover",">p2 move rockslide",">p1 switch 3",">p2 move earthquake",">p1 move batonpass",">p2 move hiddenpower",">p1 switch 5",">p1 switch 5",">p2 move earthquake",">p1 move batonpass",">p2 move hiddenpower",">p1 switch 5",">p1 move thunderwave",">p2 move earthquake",">p1 switch 3",">p1 switch 5",">p1 move hiddenpower",">p2 switch 2",">p1 move hiddenpower",">p2 move earthquake"],"log":["|j|☆foultestchallenge1","|j|☆foultestacceptor1","|t:|1752976909","|gametype|singles","|player|p1|foultestchallenge1|1|","|player|p2|foultestacceptor1|169|","|teamsize|p1|6","|teamsize|p2|6","|gen|3","|tier|[Gen 3] OU","|rule|Sleep Clause Mod: Limit one foe put to sleep","|rule|Switch Priority Clause Mod: Faster Pokémon switch first","|rule|Species Clause: Limit one of each Pokémon","|rule|OHKO Clause: OHKO moves are banned","|rule|Evasion Items Clause: Evasion items are banned","|rule|Evasion Moves Clause: Evasion moves are banned","|rule|Endless Battle Clause: Forcing endless battles is banned","|rule|HP Percentage Mod: HP is shown in percentages","|rule|One Boost Passer Clause: Limit one Baton Passer that has a way to boost its stats","|rule|Freeze Clause Mod: Limit one foe frozen","|","|t:|1752976909","|start","|switch|p1a: Metagross|Metagross|339/339","|switch|p2a: Tyranitar|Tyranitar, F|387/387","|-weather|Sandstorm|[from] ability: Sand Stream|[of] p2a: Tyranitar","|turn|1","|inactive|Battle timer is ON: inactive players will automatically lose when time's up. (requested by foultestchallenge1)","|inactive|foultestacceptor1 also wants the timer to be on.","|","|t:|1752976918","|switch|p2a: Skarmory|Skarmory, M|333/333","|move|p1a: Metagross|Meteor Mash|p2a: Skarmory","|-resisted|p2a: Skarmory","|-damage|p2a: Skarmory|261/333","|","|-weather|Sandstorm|[upkeep]","|-heal|p2a: Skarmory|281/333|[from] item: Leftovers","|upkeep","|turn|2","||adding 10 for new turn","|","|t:|1752976926","|switch|p1a: Magneton|Magneton|277/277","|move|p2a: Skarmory|Spikes|p1a: Magneton","|-sidestart|p1: foultestchallenge1|Spikes","|","|-weather|Sandstorm|[upkeep]","|-heal|p2a: Skarmory|301/333|[from] item: Leftovers","|upkeep","|turn|3","||adding 10 for new turn","|","|t:|1752976934","|move|p1a: Magneton|Thunderbolt|p2a: Skarmory","|-supereffective|p2a: Skarmory","|-damage|p2a: Skarmory|17/333","|move|p2a: Skarmory|Roar|p1a: Magneton","|drag|p1a: Heracross|Heracross, F|337/337","|-damage|p1a: Heracross|295/337|[from] Spikes","|","|-weather|Sandstorm|[upkeep]","|-damage|p1a: Heracross|274/337|[from] Sandstorm","|-heal|p1a: Heracross|295/337|[from] item: Leftovers","|-heal|p2a: Skarmory|37/333|[from] item: Leftovers","|upkeep","|turn|4","||adding 10 for new turn","|","|t:|1752976942","|move|p1a: Heracross|Brick Break|p2a: Skarmory","|-damage|p2a: Skarmory|0 fnt","|faint|p2a: Skarmory","||adding 5 to each for mid turn request","|","|t:|1752976949","|switch|p2a: Dugtrio|Dugtrio, F|211/211","|","|-weather|Sandstorm|[upkeep]","|-damage|p1a: Heracross|274/337|[from] Sandstorm","|-heal|p1a: Heracross|295/337|[from] item: Leftovers","|upkeep","|turn|5","||adding 10 for new turn","|","|t:|1752976957","|move|p2a: Dugtrio|Aerial Ace|p1a: Heracross","|-supereffective|p1a: Heracross","|-damage|p1a: Heracross|0 fnt","|faint|p1a: Heracross","||adding 5 to each for mid turn request","|","|t:|1752976965","|switch|p1a: Metagross|Metagross|339/339","|-damage|p1a: Metagross|297/339|[from] Spikes","|","|-weather|Sandstorm|[upkeep]","|-heal|p1a: Metagross|318/339|[from] item: Leftovers","|upkeep","|turn|6","||adding 10 for new turn","|","|t:|1752976972","|switch|p2a: Milotic|Milotic, F|393/393","|move|p1a: Metagross|Meteor Mash|p2a: Milotic","|-resisted|p2a: Milotic","|-damage|p2a: Milotic|312/393","|-boost|p1a: Metagross|atk|1","|","|-weather|Sandstorm|[upkeep]","|-damage|p2a: Milotic|288/393|[from] Sandstorm","|-heal|p2a: Milotic|312/393|[from] item: Leftovers","|-heal|p1a: Metagross|339/339|[from] item: Leftovers","|upkeep","|turn|7","||adding 10 for new turn","|","|t:|1752976980","|move|p2a: Milotic|Surf|p1a: Metagross","|-damage|p1a: Metagross|214/339","|move|p1a: Metagross|Earthquake|p2a: Milotic","|-damage|p2a: Milotic|128/393","|","|-weather|Sandstorm|[upkeep]","|-damage|p2a: Milotic|104/393|[from] Sandstorm","|-heal|p2a: Milotic|128/393|[from] item: Leftovers","|-heal|p1a: Metagross|235/339|[from] item: Leftovers","|upkeep","|turn|8","||adding 10 for new turn","|","|t:|1752976988","|move|p2a: Milotic|Surf|p1a: Metagross","|-damage|p1a: Metagross|112/339","|move|p1a: Metagross|Agility|p1a: Metagross","|-boost|p1a: Metagross|spe|2","|","|-weather|Sandstorm|[upkeep]","|-damage|p2a: Milotic|104/393|[from] Sandstorm","|-heal|p1a: Metagross|133/339|[from] item: Leftovers","|-heal|p2a: Milotic|128/393|[from] item: Leftovers","|upkeep","|turn|9","||adding 10 for new turn","|","|t:|1752976996","|move|p1a: Metagross|Earthquake|p2a: Milotic","|-damage|p2a: Milotic|0 fnt","|faint|p2a: Milotic","||adding 5 to each for mid turn request","|","|t:|1752977000","|switch|p2a: Claydol|Claydol|317/317","|","|-weather|Sandstorm|[upkeep]","|-heal|p1a: Metagross|154/339|[from] item: Leftovers","|upkeep","|turn|10","||adding 10 for new turn","|","|t:|1752977008","|move|p1a: Metagross|Meteor Mash|p2a: Claydol|[miss]","|-miss|p1a: Metagross|p2a: Claydol","|move|p2a: Claydol|Earthquake|p1a: Metagross","|-supereffective|p1a: Metagross","|-damage|p1a: Metagross|0 fnt","|faint|p1a: Metagross","||adding 5 to each for mid turn request","|","|t:|1752977015","|switch|p1a: Milotic|Milotic, F|393/393","|-damage|p1a: Milotic|344/393|[from] Spikes","|","|-weather|Sandstorm|[upkeep]","|-damage|p1a: Milotic|320/393|[from] Sandstorm","|-heal|p1a: Milotic|344/393|[from] item: Leftovers","|upkeep","|turn|11","||adding 10 for new turn","|","|t:|1752977023","|switch|p2a: Blissey|Blissey, F|661/661","|move|p1a: Milotic|Hypnosis|p2a: Blissey|[miss]","|-miss|p1a: Milotic|p2a: Blissey","|","|-weather|Sandstorm|[upkeep]","|-damage|p1a: Milotic|320/393|[from] Sandstorm","|-damage|p2a: Blissey|620/661|[from] Sandstorm","|-heal|p1a: Milotic|344/393|[from] item: Leftovers","|-heal|p2a: Blissey|661/661|[from] item: Leftovers","|upkeep","|turn|12","||adding 10 for new turn","|","|t:|1752977031","|move|p1a: Milotic|Hypnosis|p2a: Blissey|[miss]","|-miss|p1a: Milotic|p2a: Blissey","|move|p2a: Blissey|Thunder Wave|p1a: Milotic","|-status|p1a: Milotic|par","|","|-weather|Sandstorm|[upkeep]","|-damage|p2a: Blissey|620/661|[from] Sandstorm","|-damage|p1a: Milotic|320/393 par|[from] Sandstorm","|-heal|p2a: Blissey|661/661|[from] item: Leftovers","|-heal|p1a: Milotic|344/393 par|[from] item: Leftovers","|upkeep","|turn|13","||adding 10 for new turn","|","|t:|1752977039","|move|p2a: Blissey|Seismic Toss|p1a: Milotic","|-damage|p1a: Milotic|244/393 par","|move|p1a: Milotic|Recover|p1a: Milotic","|-heal|p1a: Milotic|393/393 par","|","|-weather|Sandstorm|[upkeep]","|-damage|p2a: Blissey|620/661|[from] Sandstorm","|-damage|p1a: Milotic|369/393 par|[from] Sandstorm","|-heal|p2a: Blissey|661/661|[from] item: Leftovers","|-heal|p1a: Milotic|393/393 par|[from] item: Leftovers","|upkeep","|turn|14","||adding 10 for new turn","|","|t:|1752977047","|move|p2a: Blissey|Seismic Toss|p1a: Milotic","|-damage|p1a: Milotic|293/393 par","|move|p1a: Milotic|Hypnosis|p2a: Blissey","|-status|p2a: Blissey|slp|[from] move: Hypnosis","|","|-weather|Sandstorm|[upkeep]","|-damage|p2a: Blissey|620/661 slp|[from] Sandstorm","|-damage|p1a: Milotic|269/393 par|[from] Sandstorm","|-heal|p2a: Blissey|661/661 slp|[from] item: Leftovers","|-heal|p1a: Milotic|293/393 par|[from] item: Leftovers","|upkeep","|turn|15","||adding 10 for new turn","|","|t:|1752977055","|cant|p2a: Blissey|slp","|move|p1a: Milotic|Recover|p1a: Milotic","|-heal|p1a: Milotic|393/393 par","|","|-weather|Sandstorm|[upkeep]","|-damage|p2a: Blissey|620/661 slp|[from] Sandstorm","|-damage|p1a: Milotic|369/393 par|[from] Sandstorm","|-heal|p2a: Blissey|661/661 slp|[from] item: Leftovers","|-heal|p1a: Milotic|393/393 par|[from] item: Leftovers","|upkeep","|turn|16","||adding 10 for new turn","|","|t:|1752977063","|cant|p2a: Blissey|slp","|cant|p1a: Milotic|par","|","|-weather|Sandstorm|[upkeep]","|-damage|p2a: Blissey|620/661 slp|[from] Sandstorm","|-damage|p1a: Milotic|369/393 par|[from] Sandstorm","|-heal|p2a: Blissey|661/661 slp|[from] item: Leftovers","|-heal|p1a: Milotic|393/393 par|[from] item: Leftovers","|upkeep","|turn|17","||adding 10 for new turn","|","|t:|1752977071","|switch|p1a: Gyarados|Gyarados, M|330/330","|-ability|p1a: Gyarados|Intimidate|boost","|-unboost|p2a: Blissey|atk|1","|-curestatus|p2a: Blissey|slp|[msg]","|move|p2a: Blissey|Seismic Toss|p1a: Gyarados","|-damage|p1a: Gyarados|230/330","|","|-weather|Sandstorm|[upkeep]","|-damage|p1a: Gyarados|210/330|[from] Sandstorm","|-damage|p2a: Blissey|620/661|[from] Sandstorm","|-heal|p1a: Gyarados|230/330|[from] item: Leftovers","|-heal|p2a: Blissey|661/661|[from] item: Leftovers","|upkeep","|turn|18","||adding 10 for new turn","|","|t:|1752977079","|move|p1a: Gyarados|Dragon Dance|p1a: Gyarados","|-boost|p1a: Gyarados|atk|1","|-boost|p1a: Gyarados|spe|1","|move|p2a: Blissey|Thunder Wave|p1a: Gyarados","|-status|p1a: Gyarados|par","|","|-weather|Sandstorm|[upkeep]","|-damage|p2a: Blissey|620/661|[from] Sandstorm","|-damage|p1a: Gyarados|210/330 par|[from] Sandstorm","|-heal|p2a: Blissey|661/661|[from] item: Leftovers","|-heal|p1a: Gyarados|230/330 par|[from] item: Leftovers","|upkeep","|turn|19","||adding 10 for new turn","|","|t:|1752977087","|move|p2a: Blissey|Seismic Toss|p1a: Gyarados","|-damage|p1a: Gyarados|130/330 par","|cant|p1a: Gyarados|par","|","|-weather|Sandstorm|[upkeep]","|-damage|p2a: Blissey|620/661|[from] Sandstorm","|-damage|p1a: Gyarados|110/330 par|[from] Sandstorm","|-heal|p2a: Blissey|661/661|[from] item: Leftovers","|-heal|p1a: Gyarados|130/330 par|[from] item: Leftovers","|upkeep","|turn|20","||adding 10 for new turn","|","|t:|1752977095","|switch|p1a: Milotic|Milotic, F|393/393 par","|-damage|p1a: Milotic|344/393 par|[from] Spikes","|move|p2a: Blissey|Seismic Toss|p1a: Milotic","|-damage|p1a: Milotic|244/393 par","|","|-weather|Sandstorm|[upkeep]","|-damage|p2a: Blissey|620/661|[from] Sandstorm","|-damage|p1a: Milotic|220/393 par|[from] Sandstorm","|-heal|p2a: Blissey|661/661|[from] item: Leftovers","|-heal|p1a: Milotic|244/393 par|[from] item: Leftovers","|upkeep","|turn|21","||adding 10 for new turn","|","|t:|1752977103","|move|p2a: Blissey|Seismic Toss|p1a: Milotic","|-damage|p1a: Milotic|144/393 par","|move|p1a: Milotic|Recover|p1a: Milotic","|-heal|p1a: Milotic|340/393 par","|","|-weather|Sandstorm|[upkeep]","|-damage|p2a: Blissey|620/661|[from] Sandstorm","|-damage|p1a: Milotic|316/393 par|[from] Sandstorm","|-heal|p2a: Blissey|661/661|[from] item: Leftovers","|-heal|p1a: Milotic|340/393 par|[from] item: Leftovers","|upkeep","|turn|22","||adding 10 for new turn","|","|t:|1752977111","|move|p2a: Blissey|Seismic Toss|p1a: Milotic","|-damage|p1a: Milotic|240/393 par","|move|p1a: Milotic|Recover|p1a: Milotic","|-heal|p1a: Milotic|393/393 par","|","|-weather|Sandstorm|[upkeep]","|-damage|p2a: Blissey|620/661|[from] Sandstorm","|-damage|p1a: Milotic|369/393 par|[from] Sandstorm","|-heal|p2a: Blissey|661/661|[from] item: Leftovers","|-heal|p1a: Milotic|393/393 par|[from] item: Leftovers","|upkeep","|turn|23","||adding 10 for new turn","|","|t:|1752977120","|move|p2a: Blissey|Seismic Toss|p1a: Milotic","|-damage|p1a: Milotic|293/393 par","|move|p1a: Milotic|Surf|p2a: Blissey","|-damage|p2a: Blissey|581/661","|","|-weather|Sandstorm|[upkeep]","|-damage|p2a: Blissey|540/661|[from] Sandstorm","|-damage|p1a: Milotic|269/393 par|[from] Sandstorm","|-heal|p2a: Blissey|581/661|[from] item: Leftovers","|-heal|p1a: Milotic|293/393 par|[from] item: Leftovers","|upkeep","|turn|24","||adding 10 for new turn","|","|t:|1752977128","|move|p2a: Blissey|Soft-Boiled|p2a: Blissey","|-heal|p2a: Blissey|661/661","|cant|p1a: Milotic|par","|","|-weather|Sandstorm|[upkeep]","|-damage|p2a: Blissey|620/661|[from] Sandstorm","|-damage|p1a: Milotic|269/393 par|[from] Sandstorm","|-heal|p2a: Blissey|661/661|[from] item: Leftovers","|-heal|p1a: Milotic|293/393 par|[from] item: Leftovers","|upkeep","|turn|25","||adding 10 for new turn","|","|t:|1752977132","|move|p2a: Blissey|Seismic Toss|p1a: Milotic","|-damage|p1a: Milotic|193/393 par","|move|p1a: Milotic|Recover|p1a: Milotic","|-heal|p1a: Milotic|389/393 par","|","|-weather|Sandstorm|[upkeep]","|-damage|p2a: Blissey|620/661|[from] Sandstorm","|-damage|p1a: Milotic|365/393 par|[from] Sandstorm","|-heal|p2a: Blissey|661/661|[from] item: Leftovers","|-heal|p1a: Milotic|389/393 par|[from] item: Leftovers","|upkeep","|turn|26","||adding 10 for new turn","|","|t:|1752977137","|move|p2a: Blissey|Seismic Toss|p1a: Milotic","|-damage|p1a: Milotic|289/393 par","|move|p1a: Milotic|Surf|p2a: Blissey","|-damage|p2a: Blissey|570/661","|","|-weather|Sandstorm|[upkeep]","|-damage|p2a: Blissey|529/661|[from] Sandstorm","|-damage|p1a: Milotic|265/393 par|[from] Sandstorm","|-heal|p2a: Blissey|570/661|[from] item: Leftovers","|-heal|p1a: Milotic|289/393 par|[from] item: Leftovers","|upkeep","|turn|27","||adding 10 for new turn","|","|t:|1752977142","|move|p2a: Blissey|Soft-Boiled|p2a: Blissey","|-heal|p2a: Blissey|661/661","|move|p1a: Milotic|Recover|p1a: Milotic","|-heal|p1a: Milotic|393/393 par","|","|-weather|Sandstorm|[upkeep]","|-damage|p2a: Blissey|620/661|[from] Sandstorm","|-damage|p1a: Milotic|369/393 par|[from] Sandstorm","|-heal|p2a: Blissey|661/661|[from] item: Leftovers","|-heal|p1a: Milotic|393/393 par|[from] item: Leftovers","|upkeep","|turn|28","||adding 10 for new turn","|","|t:|1752977146","|move|p2a: Blissey|Seismic Toss|p1a: Milotic","|-damage|p1a: Milotic|293/393 par","|move|p1a: Milotic|Surf|p2a: Blissey","|-damage|p2a: Blissey|568/661","|","|-weather|Sandstorm|[upkeep]","|-damage|p2a: Blissey|527/661|[from] Sandstorm","|-damage|p1a: Milotic|269/393 par|[from] Sandstorm","|-heal|p2a: Blissey|568/661|[from] item: Leftovers","|-heal|p1a: Milotic|293/393 par|[from] item: Leftovers","|upkeep","|turn|29","||adding 10 for new turn","|","|t:|1752977151","|move|p2a: Blissey|Soft-Boiled|p2a: Blissey","|-heal|p2a: Blissey|661/661","|move|p1a: Milotic|Recover|p1a: Milotic","|-heal|p1a: Milotic|393/393 par","|","|-weather|Sandstorm|[upkeep]","|-damage|p2a: Blissey|620/661|[from] Sandstorm","|-damage|p1a: Milotic|369/393 par|[from] Sandstorm","|-heal|p2a: Blissey|661/661|[from] item: Leftovers","|-heal|p1a: Milotic|393/393 par|[from] item: Leftovers","|upkeep","|turn|30","||adding 10 for new turn","|","|t:|1752977155","|move|p2a: Blissey|Seismic Toss|p1a: Milotic","|-damage|p1a: Milotic|293/393 par","|move|p1a: Milotic|Surf|p2a: Blissey","|-damage|p2a: Blissey|572/661","|","|-weather|Sandstorm|[upkeep]","|-damage|p2a: Blissey|531/661|[from] Sandstorm","|-damage|p1a: Milotic|269/393 par|[from] Sandstorm","|-heal|p2a: Blissey|572/661|[from] item: Leftovers","|-heal|p1a: Milotic|293/393 par|[from] item: Leftovers","|upkeep","|turn|31","||adding 10 for new turn","|","|t:|1752977160","|move|p2a: Blissey|Soft-Boiled|p2a: Blissey","|-heal|p2a: Blissey|661/661","|move|p1a: Milotic|Recover|p1a: Milotic","|-heal|p1a: Milotic|393/393 par","|","|-weather|Sandstorm|[upkeep]","|-damage|p2a: Blissey|620/661|[from] Sandstorm","|-damage|p1a: Milotic|369/393 par|[from] Sandstorm","|-heal|p2a: Blissey|661/661|[from] item: Leftovers","|-heal|p1a: Milotic|393/393 par|[from] item: Leftovers","|upkeep","|turn|32","||adding 10 for new turn","|","|t:|1752977164","|move|p2a: Blissey|Seismic Toss|p1a: Milotic","|-damage|p1a: Milotic|293/393 par","|cant|p1a: Milotic|par","|","|-weather|Sandstorm|[upkeep]","|-damage|p2a: Blissey|620/661|[from] Sandstorm","|-damage|p1a: Milotic|269/393 par|[from] Sandstorm","|-heal|p2a: Blissey|661/661|[from] item: Leftovers","|-heal|p1a: Milotic|293/393 par|[from] item: Leftovers","|upkeep","|turn|33","||adding 10 for new turn","|","|t:|1752977168","|move|p2a: Blissey|Seismic Toss|p1a: Milotic","|-damage|p1a: Milotic|193/393 par","|cant|p1a: Milotic|par","|","|-weather|Sandstorm|[upkeep]","|-damage|p2a: Blissey|620/661|[from] Sandstorm","|-damage|p1a: Milotic|169/393 par|[from] Sandstorm","|-heal|p2a: Blissey|661/661|[from] item: Leftovers","|-heal|p1a: Milotic|193/393 par|[from] item: Leftovers","|upkeep","|turn|34","||adding 10 for new turn","|","|t:|1752977173","|move|p2a: Blissey|Seismic Toss|p1a: Milotic","|-damage|p1a: Milotic|93/393 par","|move|p1a: Milotic|Recover|p1a: Milotic","|-heal|p1a: Milotic|289/393 par","|","|-weather|Sandstorm|[upkeep]","|-damage|p2a: Blissey|620/661|[from] Sandstorm","|-damage|p1a: Milotic|265/393 par|[from] Sandstorm","|-heal|p2a: Blissey|661/661|[from] item: Leftovers","|-heal|p1a: Milotic|289/393 par|[from] item: Leftovers","|upkeep","|turn|35","||adding 10 for new turn","|","|t:|1752977177","|move|p2a: Blissey|Seismic Toss|p1a: Milotic","|-damage|p1a: Milotic|189/393 par","|move|p1a: Milotic|Recover|p1a: Milotic","|-heal|p1a: Milotic|385/393 par","|","|-weather|Sandstorm|[upkeep]","|-damage|p2a: Blissey|620/661|[from] Sandstorm","|-damage|p1a: Milotic|361/393 par|[from] Sandstorm","|-heal|p2a: Blissey|661/661|[from] item: Leftovers","|-heal|p1a: Milotic|385/393 par|[from] item: Leftovers","|upkeep","|turn|36","||adding 10 for new turn","|","|t:|1752977182","|move|p2a: Blissey|Seismic Toss|p1a: Milotic","|-damage|p1a: Milotic|285/393 par","|cant|p1a: Milotic|par","|","|-weather|Sandstorm|[upkeep]","|-damage|p2a: Blissey|620/661|[from] Sandstorm","|-damage|p1a: Milotic|261/393 par|[from] Sandstorm","|-heal|p2a: Blissey|661/661|[from] item: Leftovers","|-heal|p1a: Milotic|285/393 par|[from] item: Leftovers","|upkeep","|turn|37","||adding 10 for new turn","|","|t:|1752977186","|move|p2a: Blissey|Seismic Toss|p1a: Milotic","|-damage|p1a: Milotic|185/393 par","|move|p1a: Milotic|Recover|p1a: Milotic","|-heal|p1a: Milotic|381/393 par","|","|-weather|Sandstorm|[upkeep]","|-damage|p2a: Blissey|620/661|[from] Sandstorm","|-damage|p1a: Milotic|357/393 par|[from] Sandstorm","|-heal|p2a: Blissey|661/661|[from] item: Leftovers","|-heal|p1a: Milotic|381/393 par|[from] item: Leftovers","|upkeep","|turn|38","||adding 10 for new turn","|","|t:|1752977191","|move|p2a: Blissey|Seismic Toss|p1a: Milotic","|-damage|p1a: Milotic|281/393 par","|move|p1a: Milotic|Surf|p2a: Blissey","|-damage|p2a: Blissey|580/661","|","|-weather|Sandstorm|[upkeep]","|-damage|p2a: Blissey|539/661|[from] Sandstorm","|-damage|p1a: Milotic|257/393 par|[from] Sandstorm","|-heal|p2a: Blissey|580/661|[from] item: Leftovers","|-heal|p1a: Milotic|281/393 par|[from] item: Leftovers","|upkeep","|turn|39","||adding 10 for new turn","|","|t:|1752977196","|move|p2a: Blissey|Soft-Boiled|p2a: Blissey","|-heal|p2a: Blissey|661/661","|move|p1a: Milotic|Recover|p1a: Milotic","|-heal|p1a: Milotic|393/393 par","|","|-weather|Sandstorm|[upkeep]","|-damage|p2a: Blissey|620/661|[from] Sandstorm","|-damage|p1a: Milotic|369/393 par|[from] Sandstorm","|-heal|p2a: Blissey|661/661|[from] item: Leftovers","|-heal|p1a: Milotic|393/393 par|[from] item: Leftovers","|upkeep","|turn|40","||adding 10 for new turn","|","|t:|1752977200","|move|p2a: Blissey|Seismic Toss|p1a: Milotic","|-damage|p1a: Milotic|293/393 par","|cant|p1a: Milotic|par","|","|-weather|Sandstorm|[upkeep]","|-damage|p2a: Blissey|620/661|[from] Sandstorm","|-damage|p1a: Milotic|269/393 par|[from] Sandstorm","|-heal|p2a: Blissey|661/661|[from] item: Leftovers","|-heal|p1a: Milotic|293/393 par|[from] item: Leftovers","|upkeep","|turn|41","||adding 10 for new turn","|","|t:|1752977204","|move|p2a: Blissey|Seismic Toss|p1a: Milotic","|-damage|p1a: Milotic|193/393 par","|move|p1a: Milotic|Recover|p1a: Milotic","|-heal|p1a: Milotic|389/393 par","|","|-weather|Sandstorm|[upkeep]","|-damage|p2a: Blissey|620/661|[from] Sandstorm","|-damage|p1a: Milotic|365/393 par|[from] Sandstorm","|-heal|p2a: Blissey|661/661|[from] item: Leftovers","|-heal|p1a: Milotic|389/393 par|[from] item: Leftovers","|upkeep","|turn|42","||adding 10 for new turn","|","|t:|1752977209","|move|p2a: Blissey|Seismic Toss|p1a: Milotic","|-damage|p1a: Milotic|289/393 par","|move|p1a: Milotic|Surf|p2a: Blissey","|-damage|p2a: Blissey|572/661","|","|-weather|Sandstorm|[upkeep]","|-damage|p2a: Blissey|531/661|[from] Sandstorm","|-damage|p1a: Milotic|265/393 par|[from] Sandstorm","|-heal|p2a: Blissey|572/661|[from] item: Leftovers","|-heal|p1a: Milotic|289/393 par|[from] item: Leftovers","|upkeep","|turn|43","||adding 10 for new turn","|","|t:|1752977214","|move|p2a: Blissey|Soft-Boiled|p2a: Blissey","|-heal|p2a: Blissey|661/661","|move|p1a: Milotic|Recover|p1a: Milotic","|-heal|p1a: Milotic|393/393 par","|","|-weather|Sandstorm|[upkeep]","|-damage|p2a: Blissey|620/661|[from] Sandstorm","|-damage|p1a: Milotic|369/393 par|[from] Sandstorm","|-heal|p2a: Blissey|661/661|[from] item: Leftovers","|-heal|p1a: Milotic|393/393 par|[from] item: Leftovers","|upkeep","|turn|44","||adding 10 for new turn","|","|t:|1752977218","|move|p2a: Blissey|Seismic Toss|p1a: Milotic","|-damage|p1a: Milotic|293/393 par","|move|p1a: Milotic|Surf|p2a: Blissey","|-damage|p2a: Blissey|581/661","|","|-weather|Sandstorm|[upkeep]","|-damage|p2a: Blissey|540/661|[from] Sandstorm","|-damage|p1a: Milotic|269/393 par|[from] Sandstorm","|-heal|p2a: Blissey|581/661|[from] item: Leftovers","|-heal|p1a: Milotic|293/393 par|[from] item: Leftovers","|upkeep","|turn|45","||adding 10 for new turn","|","|t:|1752977223","|move|p2a: Blissey|Soft-Boiled|p2a: Blissey","|-heal|p2a: Blissey|661/661","|cant|p1a: Milotic|par","|","|-weather|Sandstorm|[upkeep]","|-damage|p2a: Blissey|620/661|[from] Sandstorm","|-damage|p1a: Milotic|269/393 par|[from] Sandstorm","|-heal|p2a: Blissey|661/661|[from] item: Leftovers","|-heal|p1a: Milotic|293/393 par|[from] item: Leftovers","|upkeep","|turn|46","||adding 10 for new turn","|","|t:|1752977227","|move|p2a: Blissey|Seismic Toss|p1a: Milotic","|-damage|p1a: Milotic|193/393 par","|move|p1a: Milotic|Recover|p1a: Milotic","|-heal|p1a: Milotic|389/393 par","|","|-weather|Sandstorm|[upkeep]","|-damage|p2a: Blissey|620/661|[from] Sandstorm","|-damage|p1a: Milotic|365/393 par|[from] Sandstorm","|-heal|p2a: Blissey|661/661|[from] item: Leftovers","|-heal|p1a: Milotic|389/393 par|[from] item: Leftovers","|upkeep","|turn|47","||adding 10 for new turn","|","|t:|1752977231","|move|p2a: Blissey|Seismic Toss|p1a: Milotic","|-damage|p1a: Milotic|289/393 par","|move|p1a: Milotic|Surf|p2a: Blissey","|-damage|p2a: Blissey|574/661","|","|-weather|Sandstorm|[upkeep]","|-damage|p2a: Blissey|533/661|[from] Sandstorm","|-damage|p1a: Milotic|265/393 par|[from] Sandstorm","|-heal|p2a: Blissey|574/661|[from] item: Leftovers","|-heal|p1a: Milotic|289/393 par|[from] item: Leftovers","|upkeep","|turn|48","||adding 10 for new turn","|","|t:|1752977236","|move|p2a: Blissey|Soft-Boiled|p2a: Blissey","|-heal|p2a: Blissey|661/661","|move|p1a: Milotic|Recover|p1a: Milotic","|-heal|p1a: Milotic|393/393 par","|","|-weather|Sandstorm|[upkeep]","|-damage|p2a: Blissey|620/661|[from] Sandstorm","|-damage|p1a: Milotic|369/393 par|[from] Sandstorm","|-heal|p2a: Blissey|661/661|[from] item: Leftovers","|-heal|p1a: Milotic|393/393 par|[from] item: Leftovers","|upkeep","|turn|49","||adding 10 for new turn","|","|t:|1752977240","|move|p2a: Blissey|Seismic Toss|p1a: Milotic","|-damage|p1a: Milotic|293/393 par","|move|p1a: Milotic|Surf|p2a: Blissey","|-damage|p2a: Blissey|568/661","|","|-weather|Sandstorm|[upkeep]","|-damage|p2a: Blissey|527/661|[from] Sandstorm","|-damage|p1a: Milotic|269/393 par|[from] Sandstorm","|-heal|p2a: Blissey|568/661|[from] item: Leftovers","|-heal|p1a: Milotic|293/393 par|[from] item: Leftovers","|upkeep","|turn|50","||adding 10 for new turn","|","|t:|1752977245","|move|p2a: Blissey|Soft-Boiled|p2a: Blissey","|-heal|p2a: Blissey|661/661","|move|p1a: Milotic|Recover|p1a: Milotic","|-heal|p1a: Milotic|393/393 par","|","|-weather|Sandstorm|[upkeep]","|-damage|p2a: Blissey|620/661|[from] Sandstorm","|-damage|p1a: Milotic|369/393 par|[from] Sandstorm","|-heal|p2a: Blissey|661/661|[from] item: Leftovers","|-heal|p1a: Milotic|393/393 par|[from] item: Leftovers","|upkeep","|turn|51","||adding 10 for new turn","|","|t:|1752977249","|move|p2a: Blissey|Seismic Toss|p1a: Milotic","|-damage|p1a: Milotic|293/393 par","|move|p1a: Milotic|Surf|p2a: Blissey","|-damage|p2a: Blissey|569/661","|","|-weather|Sandstorm|[upkeep]","|-damage|p2a: Blissey|528/661|[from] Sandstorm","|-damage|p1a: Milotic|269/393 par|[from] Sandstorm","|-heal|p2a: Blissey|569/661|[from] item: Leftovers","|-heal|p1a: Milotic|293/393 par|[from] item: Leftovers","|upkeep","|turn|52","||adding 10 for new turn","|","|t:|1752977254","|move|p2a: Blissey|Soft-Boiled|p2a: Blissey","|-heal|p2a: Blissey|661/661","|cant|p1a: Milotic|par","|","|-weather|Sandstorm|[upkeep]","|-damage|p2a: Blissey|620/661|[from] Sandstorm","|-damage|p1a: Milotic|269/393 par|[from] Sandstorm","|-heal|p2a: Blissey|661/661|[from] item: Leftovers","|-heal|p1a: Milotic|293/393 par|[from] item: Leftovers","|upkeep","|turn|53","||adding 10 for new turn","|","|t:|1752977258","|move|p2a: Blissey|Seismic Toss|p1a: Milotic","|-damage|p1a: Milotic|193/393 par","|move|p1a: Milotic|Recover|p1a: Milotic","|-heal|p1a: Milotic|389/393 par","|","|-weather|Sandstorm|[upkeep]","|-damage|p2a: Blissey|620/661|[from] Sandstorm","|-damage|p1a: Milotic|365/393 par|[from] Sandstorm","|-heal|p2a: Blissey|661/661|[from] item: Leftovers","|-heal|p1a: Milotic|389/393 par|[from] item: Leftovers","|upkeep","|turn|54","||adding 10 for new turn","|","|t:|1752977263","|move|p2a: Blissey|Seismic Toss|p1a: Milotic","|-damage|p1a: Milotic|289/393 par","|move|p1a: Milotic|Surf|p2a: Blissey","|-damage|p2a: Blissey|568/661","|","|-weather|Sandstorm|[upkeep]","|-damage|p2a: Blissey|527/661|[from] Sandstorm","|-damage|p1a: Milotic|265/393 par|[from] Sandstorm","|-heal|p2a: Blissey|568/661|[from] item: Leftovers","|-heal|p1a: Milotic|289/393 par|[from] item: Leftovers","|upkeep","|turn|55","||adding 10 for new turn","|","|t:|1752977268","|move|p2a: Blissey|Soft-Boiled|p2a: Blissey","|-heal|p2a: Blissey|661/661","|move|p1a: Milotic|Recover|p1a: Milotic","|-heal|p1a: Milotic|393/393 par","|","|-weather|Sandstorm|[upkeep]","|-damage|p2a: Blissey|620/661|[from] Sandstorm","|-damage|p1a: Milotic|369/393 par|[from] Sandstorm","|-heal|p2a: Blissey|661/661|[from] item: Leftovers","|-heal|p1a: Milotic|393/393 par|[from] item: Leftovers","|upkeep","|turn|56","||adding 10 for new turn","|","|t:|1752977272","|move|p2a: Blissey|Seismic Toss|p1a: Milotic","|-damage|p1a: Milotic|293/393 par","|move|p1a: Milotic|Surf|p2a: Blissey","|-damage|p2a: Blissey|577/661","|","|-weather|Sandstorm|[upkeep]","|-damage|p2a: Blissey|536/661|[from] Sandstorm","|-damage|p1a: Milotic|269/393 par|[from] Sandstorm","|-heal|p2a: Blissey|577/661|[from] item: Leftovers","|-heal|p1a: Milotic|293/393 par|[from] item: Leftovers","|upkeep","|turn|57","||adding 10 for new turn","|","|t:|1752977277","|move|p2a: Blissey|Soft-Boiled|p2a: Blissey","|-heal|p2a: Blissey|661/661","|move|p1a: Milotic|Recover|p1a: Milotic","|-heal|p1a: Milotic|393/393 par","|","|-weather|Sandstorm|[upkeep]","|-damage|p2a: Blissey|620/661|[from] Sandstorm","|-damage|p1a: Milotic|369/393 par|[from] Sandstorm","|-heal|p2a: Blissey|661/661|[from] item: Leftovers","|-heal|p1a: Milotic|393/393 par|[from] item: Leftovers","|upkeep","|turn|58","||adding 10 for new turn","|","|t:|1752977281","|move|p2a: Blissey|Seismic Toss|p1a: Milotic","|-damage|p1a: Milotic|293/393 par","|move|p1a: Milotic|Surf|p2a: Blissey","|-damage|p2a: Blissey|572/661","|","|-weather|Sandstorm|[upkeep]","|-damage|p2a: Blissey|531/661|[from] Sandstorm","|-damage|p1a: Milotic|269/393 par|[from] Sandstorm","|-heal|p2a: Blissey|572/661|[from] item: Leftovers","|-heal|p1a: Milotic|293/393 par|[from] item: Leftovers","|upkeep","|turn|59","||adding 10 for new turn","|","|t:|1752977286","|move|p2a: Blissey|Soft-Boiled|p2a: Blissey","|-heal|p2a: Blissey|661/661","|move|p1a: Milotic|Recover|p1a: Milotic","|-heal|p1a: Milotic|393/393 par","|","|-weather|Sandstorm|[upkeep]","|-damage|p2a: Blissey|620/661|[from] Sandstorm","|-damage|p1a: Milotic|369/393 par|[from] Sandstorm","|-heal|p2a: Blissey|661/661|[from] item: Leftovers","|-heal|p1a: Milotic|393/393 par|[from] item: Leftovers","|upkeep","|turn|60","||adding 10 for new turn","|","|t:|1752977290","|move|p2a: Blissey|Seismic Toss|p1a: Milotic","|-damage|p1a: Milotic|293/393 par","|move|p1a: Milotic|Surf|p2a: Blissey","|-damage|p2a: Blissey|567/661","|","|-weather|Sandstorm|[upkeep]","|-damage|p2a: Blissey|526/661|[from] Sandstorm","|-damage|p1a: Milotic|269/393 par|[from] Sandstorm","|-heal|p2a: Blissey|567/661|[from] item: Leftovers","|-heal|p1a: Milotic|293/393 par|[from] item: Leftovers","|upkeep","|turn|61","||adding 10 for new turn","|","|t:|1752977295","|move|p2a: Blissey|Soft-Boiled|p2a: Blissey","|-heal|p2a: Blissey|661/661","|move|p1a: Milotic|Recover|p1a: Milotic","|-heal|p1a: Milotic|393/393 par","|","|-weather|Sandstorm|[upkeep]","|-damage|p2a: Blissey|620/661|[from] Sandstorm","|-damage|p1a: Milotic|369/393 par|[from] Sandstorm","|-heal|p2a: Blissey|661/661|[from] item: Leftovers","|-heal|p1a: Milotic|393/393 par|[from] item: Leftovers","|upkeep","|turn|62","||adding 10 for new turn","|","|t:|1752977299","|move|p2a: Blissey|Ice Beam|p1a: Milotic","|-resisted|p1a: Milotic","|-crit|p1a: Milotic","|-damage|p1a: Milotic|330/393 par","|move|p1a: Milotic|Surf|p2a: Blissey","|-damage|p2a: Blissey|581/661","|","|-weather|Sandstorm|[upkeep]","|-damage|p2a: Blissey|540/661|[from] Sandstorm","|-damage|p1a: Milotic|306/393 par|[from] Sandstorm","|-heal|p2a: Blissey|581/661|[from] item: Leftovers","|-heal|p1a: Milotic|330/393 par|[from] item: Leftovers","|upkeep","|turn|63","||adding 10 for new turn","|","|t:|1752977304","|move|p2a: Blissey|Soft-Boiled|p2a: Blissey","|-heal|p2a: Blissey|661/661","|cant|p1a: Milotic|par","|","|-weather|Sandstorm|[upkeep]","|-damage|p2a: Blissey|620/661|[from] Sandstorm","|-damage|p1a: Milotic|306/393 par|[from] Sandstorm","|-heal|p2a: Blissey|661/661|[from] item: Leftovers","|-heal|p1a: Milotic|330/393 par|[from] item: Leftovers","|upkeep","|turn|64","||adding 10 for new turn","|","|t:|1752977308","|move|p2a: Blissey|Ice Beam|p1a: Milotic","|-resisted|p1a: Milotic","|-damage|p1a: Milotic|300/393 par","|move|p1a: Milotic|Recover|p1a: Milotic","|-heal|p1a: Milotic|393/393 par","|","|-weather|Sandstorm|[upkeep]","|-damage|p2a: Blissey|620/661|[from] Sandstorm","|-damage|p1a: Milotic|369/393 par|[from] Sandstorm","|-heal|p2a: Blissey|661/661|[from] item: Leftovers","|-heal|p1a: Milotic|393/393 par|[from] item: Leftovers","|upkeep","|turn|65","||adding 10 for new turn","|","|t:|1752977312","|move|p2a: Blissey|Ice Beam|p1a: Milotic","|-resisted|p1a: Milotic","|-damage|p1a: Milotic|364/393 par","|move|p1a: Milotic|Surf|p2a: Blissey","|-damage|p2a: Blissey|571/661","|","|-weather|Sandstorm|[upkeep]","|-damage|p2a: Blissey|530/661|[from] Sandstorm","|-damage|p1a: Milotic|340/393 par|[from] Sandstorm","|-heal|p2a: Blissey|571/661|[from] item: Leftovers","|-heal|p1a: Milotic|364/393 par|[from] item: Leftovers","|upkeep","|turn|66","||adding 10 for new turn","|","|t:|1752977317","|move|p2a: Blissey|Ice Beam|p1a: Milotic","|-resisted|p1a: Milotic","|-damage|p1a: Milotic|330/393 par","|cant|p1a: Milotic|par","|","|-weather|Sandstorm|[upkeep]","|-damage|p2a: Blissey|530/661|[from] Sandstorm","|-damage|p1a: Milotic|306/393 par|[from] Sandstorm","|-heal|p2a: Blissey|571/661|[from] item: Leftovers","|-heal|p1a: Milotic|330/393 par|[from] item: Leftovers","|upkeep","|turn|67","||adding 10 for new turn","|","|t:|1752977321","|move|p2a: Blissey|Ice Beam|p1a: Milotic","|-resisted|p1a: Milotic","|-damage|p1a: Milotic|298/393 par","|move|p1a: Milotic|Recover|p1a: Milotic","|-heal|p1a: Milotic|393/393 par","|","|-weather|Sandstorm|[upkeep]","|-damage|p2a: Blissey|530/661|[from] Sandstorm","|-damage|p1a: Milotic|369/393 par|[from] Sandstorm","|-heal|p2a: Blissey|571/661|[from] item: Leftovers","|-heal|p1a: Milotic|393/393 par|[from] item: Leftovers","|upkeep","|turn|68","||adding 10 for new turn","|","|t:|1752977326","|move|p2a: Blissey|Ice Beam|p1a: Milotic","|-resisted|p1a: Milotic","|-damage|p1a: Milotic|363/393 par","|move|p1a: Milotic|Hypnosis|p2a: Blissey","|-status|p2a: Blissey|slp|[from] move: Hypnosis","|","|-weather|Sandstorm|[upkeep]","|-damage|p2a: Blissey|530/661 slp|[from] Sandstorm","|-damage|p1a: Milotic|339/393 par|[from] Sandstorm","|-heal|p2a: Blissey|571/661 slp|[from] item: Leftovers","|-heal|p1a: Milotic|363/393 par|[from] item: Leftovers","|upkeep","|turn|69","||adding 10 for new turn","|","|t:|1752977330","|cant|p2a: Blissey|slp","|move|p1a: Milotic|Surf|p2a: Blissey","|-damage|p2a: Blissey|481/661 slp","|","|-weather|Sandstorm|[upkeep]","|-damage|p2a: Blissey|440/661 slp|[from] Sandstorm","|-damage|p1a: Milotic|339/393 par|[from] Sandstorm","|-heal|p2a: Blissey|481/661 slp|[from] item: Leftovers","|-heal|p1a: Milotic|363/393 par|[from] item: Leftovers","|upkeep","|turn|70","||adding 10 for new turn","|","|t:|1752977335","|cant|p2a: Blissey|slp","|cant|p1a: Milotic|par","|","|-weather|Sandstorm|[upkeep]","|-damage|p2a: Blissey|440/661 slp|[from] Sandstorm","|-damage|p1a: Milotic|339/393 par|[from] Sandstorm","|-heal|p2a: Blissey|481/661 slp|[from] item: Leftovers","|-heal|p1a: Milotic|363/393 par|[from] item: Leftovers","|upkeep","|turn|71","||adding 10 for new turn","|","|t:|1752977339","|cant|p2a: Blissey|slp","|move|p1a: Milotic|Surf|p2a: Blissey","|-damage|p2a: Blissey|387/661 slp","|","|-weather|Sandstorm|[upkeep]","|-damage|p2a: Blissey|346/661 slp|[from] Sandstorm","|-damage|p1a: Milotic|339/393 par|[from] Sandstorm","|-heal|p2a: Blissey|387/661 slp|[from] item: Leftovers","|-heal|p1a: Milotic|363/393 par|[from] item: Leftovers","|upkeep","|turn|72","||adding 10 for new turn","|","|t:|1752977344","|cant|p2a: Blissey|slp","|move|p1a: Milotic|Hypnosis|p2a: Blissey|[miss]","|-miss|p1a: Milotic|p2a: Blissey","|","|-weather|Sandstorm|[upkeep]","|-damage|p2a: Blissey|346/661 slp|[from] Sandstorm","|-damage|p1a: Milotic|339/393 par|[from] Sandstorm","|-heal|p2a: Blissey|387/661 slp|[from] item: Leftovers","|-heal|p1a: Milotic|363/393 par|[from] item: Leftovers","|upkeep","|turn|73","||adding 10 for new turn","|","|t:|1752977348","|-curestatus|p2a: Blissey|slp|[msg]","|move|p2a: Blissey|Soft-Boiled|p2a: Blissey","|-heal|p2a: Blissey|661/661","|move|p1a: Milotic|Ice Beam|p2a: Blissey","|-damage|p2a: Blissey|607/661","|","|-weather|Sandstorm|[upkeep]","|-damage|p2a: Blissey|566/661|[from] Sandstorm","|-damage|p1a: Milotic|339/393 par|[from] Sandstorm","|-heal|p2a: Blissey|607/661|[from] item: Leftovers","|-heal|p1a: Milotic|363/393 par|[from] item: Leftovers","|upkeep","|turn|74","||adding 10 for new turn","|","|t:|1752977352","|move|p2a: Blissey|Ice Beam|p1a: Milotic","|-resisted|p1a: Milotic","|-damage|p1a: Milotic|330/393 par","|move|p1a: Milotic|Surf|p2a: Blissey","|-damage|p2a: Blissey|528/661","|","|-weather|Sandstorm|[upkeep]","|-damage|p2a: Blissey|487/661|[from] Sandstorm","|-damage|p1a: Milotic|306/393 par|[from] Sandstorm","|-heal|p2a: Blissey|528/661|[from] item: Leftovers","|-heal|p1a: Milotic|330/393 par|[from] item: Leftovers","|upkeep","|turn|75","||adding 10 for new turn","|","|t:|1752977357","|move|p2a: Blissey|Ice Beam|p1a: Milotic","|-resisted|p1a: Milotic","|-damage|p1a: Milotic|297/393 par","|cant|p1a: Milotic|par","|","|-weather|Sandstorm|[upkeep]","|-damage|p2a: Blissey|487/661|[from] Sandstorm","|-damage|p1a: Milotic|273/393 par|[from] Sandstorm","|-heal|p2a: Blissey|528/661|[from] item: Leftovers","|-heal|p1a: Milotic|297/393 par|[from] item: Leftovers","|upkeep","|turn|76","||adding 10 for new turn","|","|t:|1752977361","|move|p2a: Blissey|Ice Beam|p1a: Milotic","|-resisted|p1a: Milotic","|-damage|p1a: Milotic|266/393 par","|cant|p1a: Milotic|par","|","|-weather|Sandstorm|[upkeep]","|-damage|p2a: Blissey|487/661|[from] Sandstorm","|-damage|p1a: Milotic|242/393 par|[from] Sandstorm","|-heal|p2a: Blissey|528/661|[from] item: Leftovers","|-heal|p1a: Milotic|266/393 par|[from] item: Leftovers","|upkeep","|turn|77","||adding 10 for new turn","|","|t:|1752977366","|move|p2a: Blissey|Ice Beam|p1a: Milotic","|-resisted|p1a: Milotic","|-damage|p1a: Milotic|235/393 par","|move|p1a: Milotic|Recover|p1a: Milotic","|-heal|p1a: Milotic|393/393 par","|","|-weather|Sandstorm|[upkeep]","|-damage|p2a: Blissey|487/661|[from] Sandstorm","|-damage|p1a: Milotic|369/393 par|[from] Sandstorm","|-heal|p2a: Blissey|528/661|[from] item: Leftovers","|-heal|p1a: Milotic|393/393 par|[from] item: Leftovers","|upkeep","|turn|78","||adding 10 for new turn","|","|t:|1752977370","|move|p2a: Blissey|Ice Beam|p1a: Milotic","|-resisted|p1a: Milotic","|-damage|p1a: Milotic|361/393 par","|move|p1a: Milotic|Surf|p2a: Blissey","|-crit|p2a: Blissey","|-damage|p2a: Blissey|364/661","|","|-weather|Sandstorm|[upkeep]","|-damage|p2a: Blissey|323/661|[from] Sandstorm","|-damage|p1a: Milotic|337/393 par|[from] Sandstorm","|-heal|p2a: Blissey|364/661|[from] item: Leftovers","|-heal|p1a: Milotic|361/393 par|[from] item: Leftovers","|upkeep","|turn|79","||adding 10 for new turn","|","|t:|1752977375","|move|p2a: Blissey|Ice Beam|p1a: Milotic","|-resisted|p1a: Milotic","|-damage|p1a: Milotic|331/393 par","|move|p1a: Milotic|Hypnosis|p2a: Blissey","|-status|p2a: Blissey|slp|[from] move: Hypnosis","|","|-weather|Sandstorm|[upkeep]","|-damage|p2a: Blissey|323/661 slp|[from] Sandstorm","|-damage|p1a: Milotic|307/393 par|[from] Sandstorm","|-heal|p2a: Blissey|364/661 slp|[from] item: Leftovers","|-heal|p1a: Milotic|331/393 par|[from] item: Leftovers","|upkeep","|turn|80","||adding 10 for new turn","|","|t:|1752977379","|cant|p2a: Blissey|slp","|move|p1a: Milotic|Recover|p1a: Milotic","|-heal|p1a: Milotic|393/393 par","|","|-weather|Sandstorm|[upkeep]","|-damage|p2a: Blissey|323/661 slp|[from] Sandstorm","|-damage|p1a: Milotic|369/393 par|[from] Sandstorm","|-heal|p2a: Blissey|364/661 slp|[from] item: Leftovers","|-heal|p1a: Milotic|393/393 par|[from] item: Leftovers","|upkeep","|turn|81","||adding 10 for new turn","|","|t:|1752977383","|cant|p2a: Blissey|slp","|cant|p1a: Milotic|par","|","|-weather|Sandstorm|[upkeep]","|-damage|p2a: Blissey|323/661 slp|[from] Sandstorm","|-damage|p1a: Milotic|369/393 par|[from] Sandstorm","|-heal|p2a: Blissey|364/661 slp|[from] item: Leftovers","|-heal|p1a: Milotic|393/393 par|[from] item: Leftovers","|upkeep","|turn|82","||adding 10 for new turn","|","|t:|1752977388","|cant|p2a: Blissey|slp","|cant|p1a: Milotic|par","|","|-weather|Sandstorm|[upkeep]","|-damage|p2a: Blissey|323/661 slp|[from] Sandstorm","|-damage|p1a: Milotic|369/393 par|[from] Sandstorm","|-heal|p2a: Blissey|364/661 slp|[from] item: Leftovers","|-heal|p1a: Milotic|393/393 par|[from] item: Leftovers","|upkeep","|turn|83","||adding 10 for new turn","|","|t:|1752977392","|cant|p2a: Blissey|slp","|move|p1a: Milotic|Hypnosis|p2a: Blissey","|-fail|p2a: Blissey|slp","|","|-weather|Sandstorm|[upkeep]","|-damage|p2a: Blissey|323/661 slp|[from] Sandstorm","|-damage|p1a: Milotic|369/393 par|[from] Sandstorm","|-heal|p2a: Blissey|364/661 slp|[from] item: Leftovers","|-heal|p1a: Milotic|393/393 par|[from] item: Leftovers","|upkeep","|turn|84","||adding 10 for new turn","|","|t:|1752977396","|-curestatus|p2a: Blissey|slp|[msg]","|move|p2a: Blissey|Ice Beam|p1a: Milotic","|-resisted|p1a: Milotic","|-damage|p1a: Milotic|363/393 par","|cant|p1a: Milotic|par","|","|-weather|Sandstorm|[upkeep]","|-damage|p2a: Blissey|323/661|[from] Sandstorm","|-damage|p1a: Milotic|339/393 par|[from] Sandstorm","|-heal|p2a: Blissey|364/661|[from] item: Leftovers","|-heal|p1a: Milotic|363/393 par|[from] item: Leftovers","|upkeep","|turn|85","||adding 10 for new turn","|","|t:|1752977401","|move|p2a: Blissey|Ice Beam|p1a: Milotic","|-resisted|p1a: Milotic","|-damage|p1a: Milotic|334/393 par","|cant|p1a: Milotic|par","|","|-weather|Sandstorm|[upkeep]","|-damage|p2a: Blissey|323/661|[from] Sandstorm","|-damage|p1a: Milotic|310/393 par|[from] Sandstorm","|-heal|p2a: Blissey|364/661|[from] item: Leftovers","|-heal|p1a: Milotic|334/393 par|[from] item: Leftovers","|upkeep","|turn|86","||adding 10 for new turn","|","|t:|1752977405","|move|p2a: Blissey|Ice Beam|p1a: Milotic","|-resisted|p1a: Milotic","|-damage|p1a: Milotic|305/393 par","|move|p1a: Milotic|Recover|p1a: Milotic","|-heal|p1a: Milotic|393/393 par","|","|-weather|Sandstorm|[upkeep]","|-damage|p2a: Blissey|323/661|[from] Sandstorm","|-damage|p1a: Milotic|369/393 par|[from] Sandstorm","|-heal|p2a: Blissey|364/661|[from] item: Leftovers","|-heal|p1a: Milotic|393/393 par|[from] item: Leftovers","|upkeep","|turn|87","||adding 10 for new turn","|","|t:|1752977410","|move|p2a: Blissey|Ice Beam|p1a: Milotic","|-resisted|p1a: Milotic","|-damage|p1a: Milotic|364/393 par","|move|p1a: Milotic|Hypnosis|p2a: Blissey|[miss]","|-miss|p1a: Milotic|p2a: Blissey","|","|-weather|Sandstorm|[upkeep]","|-damage|p2a: Blissey|323/661|[from] Sandstorm","|-damage|p1a: Milotic|340/393 par|[from] Sandstorm","|-heal|p2a: Blissey|364/661|[from] item: Leftovers","|-heal|p1a: Milotic|364/393 par|[from] item: Leftovers","|upkeep","|turn|88","||adding 10 for new turn","|","|t:|1752977414","|move|p2a: Blissey|Thunder Wave|p1a: Milotic","|-fail|p1a: Milotic|par","|move|p1a: Milotic|Surf|p2a: Blissey","|-damage|p2a: Blissey|270/661","|","|-weather|Sandstorm|[upkeep]","|-damage|p2a: Blissey|229/661|[from] Sandstorm","|-damage|p1a: Milotic|340/393 par|[from] Sandstorm","|-heal|p2a: Blissey|270/661|[from] item: Leftovers","|-heal|p1a: Milotic|364/393 par|[from] item: Leftovers","|upkeep","|turn|89","||adding 10 for new turn","|","|t:|1752977418","|move|p2a: Blissey|Thunder Wave|p1a: Milotic","|-fail|p1a: Milotic|par","|move|p1a: Milotic|Ice Beam|p2a: Blissey","|-damage|p2a: Blissey|211/661","|","|-weather|Sandstorm|[upkeep]","|-damage|p2a: Blissey|170/661|[from] Sandstorm","|-damage|p1a: Milotic|340/393 par|[from] Sandstorm","|-heal|p2a: Blissey|211/661|[from] item: Leftovers","|-heal|p1a: Milotic|364/393 par|[from] item: Leftovers","|upkeep","|turn|90","||adding 10 for new turn","|","|t:|1752977423","|move|p2a: Blissey|Thunder Wave|p1a: Milotic","|-fail|p1a: Milotic|par","|move|p1a: Milotic|Surf|p2a: Blissey","|-damage|p2a: Blissey|118/661","|","|-weather|Sandstorm|[upkeep]","|-damage|p2a: Blissey|77/661|[from] Sandstorm","|-damage|p1a: Milotic|340/393 par|[from] Sandstorm","|-heal|p2a: Blissey|118/661|[from] item: Leftovers","|-heal|p1a: Milotic|364/393 par|[from] item: Leftovers","|upkeep","|turn|91","||adding 10 for new turn","|","|t:|1752977427","|move|p2a: Blissey|Thunder Wave|p1a: Milotic","|-fail|p1a: Milotic|par","|cant|p1a: Milotic|par","|","|-weather|Sandstorm|[upkeep]","|-damage|p2a: Blissey|77/661|[from] Sandstorm","|-damage|p1a: Milotic|340/393 par|[from] Sandstorm","|-heal|p2a: Blissey|118/661|[from] item: Leftovers","|-heal|p1a: Milotic|364/393 par|[from] item: Leftovers","|upkeep","|turn|92","||adding 10 for new turn","|","|t:|1752977432","|move|p2a: Blissey|Thunder Wave|p1a: Milotic","|-fail|p1a: Milotic|par","|move|p1a: Milotic|Surf|p2a: Blissey","|-damage|p2a: Blissey|34/661","|","|-weather|Sandstorm|[upkeep]","|-damage|p2a: Blissey|0 fnt|[from] Sandstorm","|-damage|p1a: Milotic|340/393 par|[from] Sandstorm","|faint|p2a: Blissey","|-heal|p1a: Milotic|364/393 par|[from] item: Leftovers","|upkeep","||adding 5 to each for mid turn request","|","|t:|1752977436","|switch|p2a: Tyranitar|Tyranitar, F|387/387","|turn|93","||adding 10 for new turn","|","|t:|1752977443","|move|p1a: Milotic|Surf|p2a: Tyranitar","|-supereffective|p2a: Tyranitar","|-damage|p2a: Tyranitar|178/387","|move|p2a: Tyranitar|Roar|p1a: Milotic","|drag|p1a: Gyarados|Gyarados, M|130/330 par","|-ability|p1a: Gyarados|Intimidate|boost","|-unboost|p2a: Tyranitar|atk|1","|","|-weather|Sandstorm|[upkeep]","|-damage|p1a: Gyarados|110/330 par|[from] Sandstorm","|-heal|p2a: Tyranitar|202/387|[from] item: Leftovers","|-heal|p1a: Gyarados|130/330 par|[from] item: Leftovers","|upkeep","|turn|94","||adding 10 for new turn","|","|t:|1752977451","|move|p2a: Tyranitar|Rock Slide|p1a: Gyarados","|-supereffective|p1a: Gyarados","|-damage|p1a: Gyarados|0 fnt","|faint|p1a: Gyarados","||adding 5 to each for mid turn request","|","|t:|1752977459","|switch|p1a: Milotic|Milotic, F|364/393 par","|-damage|p1a: Milotic|315/393 par|[from] Spikes","|","|-weather|Sandstorm|[upkeep]","|-damage|p1a: Milotic|291/393 par|[from] Sandstorm","|-heal|p2a: Tyranitar|226/387|[from] item: Leftovers","|-heal|p1a: Milotic|315/393 par|[from] item: Leftovers","|upkeep","|turn|95","||adding 10 for new turn","|","|t:|1752977467","|move|p2a: Tyranitar|Rock Slide|p1a: Milotic","|-damage|p1a: Milotic|254/393 par","|cant|p1a: Milotic|flinch","|","|-weather|Sandstorm|[upkeep]","|-damage|p1a: Milotic|230/393 par|[from] Sandstorm","|-heal|p2a: Tyranitar|250/387|[from] item: Leftovers","|-heal|p1a: Milotic|254/393 par|[from] item: Leftovers","|upkeep","|turn|96","||adding 10 for new turn","|","|t:|1752977475","|move|p1a: Milotic|Hypnosis|p2a: Tyranitar","|-status|p2a: Tyranitar|slp|[from] move: Hypnosis","|cant|p2a: Tyranitar|slp","|","|-weather|Sandstorm|[upkeep]","|-damage|p1a: Milotic|230/393 par|[from] Sandstorm","|-heal|p2a: Tyranitar|274/387 slp|[from] item: Leftovers","|-heal|p1a: Milotic|254/393 par|[from] item: Leftovers","|upkeep","|turn|97","||adding 10 for new turn","|","|t:|1752977483","|move|p1a: Milotic|Ice Beam|p2a: Tyranitar","|-crit|p2a: Tyranitar","|-damage|p2a: Tyranitar|110/387 slp","|-curestatus|p2a: Tyranitar|slp|[msg]","|move|p2a: Tyranitar|Roar|p1a: Milotic","|drag|p1a: Celebi|Celebi|401/401","|-damage|p1a: Celebi|351/401|[from] Spikes","|","|-weather|Sandstorm|[upkeep]","|-damage|p1a: Celebi|326/401|[from] Sandstorm","|-heal|p1a: Celebi|351/401|[from] item: Leftovers","|-heal|p2a: Tyranitar|134/387|[from] item: Leftovers","|upkeep","|turn|98","||adding 10 for new turn","|","|t:|1752977491","|switch|p1a: Milotic|Milotic, F|254/393 par","|-damage|p1a: Milotic|205/393 par|[from] Spikes","|switch|p2a: Claydol|Claydol|317/317","|","|-weather|Sandstorm|[upkeep]","|-damage|p1a: Milotic|181/393 par|[from] Sandstorm","|-heal|p1a: Milotic|205/393 par|[from] item: Leftovers","|upkeep","|turn|99","||adding 10 for new turn","|","|t:|1752977499","|switch|p2a: Tyranitar|Tyranitar, F|134/387","|cant|p1a: Milotic|par","|","|-weather|Sandstorm|[upkeep]","|-damage|p1a: Milotic|181/393 par|[from] Sandstorm","|-heal|p2a: Tyranitar|158/387|[from] item: Leftovers","|-heal|p1a: Milotic|205/393 par|[from] item: Leftovers","|upkeep","|turn|100","||adding 10 for new turn","|","|t:|1752977506","|move|p2a: Tyranitar|Rock Slide|p1a: Milotic|[miss]","|-miss|p2a: Tyranitar|p1a: Milotic","|move|p1a: Milotic|Ice Beam|p2a: Tyranitar","|-damage|p2a: Tyranitar|79/387","|","|-weather|Sandstorm|[upkeep]","|-damage|p1a: Milotic|181/393 par|[from] Sandstorm","|-heal|p2a: Tyranitar|103/387|[from] item: Leftovers","|-heal|p1a: Milotic|205/393 par|[from] item: Leftovers","|upkeep","|turn|101","||adding 10 for new turn","|","|t:|1752977514","|move|p2a: Tyranitar|Rock Slide|p1a: Milotic","|-damage|p1a: Milotic|120/393 par","|cant|p1a: Milotic|par","|","|-weather|Sandstorm|[upkeep]","|-damage|p1a: Milotic|96/393 par|[from] Sandstorm","|-heal|p2a: Tyranitar|127/387|[from] item: Leftovers","|-heal|p1a: Milotic|120/393 par|[from] item: Leftovers","|upkeep","|turn|102","||adding 10 for new turn","|","|t:|1752977522","|move|p2a: Tyranitar|Rock Slide|p1a: Milotic","|-damage|p1a: Milotic|28/393 par","|cant|p1a: Milotic|flinch","|","|-weather|Sandstorm|[upkeep]","|-damage|p1a: Milotic|4/393 par|[from] Sandstorm","|-heal|p2a: Tyranitar|151/387|[from] item: Leftovers","|-heal|p1a: Milotic|28/393 par|[from] item: Leftovers","|upkeep","|turn|103","||adding 10 for new turn","|","|t:|1752977529","|switch|p1a: Celebi|Celebi|351/401","|-damage|p1a: Celebi|301/401|[from] Spikes","|move|p2a: Tyranitar|Earthquake|p1a: Celebi","|-resisted|p1a: Celebi","|-damage|p1a: Celebi|241/401","|","|-weather|Sandstorm|[upkeep]","|-damage|p1a: Celebi|216/401|[from] Sandstorm","|-heal|p1a: Celebi|241/401|[from] item: Leftovers","|-heal|p2a: Tyranitar|175/387|[from] item: Leftovers","|upkeep","|turn|104","||adding 10 for new turn","|","|t:|1752977537","|move|p1a: Celebi|Baton Pass|p1a: Celebi","||adding 5 to each for mid turn request","|","|t:|1752977541","|switch|p1a: Magneton|Magneton|277/277|[from] Baton Pass","|-damage|p1a: Magneton|243/277|[from] Spikes","|move|p2a: Tyranitar|Hidden Power|p1a: Magneton","|-resisted|p1a: Magneton","|-damage|p1a: Magneton|194/277","|","|-weather|Sandstorm|[upkeep]","|-heal|p1a: Magneton|211/277|[from] item: Leftovers","|-heal|p2a: Tyranitar|199/387|[from] item: Leftovers","|upkeep","|turn|105","||adding 10 for new turn","|","|t:|1752977548","|switch|p1a: Celebi|Celebi|241/401","|-damage|p1a: Celebi|191/401|[from] Spikes","|move|p2a: Tyranitar|Earthquake|p1a: Celebi","|-resisted|p1a: Celebi","|-damage|p1a: Celebi|129/401","|","|-weather|Sandstorm|[upkeep]","|-damage|p1a: Celebi|104/401|[from] Sandstorm","|-heal|p1a: Celebi|129/401|[from] item: Leftovers","|-heal|p2a: Tyranitar|223/387|[from] item: Leftovers","|upkeep","|turn|106","||adding 10 for new turn","|","|t:|1752977556","|move|p1a: Celebi|Baton Pass|p1a: Celebi","||adding 5 to each for mid turn request","|","|t:|1752977559","|switch|p1a: Magneton|Magneton|211/277|[from] Baton Pass","|-damage|p1a: Magneton|177/277|[from] Spikes","|move|p2a: Tyranitar|Hidden Power|p1a: Magneton","|-resisted|p1a: Magneton","|-damage|p1a: Magneton|130/277","|","|-weather|Sandstorm|[upkeep]","|-heal|p1a: Magneton|147/277|[from] item: Leftovers","|-heal|p2a: Tyranitar|247/387|[from] item: Leftovers","|upkeep","|turn|107","||adding 10 for new turn","|","|t:|1752977567","|move|p1a: Magneton|Thunder Wave|p2a: Tyranitar","|-status|p2a: Tyranitar|par","|move|p2a: Tyranitar|Earthquake|p1a: Magneton","|-supereffective|p1a: Magneton","|-damage|p1a: Magneton|0 fnt","|faint|p1a: Magneton","||adding 5 to each for mid turn request","|","|t:|1752977570","|switch|p1a: Milotic|Milotic, F|28/393 par","|-damage|p1a: Milotic|0 fnt|[from] Spikes","|faint|p1a: Milotic","||adding 5 to each for mid turn request","|","|t:|1752977574","|switch|p1a: Celebi|Celebi|129/401","|-damage|p1a: Celebi|79/401|[from] Spikes","|","|-weather|Sandstorm|[upkeep]","|-damage|p1a: Celebi|54/401|[from] Sandstorm","|-heal|p1a: Celebi|79/401|[from] item: Leftovers","|-heal|p2a: Tyranitar|271/387 par|[from] item: Leftovers","|upkeep","|turn|108","||adding 10 for new turn","|","|t:|1752977580","|switch|p2a: Dugtrio|Dugtrio, F|211/211","|move|p1a: Celebi|Hidden Power|p2a: Dugtrio","|-resisted|p2a: Dugtrio","|-damage|p2a: Dugtrio|164/211","|","|-weather|Sandstorm|[upkeep]","|-damage|p1a: Celebi|54/401|[from] Sandstorm","|-heal|p1a: Celebi|79/401|[from] item: Leftovers","|upkeep","|turn|109","||adding 10 for new turn","|","|t:|1752977587","|move|p2a: Dugtrio|Earthquake|p1a: Celebi","|-resisted|p1a: Celebi","|-damage|p1a: Celebi|0 fnt","|faint|p1a: Celebi","|","|win|foultestacceptor1",""],"p1rating":null,"p2rating":null,"endType":"normal","ladderError":true,"timestamp":"Sat Jul 19 2025 19:13:07 GMT-0700 (アメリカ太平洋夏時間)","roomid":"battle-gen3ou-1033","format":"gen3ou"}