{"winner":"foultestacceptor1","seed":"sodium,2cdccecfe3e52d4bbf261cbeec6bead9","turns":168,"p1":"foultestchallenge1","p2":"foultestacceptor1","p1team":[{"name":"Metagross","species":"Metagross","item":"Leftovers","ability":"Clear Body","moves":["Meteor Mash","Earthquake","Agility","Explosion"],"nature":"Adamant","evs":{"hp":152,"atk":252,"def":0,"spa":0,"spd":0,"spe":104},"gender":"N","level":100,"ivs":{"hp":31,"atk":31,"def":31,"spa":31,"spd":31,"spe":31}},{"name":"Milotic","species":"Milotic","item":"Leftovers","ability":"Marvel Scale","moves":["Hypnosis","Surf","Ice Beam","Recover"],"nature":"Bold","evs":{"hp":248,"atk":0,"def":212,"spa":0,"spd":0,"spe":48},"gender":"M","ivs":{"hp":31,"atk":0,"def":31,"spa":31,"spd":31,"spe":31},"level":100},{"name":"Celebi","species":"Celebi","item":"Leftovers","ability":"Natural Cure","moves":["Swords Dance","Hidden Power Rock","Baton Pass","Recover"],"nature":"Jolly","evs":{"hp":240,"atk":0,"def":44,"spa":0,"spd":4,"spe":220},"gender":"N","ivs":{"hp":31,"atk":31,"def":30,"spa":31,"spd":30,"spe":30},"happiness":255,"hpType":"Rock","pokeball":"","gigantamax":false,"dynamaxLevel":10,"teraType":"","level":100},{"name":"Magneton","species":"Magneton","item":"Leftovers","ability":"Magnet Pull","moves":["Thunderbolt","Hidden Power Fire","Thunder Wave","Toxic"],"nature":"Timid","evs":{"hp":144,"atk":0,"def":0,"spa":112,"spd":0,"spe":252},"gender":"N","ivs":{"hp":31,"atk":2,"def":31,"spa":30,"spd":31,"spe":30},"happiness":255,"hpType":"Fire","pokeball":"","gigantamax":false,"dynamaxLevel":10,"teraType":"","level":100},{"name":"Heracross","species":"Heracross","item":"Leftovers","ability":"Guts","moves":["Megahorn","Rock Slide","Hidden Power Ghost","Brick Break"],"nature":"Adamant","evs":{"hp":144,"atk":16,"def":0,"spa":0,"spd":184,"spe":164},"gender":"F","ivs":{"hp":31,"atk":31,"def":30,"spa":31,"spd":30,"spe":31},"happiness":255,"hpType":"Ghost","pokeball":"","gigantamax":false,"dynamaxLevel":10,"teraType":"","level":100},{"name":"Gyarados","species":"Gyarados","item":"Leftovers","ability":"Intimidate","moves":["Hidden Power Flying","Double-Edge","Earthquake","Dragon Dance"],"nature":"Jolly","evs":{"hp":0,"atk":252,"def":4,"spa":0,"spd":0,"spe":252},"gender":"M","ivs":{"hp":30,"atk":30,"def":30,"spa":30,"spd":30,"spe":31},"happiness":255,"hpType":"Flying","pokeball":"","gigantamax":false,"dynamaxLevel":10,"teraType":"","level":100}],"p2team":[{"name":"Dugtrio","species":"Dugtrio","item":"Choice Band","ability":"Arena Trap","moves":["Earthquake","Hidden Power Bug","Aerial Ace","Sunny Day"],"nature":"Adamant","evs":{"hp":96,"atk":168,"def":20,"spa":0,"spd":0,"spe":224},"gender":"M","ivs":{"hp":31,"atk":30,"def":30,"spa":31,"spd":30,"spe":31},"happiness":255,"hpType":"Bug","pokeball":"","gigantamax":false,"dynamaxLevel":10,"teraType":"","level":100},{"name":"Forretress","species":"Forretress","item":"Leftovers","ability":"Sturdy","moves":["Spikes","Zap Cannon","Explosion","Hidden Power Bug"],"nature":"Careful","evs":{"hp":252,"atk":0,"def":4,"spa":0,"spd":252,"spe":0},"gender":"M","ivs":{"hp":31,"atk":30,"def":30,"spa":31,"spd":30,"spe":31},"happiness":255,"hpType":"Bug","pokeball":"","gigantamax":false,"dynamaxLevel":10,"teraType":"","level":100},{"name":"Snorlax","species":"Snorlax","item":"Leftovers","ability":"Immunity","moves":["Return","Curse","Rest","Shadow Ball"],"nature":"Careful","evs":{"hp":144,"atk":96,"def":132,"spa":0,"spd":136,"spe":0},"gender":"M","level":100,"ivs":{"hp":31,"atk":31,"def":31,"spa":31,"spd":31,"spe":31}},{"name":"Suicune","species":"Suicune","item":"Leftovers","ability":"Pressure","moves":["Calm Mind","Rest","Ice Beam","Surf"],"nature":"Bold","evs":{"hp":240,"atk":0,"def":252,"spa":0,"spd":0,"spe":16},"gender":"N","ivs":{"hp":31,"atk":0,"def":31,"spa":31,"spd":31,"spe":31},"level":100},{"name":"Claydol","species":"Claydol","item":"Leftovers","ability":"Levitate","moves":["Earthquake","Psychic","Rapid Spin","Rest"],"nature":"Lonely","evs":{"hp":252,"atk":224,"def":0,"spa":24,"spd":0,"spe":8},"gender":"N","level":100,"ivs":{"hp":31,"atk":31,"def":31,"spa":31,"spd":31,"spe":31}},{"name":"Blissey","species":"Blissey","item":"Leftovers","ability":"Natural Cure","moves":["Soft-Boiled","Seismic Toss","Thunder Wave","Aromatherapy"],"nature":"Bold","evs":{"hp":252,"atk":0,"def":252,"spa":0,"spd":0,"spe":4},"gender":"F","ivs":{"hp":31,"atk":0,"def":31,"spa":31,"spd":31,"spe":31},"level":100}],"score":[0,3],"inputLog":[">version 372d05e49c92a79eecdf6c8dddb208bd1765c00f",">start {\"formatid\":\"gen3ou\",\"seed\":\"sodium,2cdccecfe3e52d4bbf261cbeec6bead9\"}",">player p1 {\"name\":\"foultestchallenge1\",\"avatar\":\"102\",\"team\":\"Metagross||Leftovers|ClearBody|MeteorMash,Earthquake,Agility,Explosion|Adamant|152,252,,,,104|N||||]Milotic||Leftovers|MarvelScale|Hypnosis,Surf,IceBeam,Recover|Bold|248,,212,,,48|M|,0,,,,|||]Celebi||Leftovers|NaturalCure|SwordsDance,HiddenPowerRock,BatonPass,Recover|Jolly|240,,44,,4,220|N|,,30,,30,30|||,Rock,,,,]Magneton||Leftovers|MagnetPull|Thunderbolt,HiddenPowerFire,ThunderWave,Toxic|Timid|144,,,112,,252|N|,2,,30,,30|||,Fire,,,,]Heracross||Leftovers|Guts|Megahorn,RockSlide,HiddenPowerGhost,BrickBreak|Adamant|144,16,,,184,164|F|,,30,,30,|||,Ghost,,,,]Gyarados||Leftovers|Intimidate|HiddenPowerFlying,DoubleEdge,Earthquake,DragonDance|Jolly|,252,4,,,252|M|30,30,30,30,30,|||,Flying,,,,\",\"rating\":0}",">player p2 {\"name\":\"foultestacceptor1\",\"avatar\":\"102\",\"team\":\"Dugtrio||ChoiceBand|ArenaTrap|Earthquake,HiddenPowerBug,AerialAce,SunnyDay|Adamant|96,168,20,,,224|M|,30,30,,30,|||,Bug,,,,]Forretress||Leftovers|Sturdy|Spikes,ZapCannon,Explosion,HiddenPowerBug|Careful|252,,4,,252,|M|,30,30,,30,|||,Bug,,,,]Snorlax||Leftovers|Immunity|Return,Curse,Rest,ShadowBall|Careful|144,96,132,,136,|M||||]Suicune||Leftovers|Pressure|CalmMind,Rest,IceBeam,Surf|Bold|240,,252,,,16|N|,0,,,,|||]Claydol||Leftovers|Levitate|Earthquake,Psychic,RapidSpin,Rest|Lonely|252,224,,24,,8|N||||]Blissey||Leftovers|NaturalCure|SoftBoiled,SeismicToss,ThunderWave,Aromatherapy|Bold|252,,252,,,4|F|,0,,,,|||\",\"rating\":0}",">p1 move meteormash",">p2 switch 2",">p1 move earthquake",">p2 move spikes",">p1 move earthquake",">p2 move spikes",">p1 move earthquake",">p2 move spikes",">p1 move meteormash",">p2 switch 4",">p1 move earthquake",">p2 move calmmind",">p1 move explosion",">p2 move surf",">p1 switch 6",">p2 switch 3",">p1 move dragondance",">p2 move return",">p1 move dragondance",">p2 move return",">p1 move hiddenpower",">p2 move curse",">p1 move doubleedge",">p2 move return",">p2 switch 6",">p1 move hiddenpower",">p2 move thunderwave",">p1 move dragondance",">p2 move seismictoss",">p1 move hiddenpower",">p2 move seismictoss",">p1 switch 5",">p1 move brickbreak",">p2 switch 4",">p2 switch 2",">p1 move brickbreak",">p2 move aerialace",">p1 switch 2",">p1 move hypnosis",">p2 switch 4",">p1 move surf",">p2 move thunderwave",">p1 move surf",">p2 move thunderwave",">p1 move surf",">p2 move softboiled",">p1 move surf",">p2 move softboiled",">p1 move surf",">p2 move softboiled",">p1 move hypnosis",">p2 move thunderwave",">p1 move surf",">p2 move thunderwave",">p1 move surf",">p2 move thunderwave",">p1 move hypnosis",">p2 move seismictoss",">p1 move recover",">p2 move seismictoss",">p1 move recover",">p2 move seismictoss",">p1 move hypnosis",">p2 move seismictoss",">p1 move recover",">p2 move seismictoss",">p1 move hypnosis",">p2 move seismictoss",">p1 move surf",">p2 move seismictoss",">p1 move surf",">p2 move seismictoss",">p1 move recover",">p2 move seismictoss",">p1 move recover",">p2 move seismictoss",">p1 move recover",">p2 move seismictoss",">p1 move recover",">p2 move seismictoss",">p1 move hypnosis",">p2 move seismictoss",">p1 move recover",">p2 move seismictoss",">p1 move hypnosis",">p2 move seismictoss",">p1 move surf",">p2 move thunderwave",">p1 move surf",">p2 move seismictoss",">p1 move surf",">p2 move seismictoss",">p1 move recover",">p2 move seismictoss",">p1 move recover",">p2 move seismictoss",">p1 move recover",">p2 move seismictoss",">p1 move recover",">p2 move seismictoss",">p1 move hypnosis",">p2 move seismictoss",">p1 move recover",">p2 move seismictoss",">p1 move recover",">p2 move seismictoss",">p1 move hypnosis",">p2 move seismictoss",">p1 move recover",">p2 move thunderwave",">p1 move surf",">p2 move thunderwave",">p1 move surf",">p2 move thunderwave",">p1 move hypnosis",">p2 move seismictoss",">p1 move recover",">p2 move seismictoss",">p1 move recover",">p2 move seismictoss",">p1 move hypnosis",">p2 move seismictoss",">p1 move recover",">p2 move seismictoss",">p1 move hypnosis",">p2 move seismictoss",">p1 move surf",">p2 move thunderwave",">p1 move surf",">p2 move thunderwave",">p1 move hypnosis",">p2 move seismictoss",">p1 move surf",">p2 move thunderwave",">p1 move surf",">p2 move softboiled",">p1 move icebeam",">p2 move softboiled",">p1 move hypnosis",">p2 move thunderwave",">p1 move icebeam",">p2 move thunderwave",">p1 move hypnosis",">p2 move thunderwave",">p1 move icebeam",">p2 move thunderwave",">p1 move hypnosis",">p2 move thunderwave",">p1 move surf",">p2 move thunderwave",">p1 move hypnosis",">p2 move thunderwave",">p1 move hypnosis",">p2 move thunderwave",">p1 move icebeam",">p2 move thunderwave",">p1 move icebeam",">p2 move thunderwave",">p1 move hypnosis",">p2 move thunderwave",">p1 move icebeam",">p2 move thunderwave",">p1 move icebeam",">p2 move thunderwave",">p1 move icebeam",">p2 move thunderwave",">p1 move icebeam",">p2 move thunderwave",">p1 move hypnosis",">p2 move thunderwave",">p1 move surf",">p2 move thunderwave",">p1 move icebeam",">p2 move thunderwave",">p1 move surf",">p2 move thunderwave",">p1 move surf",">p2 move thunderwave",">p1 move hypnosis",">p2 move softboiled",">p1 move hypnosis",">p2 move thunderwave",">p1 move surf",">p2 move thunderwave",">p1 move surf",">p2 move thunderwave",">p1 move surf",">p2 move softboiled",">p1 move surf",">p2 move thunderwave",">p1 move hypnosis",">p2 move thunderwave",">p1 move hypnosis",">p2 move thunderwave",">p1 move surf",">p2 move softboiled",">p1 move surf",">p2 move thunderwave",">p1 move surf",">p2 move thunderwave",">p1 move hypnosis",">p2 move softboiled",">p1 move icebeam",">p2 move thunderwave",">p1 move hypnosis",">p2 move thunderwave",">p1 move icebeam",">p2 move thunderwave",">p1 move icebeam",">p2 move thunderwave",">p1 move hypnosis",">p2 move thunderwave",">p1 move hypnosis",">p2 move thunderwave",">p1 move hypnosis",">p2 move thunderwave",">p1 move icebeam",">p2 move softboiled",">p1 move icebeam",">p2 move softboiled",">p1 move hypnosis",">p2 move softboiled",">p1 move icebeam",">p2 move softboiled",">p1 move icebeam",">p2 move softboiled",">p1 move icebeam",">p2 move softboiled",">p1 move icebeam",">p2 move softboiled",">p1 move hypnosis",">p2 move thunderwave",">p1 move hypnosis",">p2 move softboiled",">p1 move icebeam",">p2 move thunderwave",">p1 move hypnosis",">p2 move thunderwave",">p1 move hypnosis",">p2 move thunderwave",">p1 move hypnosis",">p2 move thunderwave",">p1 move hypnosis",">p2 move softboiled",">p1 move icebeam",">p2 move thunderwave",">p1 move hypnosis",">p2 move thunderwave",">p1 move hypnosis",">p2 move thunderwave",">p1 move hypnosis",">p2 move softboiled",">p1 move hypnosis",">p2 move thunderwave",">p1 move hypnosis",">p2 move thunderwave",">p1 move hypnosis",">p2 move thunderwave",">p1 move hypnosis",">p2 switch 5",">p1 move hypnosis",">p2 switch 5",">p1 move hypnosis",">p2 move softboiled",">p1 move recover",">p2 switch 5",">p1 move recover",">p2 switch 5",">p1 move recover",">p2 move aromatherapy",">p1 move recover",">p2 switch 5",">p1 move hypnosis",">p2 switch 5",">p1 move recover",">p2 switch 5",">p1 move recover",">p2 switch 5",">p1 move recover",">p2 switch 5",">p1 move recover",">p2 switch 5",">p1 move recover",">p2 switch 5",">p1 move recover",">p2 switch 5",">p1 move recover",">p2 switch 5",">p1 move recover",">p2 switch 5",">p1 move recover",">p2 switch 5",">p1 move recover",">p2 switch 5",">p1 move recover",">p2 move aromatherapy",">p1 move recover",">p2 move softboiled",">p1 move recover",">p2 move aromatherapy",">p1 move recover",">p2 switch 5",">p1 move recover",">p2 switch 5",">p1 move recover",">p2 switch 5",">p1 move recover",">p2 switch 5",">p1 move recover",">p2 switch 5",">p1 move recover",">p2 switch 5",">p1 move recover",">p2 switch 5",">p1 move surf",">p2 move earthquake",">p1 move recover",">p2 move earthquake",">p1 move struggle",">p2 move earthquake",">p1 move struggle",">p2 move earthquake",">p1 move struggle",">p2 move earthquake",">p1 move struggle",">p2 move earthquake",">p1 move struggle",">p2 move psychic",">p1 move struggle",">p2 move earthquake",">p1 switch 4",">p1 switch 3",">p2 move earthquake",">p1 move recover",">p2 switch 4",">p1 move hiddenpower",">p2 move hiddenpower",">p1 move swordsdance",">p2 move hiddenpower",">p1 switch 3",">p1 move toxic",">p2 switch 4",">p1 move hiddenpower",">p2 move earthquake"],"log":["|j|☆foultestchallenge1","|j|☆foultestacceptor1","|t:|1752922252","|gametype|singles","|player|p1|foultestchallenge1|102|","|player|p2|foultestacceptor1|102|","|teamsize|p1|6","|teamsize|p2|6","|gen|3","|tier|[Gen 3] OU","|rule|Sleep Clause Mod: Limit one foe put to sleep","|rule|Switch Priority Clause Mod: Faster Pokémon switch first","|rule|Species Clause: Limit one of each Pokémon","|rule|OHKO Clause: OHKO moves are banned","|rule|Evasion Items Clause: Evasion items are banned","|rule|Evasion Moves Clause: Evasion moves are banned","|rule|Endless Battle Clause: Forcing endless battles is banned","|rule|HP Percentage Mod: HP is shown in percentages","|rule|One Boost Passer Clause: Limit one Baton Passer that has a way to boost its stats","|rule|Freeze Clause Mod: Limit one foe frozen","|","|t:|1752922252","|start","|switch|p1a: Metagross|Metagross|339/339","|switch|p2a: Dugtrio|Dugtrio, M|235/235","|turn|1","|inactive|Battle timer is ON: inactive players will automatically lose when time's up. (requested by foultestchallenge1)","|inactive|foultestacceptor1 also wants the timer to be on.","|","|t:|1752922253","|switch|p2a: Forretress|Forretress, M|354/354","|move|p1a: Metagross|Meteor Mash|p2a: Forretress","|-resisted|p2a: Forretress","|-damage|p2a: Forretress|282/354","|","|-heal|p2a: Forretress|304/354|[from] item: Leftovers","|upkeep","|turn|2","||adding 10 for new turn","|","|t:|1752922254","|move|p1a: Metagross|Earthquake|p2a: Forretress","|-damage|p2a: Forretress|198/354","|move|p2a: Forretress|Spikes|p1a: Metagross","|-sidestart|p1: foultestchallenge1|Spikes","|","|-heal|p2a: Forretress|220/354|[from] item: Leftovers","|upkeep","|turn|3","||adding 10 for new turn","|","|t:|1752922255","|move|p1a: Metagross|Earthquake|p2a: Forretress","|-damage|p2a: Forretress|119/354","|move|p2a: Forretress|Spikes|p1a: Metagross","|-sidestart|p1: foultestchallenge1|Spikes","|","|-heal|p2a: Forretress|141/354|[from] item: Leftovers","|upkeep","|turn|4","||adding 10 for new turn","|","|t:|1752922256","|move|p1a: Metagross|Earthquake|p2a: Forretress","|-damage|p2a: Forretress|39/354","|move|p2a: Forretress|Spikes|p1a: Metagross","|-sidestart|p1: foultestchallenge1|Spikes","|","|-heal|p2a: Forretress|61/354|[from] item: Leftovers","|upkeep","|turn|5","||adding 10 for new turn","|","|t:|1752922257","|switch|p2a: Suicune|Suicune|401/401","|-ability|p2a: Suicune|Pressure|[silent]","|move|p1a: Metagross|Meteor Mash|p2a: Suicune","|-resisted|p2a: Suicune","|-damage|p2a: Suicune|331/401","|","|-heal|p2a: Suicune|356/401|[from] item: Leftovers","|upkeep","|turn|6","||adding 10 for new turn","|","|t:|1752922258","|move|p2a: Suicune|Calm Mind|p2a: Suicune","|-boost|p2a: Suicune|spa|1","|-boost|p2a: Suicune|spd|1","|move|p1a: Metagross|Earthquake|p2a: Suicune","|-damage|p2a: Suicune|266/401","|","|-heal|p2a: Suicune|291/401|[from] item: Leftovers","|upkeep","|turn|7","||adding 10 for new turn","|","|t:|1752922259","|move|p2a: Suicune|Surf|p1a: Metagross","|-damage|p1a: Metagross|158/339","|move|p1a: Metagross|Explosion|p2a: Suicune","|-damage|p2a: Suicune|0 fnt","|faint|p1a: Metagross","|faint|p2a: Suicune","||adding 5 to each for mid turn request","|","|t:|1752922260","|switch|p2a: Snorlax|Snorlax, M|497/497","|switch|p1a: Gyarados|Gyarados, M|330/330","|-ability|p1a: Gyarados|Intimidate|boost","|-unboost|p2a: Snorlax|atk|1","|","|upkeep","|turn|8","||adding 10 for new turn","|","|t:|1752922261","|move|p1a: Gyarados|Dragon Dance|p1a: Gyarados","|-boost|p1a: Gyarados|atk|1","|-boost|p1a: Gyarados|spe|1","|move|p2a: Snorlax|Return|p1a: Gyarados","|-damage|p1a: Gyarados|218/330","|","|-heal|p1a: Gyarados|238/330|[from] item: Leftovers","|upkeep","|turn|9","||adding 10 for new turn","|","|t:|1752922262","|move|p1a: Gyarados|Dragon Dance|p1a: Gyarados","|-boost|p1a: Gyarados|atk|1","|-boost|p1a: Gyarados|spe|1","|move|p2a: Snorlax|Return|p1a: Gyarados","|-damage|p1a: Gyarados|119/330","|","|-heal|p1a: Gyarados|139/330|[from] item: Leftovers","|upkeep","|turn|10","||adding 10 for new turn","|","|t:|1752922263","|move|p1a: Gyarados|Hidden Power|p2a: Snorlax","|-damage|p2a: Snorlax|191/497","|move|p2a: Snorlax|Curse|p2a: Snorlax","|-unboost|p2a: Snorlax|spe|1","|-boost|p2a: Snorlax|atk|1","|-boost|p2a: Snorlax|def|1","|","|-heal|p1a: Gyarados|159/330|[from] item: Leftovers","|-heal|p2a: Snorlax|222/497|[from] item: Leftovers","|upkeep","|turn|11","||adding 10 for new turn","|","|t:|1752922264","|move|p1a: Gyarados|Double-Edge|p2a: Snorlax","|-damage|p2a: Snorlax|0 fnt","|-damage|p1a: Gyarados|85/330|[from] Recoil|[of] p2a: Snorlax","|faint|p2a: Snorlax","||adding 5 to each for mid turn request","|","|t:|1752922265","|switch|p2a: Blissey|Blissey, F|714/714","|","|-heal|p1a: Gyarados|105/330|[from] item: Leftovers","|upkeep","|turn|12","||adding 10 for new turn","|","|t:|1752922266","|move|p1a: Gyarados|Hidden Power|p2a: Blissey","|-damage|p2a: Blissey|302/714","|move|p2a: Blissey|Thunder Wave|p1a: Gyarados","|-status|p1a: Gyarados|par","|","|-heal|p2a: Blissey|346/714|[from] item: Leftovers","|-heal|p1a: Gyarados|125/330 par|[from] item: Leftovers","|upkeep","|turn|13","||adding 10 for new turn","|","|t:|1752922267","|move|p2a: Blissey|Seismic Toss|p1a: Gyarados","|-damage|p1a: Gyarados|25/330 par","|move|p1a: Gyarados|Dragon Dance|p1a: Gyarados","|-boost|p1a: Gyarados|atk|1","|-boost|p1a: Gyarados|spe|1","|","|-heal|p1a: Gyarados|45/330 par|[from] item: Leftovers","|-heal|p2a: Blissey|390/714|[from] item: Leftovers","|upkeep","|turn|14","||adding 10 for new turn","|","|t:|1752922268","|cant|p1a: Gyarados|par","|move|p2a: Blissey|Seismic Toss|p1a: Gyarados","|-damage|p1a: Gyarados|0 fnt","|faint|p1a: Gyarados","||adding 5 to each for mid turn request","|","|t:|1752922269","|switch|p1a: Heracross|Heracross, F|337/337","|-damage|p1a: Heracross|253/337|[from] Spikes","|","|-heal|p1a: Heracross|274/337|[from] item: Leftovers","|-heal|p2a: Blissey|434/714|[from] item: Leftovers","|upkeep","|turn|15","||adding 10 for new turn","|","|t:|1752922270","|switch|p2a: Forretress|Forretress, M|61/354","|move|p1a: Heracross|Brick Break|p2a: Forretress","|-damage|p2a: Forretress|0 fnt","|faint|p2a: Forretress","||adding 5 to each for mid turn request","|","|t:|1752922271","|switch|p2a: Dugtrio|Dugtrio, M|235/235","|","|-heal|p1a: Heracross|295/337|[from] item: Leftovers","|upkeep","|turn|16","||adding 10 for new turn","|","|t:|1752922272","|move|p2a: Dugtrio|Aerial Ace|p1a: Heracross","|-supereffective|p1a: Heracross","|-damage|p1a: Heracross|0 fnt","|faint|p1a: Heracross","||adding 5 to each for mid turn request","|","|t:|1752922272","|switch|p1a: Milotic|Milotic, M|393/393","|-damage|p1a: Milotic|295/393|[from] Spikes","|","|-heal|p1a: Milotic|319/393|[from] item: Leftovers","|upkeep","|turn|17","||adding 10 for new turn","|","|t:|1752922273","|switch|p2a: Blissey|Blissey, F|434/714","|move|p1a: Milotic|Hypnosis|p2a: Blissey","|-status|p2a: Blissey|slp|[from] move: Hypnosis","|","|-heal|p1a: Milotic|343/393|[from] item: Leftovers","|-heal|p2a: Blissey|478/714 slp|[from] item: Leftovers","|upkeep","|turn|18","||adding 10 for new turn","|","|t:|1752922274","|move|p1a: Milotic|Surf|p2a: Blissey","|-damage|p2a: Blissey|398/714 slp","|cant|p2a: Blissey|slp","|","|-heal|p1a: Milotic|367/393|[from] item: Leftovers","|-heal|p2a: Blissey|442/714 slp|[from] item: Leftovers","|upkeep","|turn|19","||adding 10 for new turn","|","|t:|1752922275","|move|p1a: Milotic|Surf|p2a: Blissey","|-damage|p2a: Blissey|359/714 slp","|cant|p2a: Blissey|slp","|","|-heal|p1a: Milotic|391/393|[from] item: Leftovers","|-heal|p2a: Blissey|403/714 slp|[from] item: Leftovers","|upkeep","|turn|20","||adding 10 for new turn","|","|t:|1752922276","|move|p1a: Milotic|Surf|p2a: Blissey","|-damage|p2a: Blissey|313/714 slp","|cant|p2a: Blissey|slp","|","|-heal|p1a: Milotic|393/393|[from] item: Leftovers","|-heal|p2a: Blissey|357/714 slp|[from] item: Leftovers","|upkeep","|turn|21","||adding 10 for new turn","|","|t:|1752922277","|move|p1a: Milotic|Surf|p2a: Blissey","|-damage|p2a: Blissey|277/714 slp","|cant|p2a: Blissey|slp","|","|-heal|p2a: Blissey|321/714 slp|[from] item: Leftovers","|upkeep","|turn|22","||adding 10 for new turn","|","|t:|1752922278","|move|p1a: Milotic|Surf|p2a: Blissey","|-damage|p2a: Blissey|237/714 slp","|-curestatus|p2a: Blissey|slp|[msg]","|move|p2a: Blissey|Soft-Boiled|p2a: Blissey","|-heal|p2a: Blissey|594/714","|","|-heal|p2a: Blissey|638/714|[from] item: Leftovers","|upkeep","|turn|23","||adding 10 for new turn","|","|t:|1752922279","|move|p1a: Milotic|Hypnosis|p2a: Blissey","|-status|p2a: Blissey|slp|[from] move: Hypnosis","|cant|p2a: Blissey|slp","|","|-heal|p2a: Blissey|682/714 slp|[from] item: Leftovers","|upkeep","|turn|24","||adding 10 for new turn","|","|t:|1752922280","|move|p1a: Milotic|Surf|p2a: Blissey","|-damage|p2a: Blissey|593/714 slp","|cant|p2a: Blissey|slp","|","|-heal|p2a: Blissey|637/714 slp|[from] item: Leftovers","|upkeep","|turn|25","||adding 10 for new turn","|","|t:|1752922281","|move|p1a: Milotic|Surf|p2a: Blissey","|-damage|p2a: Blissey|555/714 slp","|-curestatus|p2a: Blissey|slp|[msg]","|move|p2a: Blissey|Thunder Wave|p1a: Milotic","|-status|p1a: Milotic|par","|","|-heal|p2a: Blissey|599/714|[from] item: Leftovers","|upkeep","|turn|26","||adding 10 for new turn","|","|t:|1752922282","|move|p2a: Blissey|Seismic Toss|p1a: Milotic","|-damage|p1a: Milotic|293/393 par","|cant|p1a: Milotic|par","|","|-heal|p2a: Blissey|643/714|[from] item: Leftovers","|-heal|p1a: Milotic|317/393 par|[from] item: Leftovers","|upkeep","|turn|27","||adding 10 for new turn","|","|t:|1752922283","|move|p2a: Blissey|Seismic Toss|p1a: Milotic","|-damage|p1a: Milotic|217/393 par","|cant|p1a: Milotic|par","|","|-heal|p2a: Blissey|687/714|[from] item: Leftovers","|-heal|p1a: Milotic|241/393 par|[from] item: Leftovers","|upkeep","|turn|28","||adding 10 for new turn","|","|t:|1752922284","|move|p2a: Blissey|Seismic Toss|p1a: Milotic","|-damage|p1a: Milotic|141/393 par","|move|p1a: Milotic|Recover|p1a: Milotic","|-heal|p1a: Milotic|337/393 par","|","|-heal|p2a: Blissey|714/714|[from] item: Leftovers","|-heal|p1a: Milotic|361/393 par|[from] item: Leftovers","|upkeep","|turn|29","||adding 10 for new turn","|","|t:|1752922285","|move|p2a: Blissey|Seismic Toss|p1a: Milotic","|-damage|p1a: Milotic|261/393 par","|cant|p1a: Milotic|par","|","|-heal|p1a: Milotic|285/393 par|[from] item: Leftovers","|upkeep","|turn|30","||adding 10 for new turn","|","|t:|1752922285","|move|p2a: Blissey|Seismic Toss|p1a: Milotic","|-damage|p1a: Milotic|185/393 par","|move|p1a: Milotic|Recover|p1a: Milotic","|-heal|p1a: Milotic|381/393 par","|","|-heal|p1a: Milotic|393/393 par|[from] item: Leftovers","|upkeep","|turn|31","||adding 10 for new turn","|","|t:|1752922286","|move|p2a: Blissey|Seismic Toss|p1a: Milotic","|-damage|p1a: Milotic|293/393 par","|move|p1a: Milotic|Hypnosis|p2a: Blissey","|-status|p2a: Blissey|slp|[from] move: Hypnosis","|","|-heal|p1a: Milotic|317/393 par|[from] item: Leftovers","|upkeep","|turn|32","||adding 10 for new turn","|","|t:|1752922287","|cant|p2a: Blissey|slp","|move|p1a: Milotic|Surf|p2a: Blissey","|-damage|p2a: Blissey|629/714 slp","|","|-heal|p2a: Blissey|673/714 slp|[from] item: Leftovers","|-heal|p1a: Milotic|341/393 par|[from] item: Leftovers","|upkeep","|turn|33","||adding 10 for new turn","|","|t:|1752922288","|-curestatus|p2a: Blissey|slp|[msg]","|move|p2a: Blissey|Seismic Toss|p1a: Milotic","|-damage|p1a: Milotic|241/393 par","|cant|p1a: Milotic|par","|","|-heal|p2a: Blissey|714/714|[from] item: Leftovers","|-heal|p1a: Milotic|265/393 par|[from] item: Leftovers","|upkeep","|turn|34","||adding 10 for new turn","|","|t:|1752922289","|move|p2a: Blissey|Seismic Toss|p1a: Milotic","|-damage|p1a: Milotic|165/393 par","|cant|p1a: Milotic|par","|","|-heal|p1a: Milotic|189/393 par|[from] item: Leftovers","|upkeep","|turn|35","||adding 10 for new turn","|","|t:|1752922290","|move|p2a: Blissey|Seismic Toss|p1a: Milotic","|-damage|p1a: Milotic|89/393 par","|move|p1a: Milotic|Recover|p1a: Milotic","|-heal|p1a: Milotic|285/393 par","|","|-heal|p1a: Milotic|309/393 par|[from] item: Leftovers","|upkeep","|turn|36","||adding 10 for new turn","|","|t:|1752922290","|move|p2a: Blissey|Seismic Toss|p1a: Milotic","|-damage|p1a: Milotic|209/393 par","|cant|p1a: Milotic|par","|","|-heal|p1a: Milotic|233/393 par|[from] item: Leftovers","|upkeep","|turn|37","||adding 10 for new turn","|","|t:|1752922291","|move|p2a: Blissey|Seismic Toss|p1a: Milotic","|-damage|p1a: Milotic|133/393 par","|move|p1a: Milotic|Recover|p1a: Milotic","|-heal|p1a: Milotic|329/393 par","|","|-heal|p1a: Milotic|353/393 par|[from] item: Leftovers","|upkeep","|turn|38","||adding 10 for new turn","|","|t:|1752922292","|move|p2a: Blissey|Seismic Toss|p1a: Milotic","|-damage|p1a: Milotic|253/393 par","|move|p1a: Milotic|Hypnosis|p2a: Blissey|[miss]","|-miss|p1a: Milotic|p2a: Blissey","|","|-heal|p1a: Milotic|277/393 par|[from] item: Leftovers","|upkeep","|turn|39","||adding 10 for new turn","|","|t:|1752922293","|move|p2a: Blissey|Seismic Toss|p1a: Milotic","|-damage|p1a: Milotic|177/393 par","|move|p1a: Milotic|Recover|p1a: Milotic","|-heal|p1a: Milotic|373/393 par","|","|-heal|p1a: Milotic|393/393 par|[from] item: Leftovers","|upkeep","|turn|40","||adding 10 for new turn","|","|t:|1752922294","|move|p2a: Blissey|Seismic Toss|p1a: Milotic","|-damage|p1a: Milotic|293/393 par","|move|p1a: Milotic|Hypnosis|p2a: Blissey","|-status|p2a: Blissey|slp|[from] move: Hypnosis","|","|-heal|p1a: Milotic|317/393 par|[from] item: Leftovers","|upkeep","|turn|41","||adding 10 for new turn","|","|t:|1752922295","|cant|p2a: Blissey|slp","|move|p1a: Milotic|Surf|p2a: Blissey","|-damage|p2a: Blissey|628/714 slp","|","|-heal|p2a: Blissey|672/714 slp|[from] item: Leftovers","|-heal|p1a: Milotic|341/393 par|[from] item: Leftovers","|upkeep","|turn|42","||adding 10 for new turn","|","|t:|1752922295","|cant|p2a: Blissey|slp","|move|p1a: Milotic|Surf|p2a: Blissey","|-damage|p2a: Blissey|589/714 slp","|","|-heal|p2a: Blissey|633/714 slp|[from] item: Leftovers","|-heal|p1a: Milotic|365/393 par|[from] item: Leftovers","|upkeep","|turn|43","||adding 10 for new turn","|","|t:|1752922296","|-curestatus|p2a: Blissey|slp|[msg]","|move|p2a: Blissey|Seismic Toss|p1a: Milotic","|-damage|p1a: Milotic|265/393 par","|cant|p1a: Milotic|par","|","|-heal|p2a: Blissey|677/714|[from] item: Leftovers","|-heal|p1a: Milotic|289/393 par|[from] item: Leftovers","|upkeep","|turn|44","||adding 10 for new turn","|","|t:|1752922297","|move|p2a: Blissey|Seismic Toss|p1a: Milotic","|-damage|p1a: Milotic|189/393 par","|cant|p1a: Milotic|par","|","|-heal|p2a: Blissey|714/714|[from] item: Leftovers","|-heal|p1a: Milotic|213/393 par|[from] item: Leftovers","|upkeep","|turn|45","||adding 10 for new turn","|","|t:|1752922298","|move|p2a: Blissey|Seismic Toss|p1a: Milotic","|-damage|p1a: Milotic|113/393 par","|move|p1a: Milotic|Recover|p1a: Milotic","|-heal|p1a: Milotic|309/393 par","|","|-heal|p1a: Milotic|333/393 par|[from] item: Leftovers","|upkeep","|turn|46","||adding 10 for new turn","|","|t:|1752922299","|move|p2a: Blissey|Seismic Toss|p1a: Milotic","|-damage|p1a: Milotic|233/393 par","|cant|p1a: Milotic|par","|","|-heal|p1a: Milotic|257/393 par|[from] item: Leftovers","|upkeep","|turn|47","||adding 10 for new turn","|","|t:|1752922300","|move|p2a: Blissey|Seismic Toss|p1a: Milotic","|-damage|p1a: Milotic|157/393 par","|move|p1a: Milotic|Recover|p1a: Milotic","|-heal|p1a: Milotic|353/393 par","|","|-heal|p1a: Milotic|377/393 par|[from] item: Leftovers","|upkeep","|turn|48","||adding 10 for new turn","|","|t:|1752922300","|move|p2a: Blissey|Seismic Toss|p1a: Milotic","|-damage|p1a: Milotic|277/393 par","|cant|p1a: Milotic|par","|","|-heal|p1a: Milotic|301/393 par|[from] item: Leftovers","|upkeep","|turn|49","||adding 10 for new turn","|","|t:|1752922301","|move|p2a: Blissey|Seismic Toss|p1a: Milotic","|-damage|p1a: Milotic|201/393 par","|cant|p1a: Milotic|par","|","|-heal|p1a: Milotic|225/393 par|[from] item: Leftovers","|upkeep","|turn|50","||adding 10 for new turn","|","|t:|1752922302","|move|p2a: Blissey|Seismic Toss|p1a: Milotic","|-damage|p1a: Milotic|125/393 par","|move|p1a: Milotic|Recover|p1a: Milotic","|-heal|p1a: Milotic|321/393 par","|","|-heal|p1a: Milotic|345/393 par|[from] item: Leftovers","|upkeep","|turn|51","||adding 10 for new turn","|","|t:|1752922303","|move|p2a: Blissey|Seismic Toss|p1a: Milotic","|-damage|p1a: Milotic|245/393 par","|move|p1a: Milotic|Hypnosis|p2a: Blissey","|-status|p2a: Blissey|slp|[from] move: Hypnosis","|","|-heal|p1a: Milotic|269/393 par|[from] item: Leftovers","|upkeep","|turn|52","||adding 10 for new turn","|","|t:|1752922304","|cant|p2a: Blissey|slp","|move|p1a: Milotic|Recover|p1a: Milotic","|-heal|p1a: Milotic|393/393 par","|","|upkeep","|turn|53","||adding 10 for new turn","|","|t:|1752922304","|cant|p2a: Blissey|slp","|move|p1a: Milotic|Surf|p2a: Blissey","|-damage|p2a: Blissey|630/714 slp","|","|-heal|p2a: Blissey|674/714 slp|[from] item: Leftovers","|upkeep","|turn|54","||adding 10 for new turn","|","|t:|1752922305","|-curestatus|p2a: Blissey|slp|[msg]","|move|p2a: Blissey|Thunder Wave|p1a: Milotic","|-fail|p1a: Milotic|par","|cant|p1a: Milotic|par","|","|-heal|p2a: Blissey|714/714|[from] item: Leftovers","|upkeep","|turn|55","||adding 10 for new turn","|","|t:|1752922306","|move|p2a: Blissey|Seismic Toss|p1a: Milotic","|-damage|p1a: Milotic|293/393 par","|move|p1a: Milotic|Hypnosis|p2a: Blissey|[miss]","|-miss|p1a: Milotic|p2a: Blissey","|","|-heal|p1a: Milotic|317/393 par|[from] item: Leftovers","|upkeep","|turn|56","||adding 10 for new turn","|","|t:|1752922307","|move|p2a: Blissey|Seismic Toss|p1a: Milotic","|-damage|p1a: Milotic|217/393 par","|cant|p1a: Milotic|par","|","|-heal|p1a: Milotic|241/393 par|[from] item: Leftovers","|upkeep","|turn|57","||adding 10 for new turn","|","|t:|1752922308","|move|p2a: Blissey|Seismic Toss|p1a: Milotic","|-damage|p1a: Milotic|141/393 par","|move|p1a: Milotic|Recover|p1a: Milotic","|-heal|p1a: Milotic|337/393 par","|","|-heal|p1a: Milotic|361/393 par|[from] item: Leftovers","|upkeep","|turn|58","||adding 10 for new turn","|","|t:|1752922309","|move|p2a: Blissey|Seismic Toss|p1a: Milotic","|-damage|p1a: Milotic|261/393 par","|move|p1a: Milotic|Hypnosis|p2a: Blissey|[miss]","|-miss|p1a: Milotic|p2a: Blissey","|","|-heal|p1a: Milotic|285/393 par|[from] item: Leftovers","|upkeep","|turn|59","||adding 10 for new turn","|","|t:|1752922310","|move|p2a: Blissey|Seismic Toss|p1a: Milotic","|-damage|p1a: Milotic|185/393 par","|move|p1a: Milotic|Recover|p1a: Milotic","|-heal|p1a: Milotic|381/393 par","|","|-heal|p1a: Milotic|393/393 par|[from] item: Leftovers","|upkeep","|turn|60","||adding 10 for new turn","|","|t:|1752922311","|move|p2a: Blissey|Seismic Toss|p1a: Milotic","|-damage|p1a: Milotic|293/393 par","|move|p1a: Milotic|Hypnosis|p2a: Blissey","|-status|p2a: Blissey|slp|[from] move: Hypnosis","|","|-heal|p1a: Milotic|317/393 par|[from] item: Leftovers","|upkeep","|turn|61","||adding 10 for new turn","|","|t:|1752922311","|cant|p2a: Blissey|slp","|move|p1a: Milotic|Surf|p2a: Blissey","|-damage|p2a: Blissey|626/714 slp","|","|-heal|p2a: Blissey|670/714 slp|[from] item: Leftovers","|-heal|p1a: Milotic|341/393 par|[from] item: Leftovers","|upkeep","|turn|62","||adding 10 for new turn","|","|t:|1752922312","|-curestatus|p2a: Blissey|slp|[msg]","|move|p2a: Blissey|Thunder Wave|p1a: Milotic","|-fail|p1a: Milotic|par","|move|p1a: Milotic|Surf|p2a: Blissey","|-damage|p2a: Blissey|582/714","|","|-heal|p2a: Blissey|626/714|[from] item: Leftovers","|-heal|p1a: Milotic|365/393 par|[from] item: Leftovers","|upkeep","|turn|63","||adding 10 for new turn","|","|t:|1752922313","|move|p2a: Blissey|Seismic Toss|p1a: Milotic","|-damage|p1a: Milotic|265/393 par","|move|p1a: Milotic|Hypnosis|p2a: Blissey","|-status|p2a: Blissey|slp|[from] move: Hypnosis","|","|-heal|p2a: Blissey|670/714 slp|[from] item: Leftovers","|-heal|p1a: Milotic|289/393 par|[from] item: Leftovers","|upkeep","|turn|64","||adding 10 for new turn","|","|t:|1752922314","|cant|p2a: Blissey|slp","|move|p1a: Milotic|Surf|p2a: Blissey","|-damage|p2a: Blissey|586/714 slp","|","|-heal|p2a: Blissey|630/714 slp|[from] item: Leftovers","|-heal|p1a: Milotic|313/393 par|[from] item: Leftovers","|upkeep","|turn|65","||adding 10 for new turn","|","|t:|1752922315","|cant|p2a: Blissey|slp","|move|p1a: Milotic|Surf|p2a: Blissey","|-damage|p2a: Blissey|543/714 slp","|","|-heal|p2a: Blissey|587/714 slp|[from] item: Leftovers","|-heal|p1a: Milotic|337/393 par|[from] item: Leftovers","|upkeep","|turn|66","||adding 10 for new turn","|","|t:|1752922316","|-curestatus|p2a: Blissey|slp|[msg]","|move|p2a: Blissey|Soft-Boiled|p2a: Blissey","|-heal|p2a: Blissey|714/714","|move|p1a: Milotic|Ice Beam|p2a: Blissey","|-damage|p2a: Blissey|658/714","|","|-heal|p2a: Blissey|702/714|[from] item: Leftovers","|-heal|p1a: Milotic|361/393 par|[from] item: Leftovers","|upkeep","|turn|67","||adding 10 for new turn","|","|t:|1752922317","|move|p2a: Blissey|Thunder Wave|p1a: Milotic","|-fail|p1a: Milotic|par","|move|p1a: Milotic|Hypnosis|p2a: Blissey|[miss]","|-miss|p1a: Milotic|p2a: Blissey","|","|-heal|p2a: Blissey|714/714|[from] item: Leftovers","|-heal|p1a: Milotic|385/393 par|[from] item: Leftovers","|upkeep","|turn|68","||adding 10 for new turn","|","|t:|1752922317","|move|p2a: Blissey|Thunder Wave|p1a: Milotic","|-fail|p1a: Milotic|par","|cant|p1a: Milotic|par","|","|-heal|p1a: Milotic|393/393 par|[from] item: Leftovers","|upkeep","|turn|69","||adding 10 for new turn","|","|t:|1752922318","|move|p2a: Blissey|Thunder Wave|p1a: Milotic","|-fail|p1a: Milotic|par","|cant|p1a: Milotic|par","|","|upkeep","|turn|70","||adding 10 for new turn","|","|t:|1752922319","|move|p2a: Blissey|Thunder Wave|p1a: Milotic","|-fail|p1a: Milotic|par","|move|p1a: Milotic|Ice Beam|p2a: Blissey","|-damage|p2a: Blissey|657/714","|","|-heal|p2a: Blissey|701/714|[from] item: Leftovers","|upkeep","|turn|71","||adding 10 for new turn","|","|t:|1752922320","|move|p2a: Blissey|Thunder Wave|p1a: Milotic","|-fail|p1a: Milotic|par","|move|p1a: Milotic|Hypnosis|p2a: Blissey|[miss]","|-miss|p1a: Milotic|p2a: Blissey","|","|-heal|p2a: Blissey|714/714|[from] item: Leftovers","|upkeep","|turn|72","||adding 10 for new turn","|","|t:|1752922320","|move|p2a: Blissey|Thunder Wave|p1a: Milotic","|-fail|p1a: Milotic|par","|cant|p1a: Milotic|par","|","|upkeep","|turn|73","||adding 10 for new turn","|","|t:|1752922321","|move|p2a: Blissey|Thunder Wave|p1a: Milotic","|-fail|p1a: Milotic|par","|move|p1a: Milotic|Hypnosis|p2a: Blissey|[miss]","|-miss|p1a: Milotic|p2a: Blissey","|","|upkeep","|turn|74","||adding 10 for new turn","|","|t:|1752922322","|move|p2a: Blissey|Thunder Wave|p1a: Milotic","|-fail|p1a: Milotic|par","|cant|p1a: Milotic|par","|","|upkeep","|turn|75","||adding 10 for new turn","|","|t:|1752922323","|move|p2a: Blissey|Thunder Wave|p1a: Milotic","|-fail|p1a: Milotic|par","|move|p1a: Milotic|Ice Beam|p2a: Blissey","|-damage|p2a: Blissey|660/714","|","|-heal|p2a: Blissey|704/714|[from] item: Leftovers","|upkeep","|turn|76","||adding 10 for new turn","|","|t:|1752922324","|move|p2a: Blissey|Thunder Wave|p1a: Milotic","|-fail|p1a: Milotic|par","|move|p1a: Milotic|Ice Beam|p2a: Blissey","|-damage|p2a: Blissey|650/714","|","|-heal|p2a: Blissey|694/714|[from] item: Leftovers","|upkeep","|turn|77","||adding 10 for new turn","|","|t:|1752922324","|move|p2a: Blissey|Thunder Wave|p1a: Milotic","|-fail|p1a: Milotic|par","|move|p1a: Milotic|Hypnosis|p2a: Blissey","|-status|p2a: Blissey|slp|[from] move: Hypnosis","|","|-heal|p2a: Blissey|714/714 slp|[from] item: Leftovers","|upkeep","|turn|78","||adding 10 for new turn","|","|t:|1752922325","|cant|p2a: Blissey|slp","|move|p1a: Milotic|Ice Beam|p2a: Blissey","|-damage|p2a: Blissey|659/714 slp","|","|-heal|p2a: Blissey|703/714 slp|[from] item: Leftovers","|upkeep","|turn|79","||adding 10 for new turn","|","|t:|1752922326","|cant|p2a: Blissey|slp","|move|p1a: Milotic|Ice Beam|p2a: Blissey","|-damage|p2a: Blissey|646/714 slp","|","|-heal|p2a: Blissey|690/714 slp|[from] item: Leftovers","|upkeep","|turn|80","||adding 10 for new turn","|","|t:|1752922327","|cant|p2a: Blissey|slp","|cant|p1a: Milotic|par","|","|-heal|p2a: Blissey|714/714 slp|[from] item: Leftovers","|upkeep","|turn|81","||adding 10 for new turn","|","|t:|1752922328","|cant|p2a: Blissey|slp","|move|p1a: Milotic|Ice Beam|p2a: Blissey","|-damage|p2a: Blissey|653/714 slp","|","|-heal|p2a: Blissey|697/714 slp|[from] item: Leftovers","|upkeep","|turn|82","||adding 10 for new turn","|","|t:|1752922329","|-curestatus|p2a: Blissey|slp|[msg]","|move|p2a: Blissey|Thunder Wave|p1a: Milotic","|-fail|p1a: Milotic|par","|move|p1a: Milotic|Hypnosis|p2a: Blissey","|-status|p2a: Blissey|slp|[from] move: Hypnosis","|","|-heal|p2a: Blissey|714/714 slp|[from] item: Leftovers","|upkeep","|turn|83","||adding 10 for new turn","|","|t:|1752922329","|cant|p2a: Blissey|slp","|move|p1a: Milotic|Surf|p2a: Blissey","|-damage|p2a: Blissey|627/714 slp","|","|-heal|p2a: Blissey|671/714 slp|[from] item: Leftovers","|upkeep","|turn|84","||adding 10 for new turn","|","|t:|1752922330","|cant|p2a: Blissey|slp","|move|p1a: Milotic|Ice Beam|p2a: Blissey","|-damage|p2a: Blissey|609/714 slp","|","|-heal|p2a: Blissey|653/714 slp|[from] item: Leftovers","|upkeep","|turn|85","||adding 10 for new turn","|","|t:|1752922331","|cant|p2a: Blissey|slp","|cant|p1a: Milotic|par","|","|-heal|p2a: Blissey|697/714 slp|[from] item: Leftovers","|upkeep","|turn|86","||adding 10 for new turn","|","|t:|1752922332","|-curestatus|p2a: Blissey|slp|[msg]","|move|p2a: Blissey|Thunder Wave|p1a: Milotic","|-fail|p1a: Milotic|par","|move|p1a: Milotic|Surf|p2a: Blissey","|-damage|p2a: Blissey|617/714","|","|-heal|p2a: Blissey|661/714|[from] item: Leftovers","|upkeep","|turn|87","||adding 10 for new turn","|","|t:|1752922333","|move|p2a: Blissey|Soft-Boiled|p2a: Blissey","|-heal|p2a: Blissey|714/714","|cant|p1a: Milotic|par","|","|upkeep","|turn|88","||adding 10 for new turn","|","|t:|1752922333","|move|p2a: Blissey|Thunder Wave|p1a: Milotic","|-fail|p1a: Milotic|par","|move|p1a: Milotic|Hypnosis|p2a: Blissey","|-status|p2a: Blissey|slp|[from] move: Hypnosis","|","|upkeep","|turn|89","||adding 10 for new turn","|","|t:|1752922334","|cant|p2a: Blissey|slp","|move|p1a: Milotic|Surf|p2a: Blissey","|-damage|p2a: Blissey|629/714 slp","|","|-heal|p2a: Blissey|673/714 slp|[from] item: Leftovers","|upkeep","|turn|90","||adding 10 for new turn","|","|t:|1752922335","|cant|p2a: Blissey|slp","|move|p1a: Milotic|Surf|p2a: Blissey","|-damage|p2a: Blissey|591/714 slp","|","|-heal|p2a: Blissey|635/714 slp|[from] item: Leftovers","|upkeep","|turn|91","||adding 10 for new turn","|","|t:|1752922336","|cant|p2a: Blissey|slp","|cant|p1a: Milotic|par","|","|-heal|p2a: Blissey|679/714 slp|[from] item: Leftovers","|upkeep","|turn|92","||adding 10 for new turn","|","|t:|1752922337","|-curestatus|p2a: Blissey|slp|[msg]","|move|p2a: Blissey|Thunder Wave|p1a: Milotic","|-fail|p1a: Milotic|par","|move|p1a: Milotic|Surf|p2a: Blissey","|-damage|p2a: Blissey|587/714","|","|-heal|p2a: Blissey|631/714|[from] item: Leftovers","|upkeep","|turn|93","||adding 10 for new turn","|","|t:|1752922337","|move|p2a: Blissey|Thunder Wave|p1a: Milotic","|-fail|p1a: Milotic|par","|cant|p1a: Milotic|par","|","|-heal|p2a: Blissey|675/714|[from] item: Leftovers","|upkeep","|turn|94","||adding 10 for new turn","|","|t:|1752922338","|move|p2a: Blissey|Thunder Wave|p1a: Milotic","|-fail|p1a: Milotic|par","|move|p1a: Milotic|Hypnosis|p2a: Blissey","|-status|p2a: Blissey|slp|[from] move: Hypnosis","|","|-heal|p2a: Blissey|714/714 slp|[from] item: Leftovers","|upkeep","|turn|95","||adding 10 for new turn","|","|t:|1752922339","|cant|p2a: Blissey|slp","|move|p1a: Milotic|Surf|p2a: Blissey","|-damage|p2a: Blissey|632/714 slp","|","|-heal|p2a: Blissey|676/714 slp|[from] item: Leftovers","|upkeep","|turn|96","||adding 10 for new turn","|","|t:|1752922340","|cant|p2a: Blissey|slp","|move|p1a: Milotic|Surf|p2a: Blissey","|-damage|p2a: Blissey|597/714 slp","|","|-heal|p2a: Blissey|641/714 slp|[from] item: Leftovers","|upkeep","|turn|97","||adding 10 for new turn","|","|t:|1752922341","|cant|p2a: Blissey|slp","|move|p1a: Milotic|Surf|p2a: Blissey","|-damage|p2a: Blissey|551/714 slp","|","|-heal|p2a: Blissey|595/714 slp|[from] item: Leftovers","|upkeep","|turn|98","||adding 10 for new turn","|","|t:|1752922341","|-curestatus|p2a: Blissey|slp|[msg]","|move|p2a: Blissey|Soft-Boiled|p2a: Blissey","|-heal|p2a: Blissey|714/714","|move|p1a: Milotic|Hypnosis|p2a: Blissey","|-status|p2a: Blissey|slp|[from] move: Hypnosis","|","|upkeep","|turn|99","||adding 10 for new turn","|","|t:|1752922342","|cant|p2a: Blissey|slp","|cant|p1a: Milotic|par","|","|upkeep","|turn|100","||adding 10 for new turn","|","|t:|1752922343","|-curestatus|p2a: Blissey|slp|[msg]","|move|p2a: Blissey|Thunder Wave|p1a: Milotic","|-fail|p1a: Milotic|par","|move|p1a: Milotic|Hypnosis|p2a: Blissey","|-status|p2a: Blissey|slp|[from] move: Hypnosis","|","|upkeep","|turn|101","||adding 10 for new turn","|","|t:|1752922344","|cant|p2a: Blissey|slp","|cant|p1a: Milotic|par","|","|upkeep","|turn|102","||adding 10 for new turn","|","|t:|1752922345","|cant|p2a: Blissey|slp","|cant|p1a: Milotic|par","|","|upkeep","|turn|103","||adding 10 for new turn","|","|t:|1752922345","|-curestatus|p2a: Blissey|slp|[msg]","|move|p2a: Blissey|Thunder Wave|p1a: Milotic","|-fail|p1a: Milotic|par","|move|p1a: Milotic|Hypnosis|p2a: Blissey|[miss]","|-miss|p1a: Milotic|p2a: Blissey","|","|upkeep","|turn|104","||adding 10 for new turn","|","|t:|1752922346","|move|p2a: Blissey|Thunder Wave|p1a: Milotic","|-fail|p1a: Milotic|par","|move|p1a: Milotic|Hypnosis|p2a: Blissey|[miss]","|-miss|p1a: Milotic|p2a: Blissey","|","|upkeep","|turn|105","||adding 10 for new turn","|","|t:|1752922347","|move|p2a: Blissey|Thunder Wave|p1a: Milotic","|-fail|p1a: Milotic|par","|move|p1a: Milotic|Hypnosis|p2a: Blissey","|-status|p2a: Blissey|slp|[from] move: Hypnosis","|","|upkeep","|turn|106","||adding 10 for new turn","|","|t:|1752922348","|cant|p2a: Blissey|slp","|move|p1a: Milotic|Ice Beam|p2a: Blissey","|-damage|p2a: Blissey|653/714 slp","|","|-heal|p2a: Blissey|697/714 slp|[from] item: Leftovers","|upkeep","|turn|107","||adding 10 for new turn","|","|t:|1752922349","|-curestatus|p2a: Blissey|slp|[msg]","|move|p2a: Blissey|Soft-Boiled|p2a: Blissey","|-heal|p2a: Blissey|714/714","|move|p1a: Milotic|Ice Beam|p2a: Blissey","|-damage|p2a: Blissey|655/714","|","|-heal|p2a: Blissey|699/714|[from] item: Leftovers","|upkeep","|turn|108","||adding 10 for new turn","|","|t:|1752922350","|move|p2a: Blissey|Soft-Boiled|p2a: Blissey","|-heal|p2a: Blissey|714/714","|move|p1a: Milotic|Hypnosis|p2a: Blissey","|-status|p2a: Blissey|slp|[from] move: Hypnosis","|","|upkeep","|turn|109","||adding 10 for new turn","|","|t:|1752922350","|cant|p2a: Blissey|slp","|move|p1a: Milotic|Ice Beam|p2a: Blissey","|-damage|p2a: Blissey|653/714 slp","|","|-heal|p2a: Blissey|697/714 slp|[from] item: Leftovers","|upkeep","|turn|110","||adding 10 for new turn","|","|t:|1752922351","|cant|p2a: Blissey|slp","|move|p1a: Milotic|Ice Beam|p2a: Blissey","|-damage|p2a: Blissey|643/714 slp","|","|-heal|p2a: Blissey|687/714 slp|[from] item: Leftovers","|upkeep","|turn|111","||adding 10 for new turn","|","|t:|1752922352","|cant|p2a: Blissey|slp","|move|p1a: Milotic|Ice Beam|p2a: Blissey","|-damage|p2a: Blissey|630/714 slp","|","|-heal|p2a: Blissey|674/714 slp|[from] item: Leftovers","|upkeep","|turn|112","||adding 10 for new turn","|","|t:|1752922353","|cant|p2a: Blissey|slp","|move|p1a: Milotic|Ice Beam|p2a: Blissey","|-damage|p2a: Blissey|618/714 slp","|","|-heal|p2a: Blissey|662/714 slp|[from] item: Leftovers","|upkeep","|turn|113","||adding 10 for new turn","|","|t:|1752922354","|-curestatus|p2a: Blissey|slp|[msg]","|move|p2a: Blissey|Thunder Wave|p1a: Milotic","|-fail|p1a: Milotic|par","|cant|p1a: Milotic|par","|","|-heal|p2a: Blissey|706/714|[from] item: Leftovers","|upkeep","|turn|114","||adding 10 for new turn","|","|t:|1752922355","|move|p2a: Blissey|Soft-Boiled|p2a: Blissey","|-heal|p2a: Blissey|714/714","|move|p1a: Milotic|Hypnosis|p2a: Blissey","|-status|p2a: Blissey|slp|[from] move: Hypnosis","|","|upkeep","|turn|115","||adding 10 for new turn","|","|t:|1752922356","|cant|p2a: Blissey|slp","|move|p1a: Milotic|Ice Beam|p2a: Blissey","|-damage|p2a: Blissey|660/714 slp","|","|-heal|p2a: Blissey|704/714 slp|[from] item: Leftovers","|upkeep","|turn|116","||adding 10 for new turn","|","|t:|1752922356","|cant|p2a: Blissey|slp","|cant|p1a: Milotic|par","|","|-heal|p2a: Blissey|714/714 slp|[from] item: Leftovers","|upkeep","|turn|117","||adding 10 for new turn","|","|t:|1752922357","|-curestatus|p2a: Blissey|slp|[msg]","|move|p2a: Blissey|Thunder Wave|p1a: Milotic","|-fail|p1a: Milotic|par","|move|p1a: Milotic|Hypnosis|p2a: Blissey|[miss]","|-miss|p1a: Milotic|p2a: Blissey","|","|upkeep","|turn|118","||adding 10 for new turn","|","|t:|1752922358","|move|p2a: Blissey|Thunder Wave|p1a: Milotic","|-fail|p1a: Milotic|par","|move|p1a: Milotic|Hypnosis|p2a: Blissey","|-status|p2a: Blissey|slp|[from] move: Hypnosis","|","|upkeep","|turn|119","||adding 10 for new turn","|","|t:|1752922359","|cant|p2a: Blissey|slp","|cant|p1a: Milotic|par","|","|upkeep","|turn|120","||adding 10 for new turn","|","|t:|1752922360","|cant|p2a: Blissey|slp","|move|p1a: Milotic|Ice Beam|p2a: Blissey","|-damage|p2a: Blissey|658/714 slp","|","|-heal|p2a: Blissey|702/714 slp|[from] item: Leftovers","|upkeep","|turn|121","||adding 10 for new turn","|","|t:|1752922360","|-curestatus|p2a: Blissey|slp|[msg]","|move|p2a: Blissey|Thunder Wave|p1a: Milotic","|-fail|p1a: Milotic|par","|cant|p1a: Milotic|par","|","|-heal|p2a: Blissey|714/714|[from] item: Leftovers","|upkeep","|turn|122","||adding 10 for new turn","|","|t:|1752922361","|move|p2a: Blissey|Thunder Wave|p1a: Milotic","|-fail|p1a: Milotic|par","|move|p1a: Milotic|Hypnosis|p2a: Blissey","|-status|p2a: Blissey|slp|[from] move: Hypnosis","|","|upkeep","|turn|123","||adding 10 for new turn","|","|t:|1752922362","|cant|p2a: Blissey|slp","|move|p1a: Milotic|Hypnosis|p2a: Blissey|[miss]","|-miss|p1a: Milotic|p2a: Blissey","|","|upkeep","|turn|124","||adding 10 for new turn","|","|t:|1752922363","|cant|p2a: Blissey|slp","|cant|p1a: Milotic|par","|","|upkeep","|turn|125","||adding 10 for new turn","|","|t:|1752922364","|-curestatus|p2a: Blissey|slp|[msg]","|move|p2a: Blissey|Thunder Wave|p1a: Milotic","|-fail|p1a: Milotic|par","|move|p1a: Milotic|Hypnosis|p2a: Blissey|[miss]","|-miss|p1a: Milotic|p2a: Blissey","|","|upkeep","|turn|126","||adding 10 for new turn","|","|t:|1752922364","|move|p2a: Blissey|Thunder Wave|p1a: Milotic","|-fail|p1a: Milotic|par","|move|p1a: Milotic|Hypnosis|p2a: Blissey|[miss]","|-miss|p1a: Milotic|p2a: Blissey","|","|upkeep","|turn|127","||adding 10 for new turn","|","|t:|1752922365","|switch|p2a: Claydol|Claydol|324/324","|cant|p1a: Milotic|par","|","|upkeep","|turn|128","||adding 10 for new turn","|","|t:|1752922366","|switch|p2a: Blissey|Blissey, F|714/714","|cant|p1a: Milotic|par","|","|upkeep","|turn|129","||adding 10 for new turn","|","|t:|1752922367","|move|p2a: Blissey|Soft-Boiled||[still]","|-fail|p2a: Blissey|heal","|move|p1a: Milotic|Hypnosis|p2a: Blissey","|-status|p2a: Blissey|slp|[from] move: Hypnosis","|","|upkeep","|turn|130","||adding 10 for new turn","|","|t:|1752922368","|-curestatus|p2a: Blissey|slp|[from] ability: Natural Cure","|switch|p2a: Claydol|Claydol|324/324","|move|p1a: Milotic|Recover||[still]","|-fail|p1a: Milotic|heal","|","|upkeep","|turn|131","||adding 10 for new turn","|","|t:|1752922369","|switch|p2a: Blissey|Blissey, F|714/714","|move|p1a: Milotic|Recover||[still]","|-fail|p1a: Milotic|heal","|","|upkeep","|turn|132","||adding 10 for new turn","|","|t:|1752922370","|move|p2a: Blissey|Aromatherapy|p2a: Blissey","|-cureteam|p2a: Blissey|[from] move: Aromatherapy","|move|p1a: Milotic|Recover||[still]","|-fail|p1a: Milotic|heal","|","|upkeep","|turn|133","||adding 10 for new turn","|","|t:|1752922370","|switch|p2a: Claydol|Claydol|324/324","|cant|p1a: Milotic|par","|","|upkeep","|turn|134","||adding 10 for new turn","|","|t:|1752922371","|switch|p2a: Blissey|Blissey, F|714/714","|move|p1a: Milotic|Hypnosis|p2a: Blissey","|-status|p2a: Blissey|slp|[from] move: Hypnosis","|","|upkeep","|turn|135","||adding 10 for new turn","|","|t:|1752922372","|-curestatus|p2a: Blissey|slp|[from] ability: Natural Cure","|switch|p2a: Claydol|Claydol|324/324","|move|p1a: Milotic|Recover||[still]","|-fail|p1a: Milotic|heal","|","|upkeep","|turn|136","||adding 10 for new turn","|","|t:|1752922373","|switch|p2a: Blissey|Blissey, F|714/714","|move|p1a: Milotic|Recover||[still]","|-fail|p1a: Milotic|heal","|","|upkeep","|turn|137","||adding 10 for new turn","|","|t:|1752922374","|switch|p2a: Claydol|Claydol|324/324","|move|p1a: Milotic|Recover||[still]","|-fail|p1a: Milotic|heal","|","|upkeep","|turn|138","||adding 10 for new turn","|","|t:|1752922375","|switch|p2a: Blissey|Blissey, F|714/714","|move|p1a: Milotic|Recover||[still]","|-fail|p1a: Milotic|heal","|","|upkeep","|turn|139","||adding 10 for new turn","|","|t:|1752922376","|switch|p2a: Claydol|Claydol|324/324","|move|p1a: Milotic|Recover||[still]","|-fail|p1a: Milotic|heal","|","|upkeep","|turn|140","||adding 10 for new turn","|","|t:|1752922377","|switch|p2a: Blissey|Blissey, F|714/714","|cant|p1a: Milotic|par","|","|upkeep","|turn|141","||adding 10 for new turn","|","|t:|1752922378","|switch|p2a: Claydol|Claydol|324/324","|move|p1a: Milotic|Recover||[still]","|-fail|p1a: Milotic|heal","|","|upkeep","|turn|142","||adding 10 for new turn","|","|t:|1752922379","|switch|p2a: Blissey|Blissey, F|714/714","|move|p1a: Milotic|Recover||[still]","|-fail|p1a: Milotic|heal","|","|upkeep","|turn|143","||adding 10 for new turn","|","|t:|1752922380","|switch|p2a: Claydol|Claydol|324/324","|move|p1a: Milotic|Recover||[still]","|-fail|p1a: Milotic|heal","|","|upkeep","|turn|144","||adding 10 for new turn","|","|t:|1752922380","|switch|p2a: Blissey|Blissey, F|714/714","|cant|p1a: Milotic|par","|","|upkeep","|turn|145","||adding 10 for new turn","|","|t:|1752922381","|move|p2a: Blissey|Aromatherapy|p2a: Blissey","|-cureteam|p2a: Blissey|[from] move: Aromatherapy","|cant|p1a: Milotic|par","|","|upkeep","|turn|146","||adding 10 for new turn","|","|t:|1752922382","|move|p2a: Blissey|Soft-Boiled||[still]","|-fail|p2a: Blissey|heal","|move|p1a: Milotic|Recover||[still]","|-fail|p1a: Milotic|heal","|","|upkeep","|turn|147","||adding 10 for new turn","|","|t:|1752922383","|move|p2a: Blissey|Aromatherapy|p2a: Blissey","|-cureteam|p2a: Blissey|[from] move: Aromatherapy","|move|p1a: Milotic|Recover||[still]","|-fail|p1a: Milotic|heal","|","|upkeep","|turn|148","||adding 10 for new turn","|","|t:|1752922384","|switch|p2a: Claydol|Claydol|324/324","|move|p1a: Milotic|Recover||[still]","|-fail|p1a: Milotic|heal","|","|upkeep","|turn|149","||adding 10 for new turn","|","|t:|1752922385","|switch|p2a: Blissey|Blissey, F|714/714","|move|p1a: Milotic|Recover||[still]","|-fail|p1a: Milotic|heal","|","|upkeep","|turn|150","||adding 10 for new turn","|","|t:|1752922386","|switch|p2a: Claydol|Claydol|324/324","|move|p1a: Milotic|Recover||[still]","|-fail|p1a: Milotic|heal","|","|upkeep","|turn|151","||adding 10 for new turn","|","|t:|1752922387","|switch|p2a: Blissey|Blissey, F|714/714","|move|p1a: Milotic|Recover||[still]","|-fail|p1a: Milotic|heal","|","|upkeep","|turn|152","||adding 10 for new turn","|","|t:|1752922387","|switch|p2a: Claydol|Claydol|324/324","|move|p1a: Milotic|Recover||[still]","|-fail|p1a: Milotic|heal","|","|upkeep","|turn|153","||adding 10 for new turn","|","|t:|1752922388","|switch|p2a: Blissey|Blissey, F|714/714","|move|p1a: Milotic|Recover||[still]","|-fail|p1a: Milotic|heal","|","|upkeep","|turn|154","||adding 10 for new turn","|","|t:|1752922389","|switch|p2a: Claydol|Claydol|324/324","|move|p1a: Milotic|Recover||[still]","|-fail|p1a: Milotic|heal","|","|upkeep","|turn|155","||adding 10 for new turn","|","|t:|1752922390","|move|p2a: Claydol|Earthquake|p1a: Milotic","|-damage|p1a: Milotic|322/393 par","|move|p1a: Milotic|Surf|p2a: Claydol","|-supereffective|p2a: Claydol","|-damage|p2a: Claydol|129/324","|","|-heal|p2a: Claydol|149/324|[from] item: Leftovers","|-heal|p1a: Milotic|346/393 par|[from] item: Leftovers","|upkeep","|turn|156","||adding 10 for new turn","|","|t:|1752922391","|move|p2a: Claydol|Earthquake|p1a: Milotic","|-damage|p1a: Milotic|276/393 par","|move|p1a: Milotic|Recover|p1a: Milotic","|-heal|p1a: Milotic|393/393 par","|","|-heal|p2a: Claydol|169/324|[from] item: Leftovers","|upkeep","|turn|157","||adding 10 for new turn","|","|t:|1752922392","|move|p2a: Claydol|Earthquake|p1a: Milotic","|-damage|p1a: Milotic|318/393 par","|cant|p1a: Milotic|par","|","|-heal|p2a: Claydol|189/324|[from] item: Leftovers","|-heal|p1a: Milotic|342/393 par|[from] item: Leftovers","|upkeep","|turn|158","||adding 10 for new turn","|","|t:|1752922393","|move|p2a: Claydol|Earthquake|p1a: Milotic","|-damage|p1a: Milotic|266/393 par","|cant|p1a: Milotic|par","|","|-heal|p2a: Claydol|209/324|[from] item: Leftovers","|-heal|p1a: Milotic|290/393 par|[from] item: Leftovers","|upkeep","|turn|159","||adding 10 for new turn","|","|t:|1752922394","|move|p2a: Claydol|Earthquake|p1a: Milotic","|-damage|p1a: Milotic|221/393 par","|move|p1a: Milotic|Struggle|p2a: Claydol","|-damage|p2a: Claydol|189/324","|-damage|p1a: Milotic|216/393 par|[from] Recoil|[of] p2a: Claydol","|","|-heal|p2a: Claydol|209/324|[from] item: Leftovers","|-heal|p1a: Milotic|240/393 par|[from] item: Leftovers","|upkeep","|turn|160","||adding 10 for new turn","|","|t:|1752922395","|move|p2a: Claydol|Earthquake|p1a: Milotic","|-damage|p1a: Milotic|161/393 par","|move|p1a: Milotic|Struggle|p2a: Claydol","|-damage|p2a: Claydol|189/324","|-damage|p1a: Milotic|156/393 par|[from] Recoil|[of] p2a: Claydol","|","|-heal|p2a: Claydol|209/324|[from] item: Leftovers","|-heal|p1a: Milotic|180/393 par|[from] item: Leftovers","|upkeep","|turn|161","||adding 10 for new turn","|","|t:|1752922396","|move|p2a: Claydol|Psychic|p1a: Milotic","|-damage|p1a: Milotic|117/393 par","|cant|p1a: Milotic|par","|","|-heal|p2a: Claydol|229/324|[from] item: Leftovers","|-heal|p1a: Milotic|141/393 par|[from] item: Leftovers","|upkeep","|turn|162","||adding 10 for new turn","|","|t:|1752922397","|move|p2a: Claydol|Earthquake|p1a: Milotic","|-crit|p1a: Milotic","|-damage|p1a: Milotic|0 fnt","|faint|p1a: Milotic","||adding 5 to each for mid turn request","|","|t:|1752922398","|switch|p1a: Magneton|Magneton|277/277","|-damage|p1a: Magneton|208/277|[from] Spikes","|","|-heal|p1a: Magneton|225/277|[from] item: Leftovers","|-heal|p2a: Claydol|249/324|[from] item: Leftovers","|upkeep","|turn|163","||adding 10 for new turn","|","|t:|1752922399","|switch|p1a: Celebi|Celebi|401/401","|-damage|p1a: Celebi|301/401|[from] Spikes","|move|p2a: Claydol|Earthquake|p1a: Celebi","|-resisted|p1a: Celebi","|-damage|p1a: Celebi|245/401","|","|-heal|p1a: Celebi|270/401|[from] item: Leftovers","|-heal|p2a: Claydol|269/324|[from] item: Leftovers","|upkeep","|turn|164","||adding 10 for new turn","|","|t:|1752922401","|switch|p2a: Dugtrio|Dugtrio, M|235/235","|move|p1a: Celebi|Recover|p1a: Celebi","|-heal|p1a: Celebi|401/401","|","|upkeep","|turn|165","||adding 10 for new turn","|","|t:|1752922402","|move|p2a: Dugtrio|Hidden Power|p1a: Celebi","|-supereffective|p1a: Celebi","|-damage|p1a: Celebi|21/401","|move|p1a: Celebi|Hidden Power|p2a: Dugtrio","|-resisted|p2a: Dugtrio","|-damage|p2a: Dugtrio|187/235","|","|-heal|p1a: Celebi|46/401|[from] item: Leftovers","|upkeep","|turn|166","||adding 10 for new turn","|","|t:|1752922403","|move|p2a: Dugtrio|Hidden Power|p1a: Celebi","|-supereffective|p1a: Celebi","|-crit|p1a: Celebi","|-damage|p1a: Celebi|0 fnt","|faint|p1a: Celebi","||adding 5 to each for mid turn request","|","|t:|1752922403","|switch|p1a: Magneton|Magneton|225/277","|-damage|p1a: Magneton|156/277|[from] Spikes","|","|-heal|p1a: Magneton|173/277|[from] item: Leftovers","|upkeep","|turn|167","||adding 10 for new turn","|","|t:|1752922404","|switch|p2a: Claydol|Claydol|269/324","|move|p1a: Magneton|Toxic|p2a: Claydol","|-status|p2a: Claydol|tox","|","|-heal|p1a: Magneton|190/277|[from] item: Leftovers","|-heal|p2a: Claydol|289/324 tox|[from] item: Leftovers","|-damage|p2a: Claydol|269/324 tox|[from] psn","|upkeep","|turn|168","||adding 10 for new turn","|","|t:|1752922405","|move|p1a: Magneton|Hidden Power|p2a: Claydol","|-damage|p2a: Claydol|203/324 tox","|move|p2a: Claydol|Earthquake|p1a: Magneton","|-supereffective|p1a: Magneton","|-damage|p1a: Magneton|0 fnt","|faint|p1a: Magneton","|","|win|foultestacceptor1",""],"p1rating":null,"p2rating":null,"endType":"normal","ladderError":true,"timestamp":"Sat Jul 19 2025 03:53:25 GMT-0700 (アメリカ太平洋夏時間)","roomid":"battle-gen3ou-913","format":"gen3ou"}