{"winner":"foultestchallenge1","seed":"sodium,34c96d29671542d57c908c2fb3dd4aba","turns":65,"p1":"foultestchallenge1","p2":"foultestacceptor1","p1team":[{"name":"Salamence","species":"Salamence","item":"Choice Band","ability":"Intimidate","moves":["Earthquake","Hidden Power Flying","Brick Break","Rock Slide"],"nature":"Adamant","evs":{"hp":120,"atk":252,"def":0,"spa":0,"spd":0,"spe":136},"gender":"F","ivs":{"hp":30,"atk":30,"def":30,"spa":30,"spd":30,"spe":31},"happiness":255,"hpType":"Flying","pokeball":"","gigantamax":false,"dynamaxLevel":10,"teraType":"","level":100},{"name":"Magneton","species":"Magneton","item":"Magnet","ability":"Magnet Pull","moves":["Thunderbolt","Toxic","Hidden Power Fire","Protect"],"nature":"Modest","evs":{"hp":4,"atk":0,"def":0,"spa":252,"spd":0,"spe":252},"gender":"N","ivs":{"hp":31,"atk":2,"def":31,"spa":30,"spd":31,"spe":30},"happiness":255,"hpType":"Fire","pokeball":"","gigantamax":false,"dynamaxLevel":10,"teraType":"","level":100},{"name":"Tyranitar","species":"Tyranitar","item":"Leftovers","ability":"Sand Stream","moves":["Crunch","Pursuit","Hidden Power Grass","Fire Blast"],"nature":"Modest","evs":{"hp":240,"atk":0,"def":0,"spa":188,"spd":48,"spe":32},"gender":"M","ivs":{"hp":31,"atk":2,"def":31,"spa":30,"spd":31,"spe":31},"happiness":255,"hpType":"Grass","pokeball":"","gigantamax":false,"dynamaxLevel":10,"teraType":"","level":100},{"name":"Blissey","species":"Blissey","item":"Leftovers","ability":"Natural Cure","moves":["Seismic Toss","Wish","Protect","Toxic"],"nature":"","evs":{"hp":4,"atk":0,"def":252,"spa":0,"spd":252,"spe":0},"gender":"F","ivs":{"hp":31,"atk":0,"def":31,"spa":31,"spd":31,"spe":31},"level":100},{"name":"Metagross","species":"Metagross","item":"Leftovers","ability":"Clear Body","moves":["Agility","Meteor Mash","Earthquake","Explosion"],"nature":"Adamant","evs":{"hp":168,"atk":252,"def":0,"spa":0,"spd":0,"spe":88},"gender":"N","level":100,"ivs":{"hp":31,"atk":31,"def":31,"spa":31,"spd":31,"spe":31}},{"name":"Swampert","species":"Swampert","item":"Leftovers","ability":"Torrent","moves":["Surf","Ice Beam","Protect","Toxic"],"nature":"Bold","evs":{"hp":252,"atk":0,"def":160,"spa":0,"spd":96,"spe":0},"gender":"F","ivs":{"hp":31,"atk":0,"def":31,"spa":31,"spd":31,"spe":31},"level":100}],"p2team":[{"name":"Skarmory","species":"Skarmory","item":"Leftovers","ability":"Keen Eye","moves":["Spikes","Protect","Roar","Toxic"],"nature":"Careful","evs":{"hp":252,"atk":0,"def":8,"spa":0,"spd":248,"spe":0},"gender":"F","ivs":{"hp":31,"atk":0,"def":31,"spa":31,"spd":31,"spe":31},"level":100},{"name":"Blissey","species":"Blissey","item":"Leftovers","ability":"Natural Cure","moves":["Soft-Boiled","Ice Beam","Toxic","Fire Blast"],"nature":"Modest","evs":{"hp":0,"atk":0,"def":252,"spa":252,"spd":0,"spe":4},"gender":"F","ivs":{"hp":31,"atk":0,"def":31,"spa":31,"spd":31,"spe":31},"shiny":true,"level":100},{"name":"Tyranitar","species":"Tyranitar","item":"Leftovers","ability":"Sand Stream","moves":["Focus Punch","Rock Slide","Hidden Power Bug","Earthquake"],"nature":"Adamant","evs":{"hp":248,"atk":196,"def":12,"spa":0,"spd":52,"spe":0},"gender":"F","ivs":{"hp":31,"atk":30,"def":30,"spa":31,"spd":30,"spe":31},"happiness":255,"hpType":"Bug","pokeball":"","gigantamax":false,"dynamaxLevel":10,"teraType":"","level":100},{"name":"Swampert","species":"Swampert","item":"Leftovers","ability":"Torrent","moves":["Earthquake","Ice Beam","Hydro Pump","Protect"],"nature":"Relaxed","evs":{"hp":240,"atk":0,"def":136,"spa":40,"spd":48,"spe":44},"gender":"F","level":100,"ivs":{"hp":31,"atk":31,"def":31,"spa":31,"spd":31,"spe":31}},{"name":"Gengar","species":"Gengar","item":"Leftovers","ability":"Levitate","moves":["Will-O-Wisp","Thunderbolt","Ice Punch","Explosion"],"nature":"Timid","evs":{"hp":168,"atk":0,"def":0,"spa":0,"spd":164,"spe":176},"gender":"F","level":100,"ivs":{"hp":31,"atk":31,"def":31,"spa":31,"spd":31,"spe":31}},{"name":"Starmie","species":"Starmie","item":"Leftovers","ability":"Natural Cure","moves":["Hydro Pump","Ice Beam","Thunderbolt","Rapid Spin"],"nature":"Timid","evs":{"hp":4,"atk":0,"def":0,"spa":252,"spd":0,"spe":252},"gender":"N","ivs":{"hp":31,"atk":0,"def":31,"spa":31,"spd":31,"spe":31},"level":100}],"score":[2,0],"inputLog":[">version 372d05e49c92a79eecdf6c8dddb208bd1765c00f",">start {\"formatid\":\"gen3ou\",\"seed\":\"sodium,34c96d29671542d57c908c2fb3dd4aba\"}",">player p1 {\"name\":\"foultestchallenge1\",\"avatar\":\"1\",\"team\":\"Salamence||ChoiceBand|Intimidate|Earthquake,HiddenPowerFlying,BrickBreak,RockSlide|Adamant|120,252,,,,136|F|30,30,30,30,30,|||,Flying,,,,]Magneton||Magnet|MagnetPull|Thunderbolt,Toxic,HiddenPowerFire,Protect|Modest|4,,,252,,252|N|,2,,30,,30|||,Fire,,,,]Tyranitar||Leftovers|SandStream|Crunch,Pursuit,HiddenPowerGrass,FireBlast|Modest|240,,,188,48,32|M|,2,,30,,|||,Grass,,,,]Blissey||Leftovers|NaturalCure|SeismicToss,Wish,Protect,Toxic||4,,252,,252,|F|,0,,,,|||]Metagross||Leftovers|ClearBody|Agility,MeteorMash,Earthquake,Explosion|Adamant|168,252,,,,88|N||||]Swampert||Leftovers|Torrent|Surf,IceBeam,Protect,Toxic|Bold|252,,160,,96,|F|,0,,,,|||\",\"rating\":0}",">player p2 {\"name\":\"foultestacceptor1\",\"avatar\":\"1\",\"team\":\"Skarmory||Leftovers|KeenEye|Spikes,Protect,Roar,Toxic|Careful|252,,8,,248,|F|,0,,,,|||]Blissey||Leftovers|NaturalCure|SoftBoiled,IceBeam,Toxic,FireBlast|Modest|,,252,252,,4|F|,0,,,,|S||]Tyranitar||Leftovers|SandStream|FocusPunch,RockSlide,HiddenPowerBug,Earthquake|Adamant|248,196,12,,52,|F|,30,30,,30,|||,Bug,,,,]Swampert||Leftovers|Torrent|Earthquake,IceBeam,HydroPump,Protect|Relaxed|240,,136,40,48,44|F||||]Gengar||Leftovers|Levitate|WillOWisp,Thunderbolt,IcePunch,Explosion|Timid|168,,,,164,176|F||||]Starmie||Leftovers|NaturalCure|HydroPump,IceBeam,Thunderbolt,RapidSpin|Timid|4,,,252,,252|N|,0,,,,|||\",\"rating\":0}",">p1 switch 2",">p2 move spikes",">p1 move thunderbolt",">p2 move protect",">p1 move thunderbolt",">p2 move protect",">p2 switch 4",">p1 switch 2",">p2 move earthquake",">p1 move hiddenpower",">p2 move icebeam",">p1 switch 3",">p1 move hiddenpower",">p2 move hydropump",">p2 switch 3",">p1 switch 6",">p2 move earthquake",">p1 move surf",">p2 move earthquake",">p1 move surf",">p2 move earthquake",">p1 switch 5",">p1 move agility",">p2 switch 6",">p1 move earthquake",">p2 move hydropump",">p1 move earthquake",">p2 move hydropump",">p2 switch 2",">p1 move meteormash",">p2 move fireblast",">p1 switch 6",">p1 move crunch",">p2 move softboiled",">p1 move crunch",">p2 move toxic",">p1 move crunch",">p2 move softboiled",">p1 switch 4",">p2 move icebeam",">p1 move toxic",">p2 move toxic",">p1 move toxic",">p2 switch 6",">p1 move protect",">p2 move focuspunch",">p1 move protect",">p2 move focuspunch",">p1 move seismictoss",">p2 move focuspunch",">p2 switch 6",">p1 move toxic",">p2 move toxic",">p1 move wish",">p2 move fireblast",">p1 move toxic",">p2 move fireblast",">p1 switch 4",">p2 move icebeam",">p1 move crunch",">p2 move softboiled",">p1 move crunch",">p2 move softboiled",">p1 move fireblast",">p2 switch 5",">p1 move pursuit",">p2 move thunderbolt",">p1 switch 4",">p1 move wish",">p2 move willowisp",">p1 move protect",">p2 move thunderbolt",">p1 switch 2",">p2 switch 5",">p1 switch 2",">p2 move fireblast",">p1 move wish",">p2 move toxic",">p1 move toxic",">p2 move toxic",">p1 move wish",">p2 move fireblast",">p1 switch 2",">p2 move softboiled",">p1 move protect",">p2 move fireblast",">p1 switch 2",">p2 move fireblast",">p1 move wish",">p2 switch 5",">p1 move protect",">p2 switch 5",">p1 move toxic",">p2 move softboiled",">p1 move protect",">p2 switch 5",">p1 move wish",">p2 move willowisp",">p1 move toxic",">p2 move willowisp",">p1 move protect",">p2 move willowisp",">p1 move wish",">p2 move willowisp",">p1 switch 2",">p2 switch 5",">p1 move protect",">p2 move fireblast",">p1 move toxic",">p2 move icebeam",">p1 move toxic",">p2 move icebeam",">p1 move thunderbolt",">p2 move softboiled",">p1 move thunderbolt",">p2 move softboiled",">p1 move thunderbolt",">p2 move softboiled",">p1 move thunderbolt",">p2 move softboiled",">p1 move thunderbolt",">p2 move softboiled",">p1 move thunderbolt",">p2 switch 5",">p2 switch 5",">p1 move toxic",">p2 move softboiled",">p1 move thunderbolt",">p2 move icebeam",">p1 move thunderbolt",">p2 move softboiled",">p1 move thunderbolt",">p2 move softboiled",">p1 move thunderbolt",">p2 move softboiled",">p1 move thunderbolt",">p2 move icebeam",">p1 move thunderbolt",">p2 move softboiled"],"log":["|j|☆foultestchallenge1","|j|☆foultestacceptor1","|t:|1752925705","|gametype|singles","|player|p1|foultestchallenge1|1|","|player|p2|foultestacceptor1|1|","|teamsize|p1|6","|teamsize|p2|6","|gen|3","|tier|[Gen 3] OU","|rule|Sleep Clause Mod: Limit one foe put to sleep","|rule|Switch Priority Clause Mod: Faster Pokémon switch first","|rule|Species Clause: Limit one of each Pokémon","|rule|OHKO Clause: OHKO moves are banned","|rule|Evasion Items Clause: Evasion items are banned","|rule|Evasion Moves Clause: Evasion moves are banned","|rule|Endless Battle Clause: Forcing endless battles is banned","|rule|HP Percentage Mod: HP is shown in percentages","|rule|One Boost Passer Clause: Limit one Baton Passer that has a way to boost its stats","|rule|Freeze Clause Mod: Limit one foe frozen","|","|t:|1752925705","|start","|switch|p1a: Salamence|Salamence, F|360/360","|switch|p2a: Skarmory|Skarmory, F|334/334","|-ability|p1a: Salamence|Intimidate|boost","|-unboost|p2a: Skarmory|atk|1","|turn|1","|inactive|Battle timer is ON: inactive players will automatically lose when time's up. (requested by foultestchallenge1)","|inactive|foultestacceptor1 also wants the timer to be on.","|","|t:|1752925707","|switch|p1a: Magneton|Magneton|242/242","|move|p2a: Skarmory|Spikes|p1a: Magneton","|-sidestart|p1: foultestchallenge1|Spikes","|","|upkeep","|turn|2","||adding 10 for new turn","|","|t:|1752925708","|move|p2a: Skarmory|Protect|p2a: Skarmory","|-singleturn|p2a: Skarmory|Protect","|move|p1a: Magneton|Thunderbolt|p2a: Skarmory","|-activate|p2a: Skarmory|Protect","|","|upkeep","|turn|3","||adding 10 for new turn","|","|t:|1752925709","|move|p2a: Skarmory|Protect||[still]","|-fail|p2a: Skarmory","|move|p1a: Magneton|Thunderbolt|p2a: Skarmory","|-supereffective|p2a: Skarmory","|-damage|p2a: Skarmory|0 fnt","|faint|p2a: Skarmory","||adding 5 to each for mid turn request","|","|t:|1752925710","|switch|p2a: Swampert|Swampert, F|401/401","|","|upkeep","|turn|4","||adding 10 for new turn","|","|t:|1752925711","|switch|p1a: Salamence|Salamence, F|360/360","|-ability|p1a: Salamence|Intimidate|boost","|-unboost|p2a: Swampert|atk|1","|move|p2a: Swampert|Earthquake|p1a: Salamence","|-immune|p1a: Salamence","|","|upkeep","|turn|5","||adding 10 for new turn","|","|t:|1752925712","|move|p1a: Salamence|Hidden Power|p2a: Swampert","|-damage|p2a: Swampert|205/401","|move|p2a: Swampert|Ice Beam|p1a: Salamence","|-supereffective|p1a: Salamence","|-crit|p1a: Salamence","|-damage|p1a: Salamence|0 fnt","|faint|p1a: Salamence","||adding 5 to each for mid turn request","|","|t:|1752925713","|switch|p1a: Tyranitar|Tyranitar, M|401/401","|-damage|p1a: Tyranitar|351/401|[from] Spikes","|-weather|Sandstorm|[from] ability: Sand Stream|[of] p1a: Tyranitar","|","|-weather|Sandstorm|[upkeep]","|-heal|p1a: Tyranitar|376/401|[from] item: Leftovers","|-heal|p2a: Swampert|230/401|[from] item: Leftovers","|upkeep","|turn|6","||adding 10 for new turn","|","|t:|1752925714","|move|p1a: Tyranitar|Hidden Power|p2a: Swampert","|-supereffective|p2a: Swampert","|-damage|p2a: Swampert|0 fnt","|faint|p2a: Swampert","||adding 5 to each for mid turn request","|","|t:|1752925714","|switch|p2a: Tyranitar|Tyranitar, F|403/403","|","|-weather|Sandstorm|[upkeep]","|-heal|p1a: Tyranitar|401/401|[from] item: Leftovers","|upkeep","|turn|7","||adding 10 for new turn","|","|t:|1752925715","|switch|p1a: Swampert|Swampert, F|404/404","|-damage|p1a: Swampert|354/404|[from] Spikes","|move|p2a: Tyranitar|Earthquake|p1a: Swampert","|-crit|p1a: Swampert","|-damage|p1a: Swampert|142/404","|","|-weather|Sandstorm|[upkeep]","|-heal|p1a: Swampert|167/404|[from] item: Leftovers","|upkeep","|turn|8","||adding 10 for new turn","|","|t:|1752925717","|move|p2a: Tyranitar|Earthquake|p1a: Swampert","|-damage|p1a: Swampert|65/404","|move|p1a: Swampert|Surf|p2a: Tyranitar","|-supereffective|p2a: Tyranitar","|-damage|p2a: Tyranitar|108/403","|","|-weather|Sandstorm|[upkeep]","|-heal|p2a: Tyranitar|133/403|[from] item: Leftovers","|-heal|p1a: Swampert|90/404|[from] item: Leftovers","|upkeep","|turn|9","||adding 10 for new turn","|","|t:|1752925718","|move|p2a: Tyranitar|Earthquake|p1a: Swampert","|-damage|p1a: Swampert|0 fnt","|faint|p1a: Swampert","||adding 5 to each for mid turn request","|","|t:|1752925719","|switch|p1a: Metagross|Metagross|343/343","|-damage|p1a: Metagross|301/343|[from] Spikes","|","|-weather|Sandstorm|[upkeep]","|-heal|p1a: Metagross|322/343|[from] item: Leftovers","|-heal|p2a: Tyranitar|158/403|[from] item: Leftovers","|upkeep","|turn|10","||adding 10 for new turn","|","|t:|1752925720","|switch|p2a: Starmie|Starmie|262/262","|move|p1a: Metagross|Agility|p1a: Metagross","|-boost|p1a: Metagross|spe|2","|","|-weather|Sandstorm|[upkeep]","|-damage|p2a: Starmie|246/262|[from] Sandstorm","|-heal|p1a: Metagross|343/343|[from] item: Leftovers","|-heal|p2a: Starmie|262/262|[from] item: Leftovers","|upkeep","|turn|11","||adding 10 for new turn","|","|t:|1752925720","|move|p1a: Metagross|Earthquake|p2a: Starmie","|-damage|p2a: Starmie|109/262","|move|p2a: Starmie|Hydro Pump|p1a: Metagross","|-damage|p1a: Metagross|135/343","|","|-weather|Sandstorm|[upkeep]","|-damage|p2a: Starmie|93/262|[from] Sandstorm","|-heal|p1a: Metagross|156/343|[from] item: Leftovers","|-heal|p2a: Starmie|109/262|[from] item: Leftovers","|upkeep","|turn|12","||adding 10 for new turn","|","|t:|1752925722","|move|p1a: Metagross|Earthquake|p2a: Starmie","|-damage|p2a: Starmie|0 fnt","|faint|p2a: Starmie","||adding 5 to each for mid turn request","|","|t:|1752925723","|switch|p2a: Blissey|Blissey, F, shiny|651/651","|","|-weather|Sandstorm|[upkeep]","|-damage|p2a: Blissey|611/651|[from] Sandstorm","|-heal|p1a: Metagross|177/343|[from] item: Leftovers","|-heal|p2a: Blissey|651/651|[from] item: Leftovers","|upkeep","|turn|13","||adding 10 for new turn","|","|t:|1752925724","|move|p1a: Metagross|Meteor Mash|p2a: Blissey","|-damage|p2a: Blissey|234/651","|move|p2a: Blissey|Fire Blast|p1a: Metagross","|-supereffective|p1a: Metagross","|-damage|p1a: Metagross|0 fnt","|faint|p1a: Metagross","||adding 5 to each for mid turn request","|","|t:|1752925725","|switch|p1a: Tyranitar|Tyranitar, M|401/401","|-damage|p1a: Tyranitar|351/401|[from] Spikes","|","|-weather|Sandstorm|[upkeep]","|-damage|p2a: Blissey|194/651|[from] Sandstorm","|-heal|p1a: Tyranitar|376/401|[from] item: Leftovers","|-heal|p2a: Blissey|234/651|[from] item: Leftovers","|upkeep","|turn|14","||adding 10 for new turn","|","|t:|1752925726","|move|p1a: Tyranitar|Crunch|p2a: Blissey","|-damage|p2a: Blissey|136/651","|move|p2a: Blissey|Soft-Boiled|p2a: Blissey","|-heal|p2a: Blissey|461/651","|","|-weather|Sandstorm|[upkeep]","|-damage|p2a: Blissey|421/651|[from] Sandstorm","|-heal|p1a: Tyranitar|401/401|[from] item: Leftovers","|-heal|p2a: Blissey|461/651|[from] item: Leftovers","|upkeep","|turn|15","||adding 10 for new turn","|","|t:|1752925727","|move|p1a: Tyranitar|Crunch|p2a: Blissey","|-damage|p2a: Blissey|363/651","|move|p2a: Blissey|Toxic|p1a: Tyranitar","|-status|p1a: Tyranitar|tox","|","|-weather|Sandstorm|[upkeep]","|-damage|p2a: Blissey|323/651|[from] Sandstorm","|-damage|p1a: Tyranitar|376/401 tox|[from] psn","|-heal|p2a: Blissey|363/651|[from] item: Leftovers","|upkeep","|turn|16","||adding 10 for new turn","|","|t:|1752925728","|move|p1a: Tyranitar|Crunch|p2a: Blissey","|-damage|p2a: Blissey|271/651","|move|p2a: Blissey|Soft-Boiled|p2a: Blissey","|-heal|p2a: Blissey|596/651","|","|-weather|Sandstorm|[upkeep]","|-damage|p2a: Blissey|556/651|[from] Sandstorm","|-heal|p1a: Tyranitar|401/401 tox|[from] item: Leftovers","|-damage|p1a: Tyranitar|351/401 tox|[from] psn","|-heal|p2a: Blissey|596/651|[from] item: Leftovers","|upkeep","|turn|17","||adding 10 for new turn","|","|t:|1752925729","|switch|p1a: Blissey|Blissey, F|652/652","|-damage|p1a: Blissey|571/652|[from] Spikes","|move|p2a: Blissey|Ice Beam|p1a: Blissey","|-damage|p1a: Blissey|519/652","|","|-weather|Sandstorm|[upkeep]","|-damage|p2a: Blissey|556/651|[from] Sandstorm","|-damage|p1a: Blissey|479/652|[from] Sandstorm","|-heal|p2a: Blissey|596/651|[from] item: Leftovers","|-heal|p1a: Blissey|519/652|[from] item: Leftovers","|upkeep","|turn|18","||adding 10 for new turn","|","|t:|1752925730","|move|p2a: Blissey|Toxic|p1a: Blissey|[miss]","|-miss|p2a: Blissey|p1a: Blissey","|move|p1a: Blissey|Toxic|p2a: Blissey|[miss]","|-miss|p1a: Blissey|p2a: Blissey","|","|-weather|Sandstorm|[upkeep]","|-damage|p2a: Blissey|556/651|[from] Sandstorm","|-damage|p1a: Blissey|479/652|[from] Sandstorm","|-heal|p2a: Blissey|596/651|[from] item: Leftovers","|-heal|p1a: Blissey|519/652|[from] item: Leftovers","|upkeep","|turn|19","||adding 10 for new turn","|","|t:|1752925731","|switch|p2a: Tyranitar|Tyranitar, F|158/403","|move|p1a: Blissey|Toxic|p2a: Tyranitar","|-status|p2a: Tyranitar|tox","|","|-weather|Sandstorm|[upkeep]","|-damage|p1a: Blissey|479/652|[from] Sandstorm","|-heal|p2a: Tyranitar|183/403 tox|[from] item: Leftovers","|-damage|p2a: Tyranitar|158/403 tox|[from] psn","|-heal|p1a: Blissey|519/652|[from] item: Leftovers","|upkeep","|turn|20","||adding 10 for new turn","|","|t:|1752925732","|-singleturn|p2a: Tyranitar|move: Focus Punch","|move|p1a: Blissey|Protect|p1a: Blissey","|-singleturn|p1a: Blissey|Protect","|move|p2a: Tyranitar|Focus Punch|p1a: Blissey","|-activate|p1a: Blissey|Protect","|","|-weather|Sandstorm|[upkeep]","|-damage|p1a: Blissey|479/652|[from] Sandstorm","|-heal|p2a: Tyranitar|183/403 tox|[from] item: Leftovers","|-damage|p2a: Tyranitar|133/403 tox|[from] psn","|-heal|p1a: Blissey|519/652|[from] item: Leftovers","|upkeep","|turn|21","||adding 10 for new turn","|","|t:|1752925732","|-singleturn|p2a: Tyranitar|move: Focus Punch","|move|p1a: Blissey|Protect|p1a: Blissey","|-singleturn|p1a: Blissey|Protect","|move|p2a: Tyranitar|Focus Punch|p1a: Blissey","|-activate|p1a: Blissey|Protect","|","|-weather|Sandstorm|[upkeep]","|-damage|p1a: Blissey|479/652|[from] Sandstorm","|-heal|p2a: Tyranitar|158/403 tox|[from] item: Leftovers","|-damage|p2a: Tyranitar|83/403 tox|[from] psn","|-heal|p1a: Blissey|519/652|[from] item: Leftovers","|upkeep","|turn|22","||adding 10 for new turn","|","|t:|1752925733","|-singleturn|p2a: Tyranitar|move: Focus Punch","|move|p1a: Blissey|Seismic Toss|p2a: Tyranitar","|-damage|p2a: Tyranitar|0 fnt","|faint|p2a: Tyranitar","||adding 5 to each for mid turn request","|","|t:|1752925734","|switch|p2a: Blissey|Blissey, F, shiny|596/651","|","|-weather|Sandstorm|[upkeep]","|-damage|p2a: Blissey|556/651|[from] Sandstorm","|-damage|p1a: Blissey|479/652|[from] Sandstorm","|-heal|p2a: Blissey|596/651|[from] item: Leftovers","|-heal|p1a: Blissey|519/652|[from] item: Leftovers","|upkeep","|turn|23","||adding 10 for new turn","|","|t:|1752925735","|move|p2a: Blissey|Toxic|p1a: Blissey","|-status|p1a: Blissey|tox","|move|p1a: Blissey|Toxic|p2a: Blissey|[miss]","|-miss|p1a: Blissey|p2a: Blissey","|","|-weather|Sandstorm|[upkeep]","|-damage|p2a: Blissey|556/651|[from] Sandstorm","|-damage|p1a: Blissey|479/652 tox|[from] Sandstorm","|-heal|p2a: Blissey|596/651|[from] item: Leftovers","|-heal|p1a: Blissey|519/652 tox|[from] item: Leftovers","|-damage|p1a: Blissey|479/652 tox|[from] psn","|upkeep","|turn|24","||adding 10 for new turn","|","|t:|1752925735","|move|p2a: Blissey|Fire Blast|p1a: Blissey","|-damage|p1a: Blissey|412/652 tox","|move|p1a: Blissey|Wish|p1a: Blissey","|","|-weather|Sandstorm|[upkeep]","|-damage|p2a: Blissey|556/651|[from] Sandstorm","|-damage|p1a: Blissey|372/652 tox|[from] Sandstorm","|-heal|p2a: Blissey|596/651|[from] item: Leftovers","|-heal|p1a: Blissey|412/652 tox|[from] item: Leftovers","|-damage|p1a: Blissey|332/652 tox|[from] psn","|upkeep","|turn|25","||adding 10 for new turn","|","|t:|1752925736","|move|p2a: Blissey|Fire Blast|p1a: Blissey","|-damage|p1a: Blissey|265/652 tox","|move|p1a: Blissey|Toxic|p2a: Blissey","|-status|p2a: Blissey|tox","|","|-heal|p1a: Blissey|591/652 tox|[from] move: Wish|[wisher] Blissey","|-weather|Sandstorm|[upkeep]","|-damage|p2a: Blissey|556/651 tox|[from] Sandstorm","|-damage|p1a: Blissey|551/652 tox|[from] Sandstorm","|-heal|p2a: Blissey|596/651 tox|[from] item: Leftovers","|-damage|p2a: Blissey|556/651 tox|[from] psn","|-heal|p1a: Blissey|591/652 tox|[from] item: Leftovers","|-damage|p1a: Blissey|471/652 tox|[from] psn","|upkeep","|turn|26","||adding 10 for new turn","|","|t:|1752925737","|-curestatus|p1a: Blissey|tox|[from] ability: Natural Cure","|switch|p1a: Tyranitar|Tyranitar, M|351/401 tox","|-damage|p1a: Tyranitar|301/401 tox|[from] Spikes","|move|p2a: Blissey|Ice Beam|p1a: Tyranitar","|-damage|p1a: Tyranitar|219/401 tox","|","|-weather|Sandstorm|[upkeep]","|-damage|p2a: Blissey|516/651 tox|[from] Sandstorm","|-heal|p1a: Tyranitar|244/401 tox|[from] item: Leftovers","|-damage|p1a: Tyranitar|219/401 tox|[from] psn","|-heal|p2a: Blissey|556/651 tox|[from] item: Leftovers","|-damage|p2a: Blissey|476/651 tox|[from] psn","|upkeep","|turn|27","||adding 10 for new turn","|","|t:|1752925738","|move|p1a: Tyranitar|Crunch|p2a: Blissey","|-crit|p2a: Blissey","|-damage|p2a: Blissey|292/651 tox","|-unboost|p2a: Blissey|spd|1","|move|p2a: Blissey|Soft-Boiled|p2a: Blissey","|-heal|p2a: Blissey|617/651 tox","|","|-weather|Sandstorm|[upkeep]","|-damage|p2a: Blissey|577/651 tox|[from] Sandstorm","|-heal|p1a: Tyranitar|244/401 tox|[from] item: Leftovers","|-damage|p1a: Tyranitar|194/401 tox|[from] psn","|-heal|p2a: Blissey|617/651 tox|[from] item: Leftovers","|-damage|p2a: Blissey|497/651 tox|[from] psn","|upkeep","|turn|28","||adding 10 for new turn","|","|t:|1752925739","|move|p1a: Tyranitar|Crunch|p2a: Blissey","|-damage|p2a: Blissey|359/651 tox","|-unboost|p2a: Blissey|spd|1","|move|p2a: Blissey|Soft-Boiled|p2a: Blissey","|-heal|p2a: Blissey|651/651 tox","|","|-weather|Sandstorm|[upkeep]","|-damage|p2a: Blissey|611/651 tox|[from] Sandstorm","|-heal|p1a: Tyranitar|219/401 tox|[from] item: Leftovers","|-damage|p1a: Tyranitar|144/401 tox|[from] psn","|-heal|p2a: Blissey|651/651 tox|[from] item: Leftovers","|-damage|p2a: Blissey|491/651 tox|[from] psn","|upkeep","|turn|29","||adding 10 for new turn","|","|t:|1752925740","|-curestatus|p2a: Blissey|tox|[from] ability: Natural Cure","|switch|p2a: Gengar|Gengar, F|303/303","|move|p1a: Tyranitar|Fire Blast|p2a: Gengar","|-damage|p2a: Gengar|184/303","|","|-weather|Sandstorm|[upkeep]","|-damage|p2a: Gengar|166/303|[from] Sandstorm","|-heal|p2a: Gengar|184/303|[from] item: Leftovers","|-heal|p1a: Tyranitar|169/401 tox|[from] item: Leftovers","|-damage|p1a: Tyranitar|69/401 tox|[from] psn","|upkeep","|turn|30","||adding 10 for new turn","|","|t:|1752925741","|move|p2a: Gengar|Thunderbolt|p1a: Tyranitar","|-damage|p1a: Tyranitar|0 fnt","|faint|p1a: Tyranitar","||adding 5 to each for mid turn request","|","|t:|1752925742","|switch|p1a: Blissey|Blissey, F|471/652","|-damage|p1a: Blissey|390/652|[from] Spikes","|","|-weather|Sandstorm|[upkeep]","|-damage|p2a: Gengar|166/303|[from] Sandstorm","|-damage|p1a: Blissey|350/652|[from] Sandstorm","|-heal|p2a: Gengar|184/303|[from] item: Leftovers","|-heal|p1a: Blissey|390/652|[from] item: Leftovers","|upkeep","|turn|31","||adding 10 for new turn","|","|t:|1752925743","|move|p2a: Gengar|Will-O-Wisp|p1a: Blissey","|-status|p1a: Blissey|brn","|move|p1a: Blissey|Wish|p1a: Blissey","|","|-weather|Sandstorm|[upkeep]","|-damage|p2a: Gengar|166/303|[from] Sandstorm","|-damage|p1a: Blissey|350/652 brn|[from] Sandstorm","|-heal|p2a: Gengar|184/303|[from] item: Leftovers","|-heal|p1a: Blissey|390/652 brn|[from] item: Leftovers","|-damage|p1a: Blissey|309/652 brn|[from] brn","|upkeep","|turn|32","||adding 10 for new turn","|","|t:|1752925743","|move|p1a: Blissey|Protect|p1a: Blissey","|-singleturn|p1a: Blissey|Protect","|move|p2a: Gengar|Thunderbolt|p1a: Blissey","|-activate|p1a: Blissey|Protect","|","|-heal|p1a: Blissey|635/652 brn|[from] move: Wish|[wisher] Blissey","|-weather|Sandstorm|[upkeep]","|-damage|p2a: Gengar|166/303|[from] Sandstorm","|-damage|p1a: Blissey|595/652 brn|[from] Sandstorm","|-heal|p2a: Gengar|184/303|[from] item: Leftovers","|-heal|p1a: Blissey|635/652 brn|[from] item: Leftovers","|-damage|p1a: Blissey|554/652 brn|[from] brn","|upkeep","|turn|33","||adding 10 for new turn","|","|t:|1752925744","|switch|p2a: Blissey|Blissey, F, shiny|491/651","|-curestatus|p1a: Blissey|brn|[from] ability: Natural Cure","|switch|p1a: Magneton|Magneton|242/242","|-damage|p1a: Magneton|212/242|[from] Spikes","|","|-weather|Sandstorm|[upkeep]","|-damage|p2a: Blissey|451/651|[from] Sandstorm","|-heal|p2a: Blissey|491/651|[from] item: Leftovers","|upkeep","|turn|34","||adding 10 for new turn","|","|t:|1752925745","|switch|p1a: Blissey|Blissey, F|554/652","|-damage|p1a: Blissey|473/652|[from] Spikes","|move|p2a: Blissey|Fire Blast|p1a: Blissey","|-damage|p1a: Blissey|402/652","|","|-weather|Sandstorm|[upkeep]","|-damage|p2a: Blissey|451/651|[from] Sandstorm","|-damage|p1a: Blissey|362/652|[from] Sandstorm","|-heal|p2a: Blissey|491/651|[from] item: Leftovers","|-heal|p1a: Blissey|402/652|[from] item: Leftovers","|upkeep","|turn|35","||adding 10 for new turn","|","|t:|1752925746","|move|p2a: Blissey|Toxic|p1a: Blissey|[miss]","|-miss|p2a: Blissey|p1a: Blissey","|move|p1a: Blissey|Wish|p1a: Blissey","|","|-weather|Sandstorm|[upkeep]","|-damage|p2a: Blissey|451/651|[from] Sandstorm","|-damage|p1a: Blissey|362/652|[from] Sandstorm","|-heal|p2a: Blissey|491/651|[from] item: Leftovers","|-heal|p1a: Blissey|402/652|[from] item: Leftovers","|upkeep","|turn|36","||adding 10 for new turn","|","|t:|1752925746","|move|p2a: Blissey|Toxic|p1a: Blissey","|-status|p1a: Blissey|tox","|move|p1a: Blissey|Toxic|p2a: Blissey","|-status|p2a: Blissey|tox","|","|-heal|p1a: Blissey|652/652 tox|[from] move: Wish|[wisher] Blissey","|-weather|Sandstorm|[upkeep]","|-damage|p2a: Blissey|451/651 tox|[from] Sandstorm","|-damage|p1a: Blissey|612/652 tox|[from] Sandstorm","|-heal|p2a: Blissey|491/651 tox|[from] item: Leftovers","|-damage|p2a: Blissey|451/651 tox|[from] psn","|-heal|p1a: Blissey|652/652 tox|[from] item: Leftovers","|-damage|p1a: Blissey|612/652 tox|[from] psn","|upkeep","|turn|37","||adding 10 for new turn","|","|t:|1752925747","|move|p2a: Blissey|Fire Blast|p1a: Blissey","|-damage|p1a: Blissey|540/652 tox","|move|p1a: Blissey|Wish|p1a: Blissey","|","|-weather|Sandstorm|[upkeep]","|-damage|p2a: Blissey|411/651 tox|[from] Sandstorm","|-damage|p1a: Blissey|500/652 tox|[from] Sandstorm","|-heal|p2a: Blissey|451/651 tox|[from] item: Leftovers","|-damage|p2a: Blissey|371/651 tox|[from] psn","|-heal|p1a: Blissey|540/652 tox|[from] item: Leftovers","|-damage|p1a: Blissey|460/652 tox|[from] psn","|upkeep","|turn|38","||adding 10 for new turn","|","|t:|1752925748","|-curestatus|p1a: Blissey|tox|[from] ability: Natural Cure","|switch|p1a: Magneton|Magneton|212/242","|-damage|p1a: Magneton|182/242|[from] Spikes","|move|p2a: Blissey|Soft-Boiled|p2a: Blissey","|-heal|p2a: Blissey|651/651 tox","|","|-heal|p1a: Magneton|242/242|[from] move: Wish|[wisher] Blissey","|-weather|Sandstorm|[upkeep]","|-damage|p2a: Blissey|611/651 tox|[from] Sandstorm","|-heal|p2a: Blissey|651/651 tox|[from] item: Leftovers","|-damage|p2a: Blissey|531/651 tox|[from] psn","|upkeep","|turn|39","||adding 10 for new turn","|","|t:|1752925749","|move|p1a: Magneton|Protect|p1a: Magneton","|-singleturn|p1a: Magneton|Protect","|move|p2a: Blissey|Fire Blast|p1a: Magneton","|-activate|p1a: Magneton|Protect","|","|-weather|Sandstorm|[upkeep]","|-damage|p2a: Blissey|491/651 tox|[from] Sandstorm","|-heal|p2a: Blissey|531/651 tox|[from] item: Leftovers","|-damage|p2a: Blissey|371/651 tox|[from] psn","|upkeep","|turn|40","||adding 10 for new turn","|","|t:|1752925750","|switch|p1a: Blissey|Blissey, F|460/652","|-damage|p1a: Blissey|379/652|[from] Spikes","|move|p2a: Blissey|Fire Blast|p1a: Blissey|[miss]","|-miss|p2a: Blissey|p1a: Blissey","|","|-weather|Sandstorm|[upkeep]","|-damage|p2a: Blissey|331/651 tox|[from] Sandstorm","|-damage|p1a: Blissey|339/652|[from] Sandstorm","|-heal|p2a: Blissey|371/651 tox|[from] item: Leftovers","|-damage|p2a: Blissey|171/651 tox|[from] psn","|-heal|p1a: Blissey|379/652|[from] item: Leftovers","|upkeep","|turn|41","||adding 10 for new turn","|","|t:|1752925750","|-curestatus|p2a: Blissey|tox|[from] ability: Natural Cure","|switch|p2a: Gengar|Gengar, F|184/303","|move|p1a: Blissey|Wish|p1a: Blissey","|","|-weather|Sandstorm|[upkeep]","|-damage|p2a: Gengar|166/303|[from] Sandstorm","|-damage|p1a: Blissey|339/652|[from] Sandstorm","|-heal|p2a: Gengar|184/303|[from] item: Leftovers","|-heal|p1a: Blissey|379/652|[from] item: Leftovers","|upkeep","|turn|42","||adding 10 for new turn","|","|t:|1752925751","|switch|p2a: Blissey|Blissey, F, shiny|171/651","|move|p1a: Blissey|Protect||[still]","|-fail|p1a: Blissey","|","|-heal|p1a: Blissey|652/652|[from] move: Wish|[wisher] Blissey","|-weather|Sandstorm|[upkeep]","|-damage|p2a: Blissey|131/651|[from] Sandstorm","|-damage|p1a: Blissey|612/652|[from] Sandstorm","|-heal|p2a: Blissey|171/651|[from] item: Leftovers","|-heal|p1a: Blissey|652/652|[from] item: Leftovers","|upkeep","|turn|43","||adding 10 for new turn","|","|t:|1752925752","|move|p2a: Blissey|Soft-Boiled|p2a: Blissey","|-heal|p2a: Blissey|496/651","|move|p1a: Blissey|Toxic|p2a: Blissey","|-status|p2a: Blissey|tox","|","|-weather|Sandstorm|[upkeep]","|-damage|p2a: Blissey|456/651 tox|[from] Sandstorm","|-damage|p1a: Blissey|612/652|[from] Sandstorm","|-heal|p2a: Blissey|496/651 tox|[from] item: Leftovers","|-damage|p2a: Blissey|456/651 tox|[from] psn","|-heal|p1a: Blissey|652/652|[from] item: Leftovers","|upkeep","|turn|44","||adding 10 for new turn","|","|t:|1752925753","|-curestatus|p2a: Blissey|tox|[from] ability: Natural Cure","|switch|p2a: Gengar|Gengar, F|184/303","|move|p1a: Blissey|Protect||[still]","|-fail|p1a: Blissey","|","|-weather|Sandstorm|[upkeep]","|-damage|p2a: Gengar|166/303|[from] Sandstorm","|-damage|p1a: Blissey|612/652|[from] Sandstorm","|-heal|p2a: Gengar|184/303|[from] item: Leftovers","|-heal|p1a: Blissey|652/652|[from] item: Leftovers","|upkeep","|turn|45","||adding 10 for new turn","|","|t:|1752925753","|move|p2a: Gengar|Will-O-Wisp|p1a: Blissey|[miss]","|-miss|p2a: Gengar|p1a: Blissey","|move|p1a: Blissey|Wish|p1a: Blissey","|","|-weather|Sandstorm|[upkeep]","|-damage|p2a: Gengar|166/303|[from] Sandstorm","|-damage|p1a: Blissey|612/652|[from] Sandstorm","|-heal|p2a: Gengar|184/303|[from] item: Leftovers","|-heal|p1a: Blissey|652/652|[from] item: Leftovers","|upkeep","|turn|46","||adding 10 for new turn","|","|t:|1752925754","|move|p2a: Gengar|Will-O-Wisp|p1a: Blissey|[miss]","|-miss|p2a: Gengar|p1a: Blissey","|move|p1a: Blissey|Toxic|p2a: Gengar","|-immune|p2a: Gengar","|","|-weather|Sandstorm|[upkeep]","|-damage|p2a: Gengar|166/303|[from] Sandstorm","|-damage|p1a: Blissey|612/652|[from] Sandstorm","|-heal|p2a: Gengar|184/303|[from] item: Leftovers","|-heal|p1a: Blissey|652/652|[from] item: Leftovers","|upkeep","|turn|47","||adding 10 for new turn","|","|t:|1752925755","|move|p1a: Blissey|Protect|p1a: Blissey","|-singleturn|p1a: Blissey|Protect","|move|p2a: Gengar|Will-O-Wisp|p1a: Blissey","|-activate|p1a: Blissey|Protect","|","|-weather|Sandstorm|[upkeep]","|-damage|p2a: Gengar|166/303|[from] Sandstorm","|-damage|p1a: Blissey|612/652|[from] Sandstorm","|-heal|p2a: Gengar|184/303|[from] item: Leftovers","|-heal|p1a: Blissey|652/652|[from] item: Leftovers","|upkeep","|turn|48","||adding 10 for new turn","|","|t:|1752925756","|move|p2a: Gengar|Will-O-Wisp|p1a: Blissey","|-status|p1a: Blissey|brn","|move|p1a: Blissey|Wish|p1a: Blissey","|","|-weather|Sandstorm|[upkeep]","|-damage|p2a: Gengar|166/303|[from] Sandstorm","|-damage|p1a: Blissey|612/652 brn|[from] Sandstorm","|-heal|p2a: Gengar|184/303|[from] item: Leftovers","|-heal|p1a: Blissey|652/652 brn|[from] item: Leftovers","|-damage|p1a: Blissey|571/652 brn|[from] brn","|upkeep","|turn|49","||adding 10 for new turn","|","|t:|1752925757","|switch|p2a: Blissey|Blissey, F, shiny|456/651","|-curestatus|p1a: Blissey|brn|[from] ability: Natural Cure","|switch|p1a: Magneton|Magneton|242/242","|-damage|p1a: Magneton|212/242|[from] Spikes","|","|-heal|p1a: Magneton|242/242|[from] move: Wish|[wisher] Blissey","|-weather|Sandstorm|[upkeep]","|-damage|p2a: Blissey|416/651|[from] Sandstorm","|-heal|p2a: Blissey|456/651|[from] item: Leftovers","|upkeep","|turn|50","||adding 10 for new turn","|","|t:|1752925757","|move|p1a: Magneton|Protect|p1a: Magneton","|-singleturn|p1a: Magneton|Protect","|move|p2a: Blissey|Fire Blast|p1a: Magneton","|-activate|p1a: Magneton|Protect","|","|-weather|Sandstorm|[upkeep]","|-damage|p2a: Blissey|416/651|[from] Sandstorm","|-heal|p2a: Blissey|456/651|[from] item: Leftovers","|upkeep","|turn|51","||adding 10 for new turn","|","|t:|1752925758","|move|p1a: Magneton|Toxic|p2a: Blissey|[miss]","|-miss|p1a: Magneton|p2a: Blissey","|move|p2a: Blissey|Ice Beam|p1a: Magneton","|-resisted|p1a: Magneton","|-damage|p1a: Magneton|182/242","|","|-weather|Sandstorm|[upkeep]","|-damage|p2a: Blissey|416/651|[from] Sandstorm","|-heal|p2a: Blissey|456/651|[from] item: Leftovers","|upkeep","|turn|52","||adding 10 for new turn","|","|t:|1752925759","|move|p1a: Magneton|Toxic|p2a: Blissey","|-status|p2a: Blissey|tox","|move|p2a: Blissey|Ice Beam|p1a: Magneton","|-resisted|p1a: Magneton","|-damage|p1a: Magneton|129/242","|","|-weather|Sandstorm|[upkeep]","|-damage|p2a: Blissey|416/651 tox|[from] Sandstorm","|-heal|p2a: Blissey|456/651 tox|[from] item: Leftovers","|-damage|p2a: Blissey|416/651 tox|[from] psn","|upkeep","|turn|53","||adding 10 for new turn","|","|t:|1752925760","|move|p1a: Magneton|Thunderbolt|p2a: Blissey","|-crit|p2a: Blissey","|-damage|p2a: Blissey|112/651 tox","|move|p2a: Blissey|Soft-Boiled|p2a: Blissey","|-heal|p2a: Blissey|437/651 tox","|","|-weather|Sandstorm|[upkeep]","|-damage|p2a: Blissey|397/651 tox|[from] Sandstorm","|-heal|p2a: Blissey|437/651 tox|[from] item: Leftovers","|-damage|p2a: Blissey|357/651 tox|[from] psn","|upkeep","|turn|54","||adding 10 for new turn","|","|t:|1752925761","|move|p1a: Magneton|Thunderbolt|p2a: Blissey","|-damage|p2a: Blissey|215/651 tox","|move|p2a: Blissey|Soft-Boiled|p2a: Blissey","|-heal|p2a: Blissey|540/651 tox","|","|-weather|Sandstorm|[upkeep]","|-damage|p2a: Blissey|500/651 tox|[from] Sandstorm","|-heal|p2a: Blissey|540/651 tox|[from] item: Leftovers","|-damage|p2a: Blissey|420/651 tox|[from] psn","|upkeep","|turn|55","||adding 10 for new turn","|","|t:|1752925762","|move|p1a: Magneton|Thunderbolt|p2a: Blissey","|-damage|p2a: Blissey|262/651 tox","|move|p2a: Blissey|Soft-Boiled|p2a: Blissey","|-heal|p2a: Blissey|587/651 tox","|","|-weather|Sandstorm|[upkeep]","|-damage|p2a: Blissey|547/651 tox|[from] Sandstorm","|-heal|p2a: Blissey|587/651 tox|[from] item: Leftovers","|-damage|p2a: Blissey|427/651 tox|[from] psn","|upkeep","|turn|56","||adding 10 for new turn","|","|t:|1752925762","|move|p1a: Magneton|Thunderbolt|p2a: Blissey","|-damage|p2a: Blissey|275/651 tox","|move|p2a: Blissey|Soft-Boiled|p2a: Blissey","|-heal|p2a: Blissey|600/651 tox","|","|-weather|Sandstorm|[upkeep]","|-damage|p2a: Blissey|560/651 tox|[from] Sandstorm","|-heal|p2a: Blissey|600/651 tox|[from] item: Leftovers","|-damage|p2a: Blissey|400/651 tox|[from] psn","|upkeep","|turn|57","||adding 10 for new turn","|","|t:|1752925763","|move|p1a: Magneton|Thunderbolt|p2a: Blissey","|-damage|p2a: Blissey|247/651 tox","|move|p2a: Blissey|Soft-Boiled|p2a: Blissey","|-heal|p2a: Blissey|572/651 tox","|","|-weather|Sandstorm|[upkeep]","|-damage|p2a: Blissey|532/651 tox|[from] Sandstorm","|-heal|p2a: Blissey|572/651 tox|[from] item: Leftovers","|-damage|p2a: Blissey|332/651 tox|[from] psn","|upkeep","|turn|58","||adding 10 for new turn","|","|t:|1752925764","|-curestatus|p2a: Blissey|tox|[from] ability: Natural Cure","|switch|p2a: Gengar|Gengar, F|184/303","|move|p1a: Magneton|Thunderbolt|p2a: Gengar","|-damage|p2a: Gengar|0 fnt","|faint|p2a: Gengar","||adding 5 to each for mid turn request","|","|t:|1752925765","|switch|p2a: Blissey|Blissey, F, shiny|332/651","|","|-weather|Sandstorm|[upkeep]","|-damage|p2a: Blissey|292/651|[from] Sandstorm","|-heal|p2a: Blissey|332/651|[from] item: Leftovers","|upkeep","|turn|59","||adding 10 for new turn","|","|t:|1752925765","|move|p1a: Magneton|Toxic|p2a: Blissey","|-status|p2a: Blissey|tox","|move|p2a: Blissey|Soft-Boiled|p2a: Blissey","|-heal|p2a: Blissey|651/651 tox","|","|-weather|Sandstorm|[upkeep]","|-damage|p2a: Blissey|611/651 tox|[from] Sandstorm","|-heal|p2a: Blissey|651/651 tox|[from] item: Leftovers","|-damage|p2a: Blissey|611/651 tox|[from] psn","|upkeep","|turn|60","||adding 10 for new turn","|","|t:|1752925766","|move|p1a: Magneton|Thunderbolt|p2a: Blissey","|-damage|p2a: Blissey|462/651 tox","|move|p2a: Blissey|Ice Beam|p1a: Magneton","|-resisted|p1a: Magneton","|-damage|p1a: Magneton|69/242","|","|-weather|Sandstorm|[upkeep]","|-damage|p2a: Blissey|422/651 tox|[from] Sandstorm","|-heal|p2a: Blissey|462/651 tox|[from] item: Leftovers","|-damage|p2a: Blissey|382/651 tox|[from] psn","|upkeep","|turn|61","||adding 10 for new turn","|","|t:|1752925767","|move|p1a: Magneton|Thunderbolt|p2a: Blissey","|-damage|p2a: Blissey|235/651 tox","|move|p2a: Blissey|Soft-Boiled|p2a: Blissey","|-heal|p2a: Blissey|560/651 tox","|","|-weather|Sandstorm|[upkeep]","|-damage|p2a: Blissey|520/651 tox|[from] Sandstorm","|-heal|p2a: Blissey|560/651 tox|[from] item: Leftovers","|-damage|p2a: Blissey|440/651 tox|[from] psn","|upkeep","|turn|62","||adding 10 for new turn","|","|t:|1752925768","|move|p1a: Magneton|Thunderbolt|p2a: Blissey","|-damage|p2a: Blissey|280/651 tox","|move|p2a: Blissey|Soft-Boiled|p2a: Blissey","|-heal|p2a: Blissey|605/651 tox","|","|-weather|Sandstorm|[upkeep]","|-damage|p2a: Blissey|565/651 tox|[from] Sandstorm","|-heal|p2a: Blissey|605/651 tox|[from] item: Leftovers","|-damage|p2a: Blissey|445/651 tox|[from] psn","|upkeep","|turn|63","||adding 10 for new turn","|","|t:|1752925768","|move|p1a: Magneton|Thunderbolt|p2a: Blissey","|-damage|p2a: Blissey|308/651 tox","|move|p2a: Blissey|Soft-Boiled|p2a: Blissey","|-heal|p2a: Blissey|633/651 tox","|","|-weather|Sandstorm|[upkeep]","|-damage|p2a: Blissey|593/651 tox|[from] Sandstorm","|-heal|p2a: Blissey|633/651 tox|[from] item: Leftovers","|-damage|p2a: Blissey|433/651 tox|[from] psn","|upkeep","|turn|64","||adding 10 for new turn","|","|t:|1752925769","|move|p1a: Magneton|Thunderbolt|p2a: Blissey","|-damage|p2a: Blissey|275/651 tox","|move|p2a: Blissey|Ice Beam|p1a: Magneton","|-resisted|p1a: Magneton","|-damage|p1a: Magneton|14/242","|","|-weather|Sandstorm|[upkeep]","|-damage|p2a: Blissey|235/651 tox|[from] Sandstorm","|-heal|p2a: Blissey|275/651 tox|[from] item: Leftovers","|-damage|p2a: Blissey|35/651 tox|[from] psn","|upkeep","|turn|65","||adding 10 for new turn","|","|t:|1752925770","|move|p1a: Magneton|Thunderbolt|p2a: Blissey","|-damage|p2a: Blissey|0 fnt","|faint|p2a: Blissey","|","|win|foultestchallenge1",""],"p1rating":null,"p2rating":null,"endType":"normal","ladderError":true,"timestamp":"Sat Jul 19 2025 04:49:30 GMT-0700 (アメリカ太平洋夏時間)","roomid":"battle-gen3ou-971","format":"gen3ou"}