{"winner":"foultestchallenge1","seed":"sodium,c4ed9aaa75b04a6e177dfbede39e0bda","turns":68,"p1":"foultestchallenge1","p2":"foultest_acceptor1","p1team":[{"name":"Skarmory","species":"Skarmory","item":"Leftovers","ability":"Keen Eye","moves":["Spikes","Roar","Toxic","Protect"],"nature":"Careful","evs":{"hp":252,"atk":0,"def":0,"spa":0,"spd":252,"spe":4},"gender":"M","ivs":{"hp":31,"atk":0,"def":31,"spa":31,"spd":31,"spe":31},"level":100},{"name":"Jolteon","species":"Jolteon","item":"Leftovers","ability":"Volt Absorb","moves":["Thunderbolt","Thunder Wave","Hidden Power Grass","Baton Pass"],"nature":"Timid","evs":{"hp":4,"atk":0,"def":0,"spa":252,"spd":0,"spe":252},"gender":"M","ivs":{"hp":31,"atk":2,"def":31,"spa":30,"spd":31,"spe":31},"happiness":255,"hpType":"Grass","pokeball":"","gigantamax":false,"dynamaxLevel":10,"teraType":"","level":100},{"name":"Tyranitar","species":"Tyranitar","item":"Leftovers","ability":"Sand Stream","moves":["Focus Punch","Earthquake","Hidden Power Bug","Rock Slide"],"nature":"Adamant","evs":{"hp":252,"atk":252,"def":4,"spa":0,"spd":0,"spe":0},"gender":"F","ivs":{"hp":31,"atk":31,"def":31,"spa":31,"spd":30,"spe":30},"happiness":255,"hpType":"Bug","pokeball":"","gigantamax":false,"dynamaxLevel":10,"teraType":"","level":100},{"name":"Gengar","species":"Gengar","item":"Leftovers","ability":"Levitate","moves":["Ice Punch","Fire Punch","Hidden Power Grass","Explosion"],"nature":"Hasty","evs":{"hp":40,"atk":0,"def":0,"spa":252,"spd":0,"spe":216},"gender":"F","ivs":{"hp":31,"atk":30,"def":31,"spa":30,"spd":31,"spe":31},"happiness":255,"hpType":"Grass","pokeball":"","gigantamax":false,"dynamaxLevel":10,"teraType":"","level":100},{"name":"Metagross","species":"Metagross","item":"Choice Band","ability":"Clear Body","moves":["Meteor Mash","Earthquake","Rock Slide","Explosion"],"nature":"Adamant","evs":{"hp":68,"atk":252,"def":0,"spa":0,"spd":0,"spe":188},"gender":"N","level":100,"ivs":{"hp":31,"atk":31,"def":31,"spa":31,"spd":31,"spe":31}},{"name":"Starmie","species":"Starmie","item":"Leftovers","ability":"Natural Cure","moves":["Hydro Pump","Thunderbolt","Ice Beam","Psychic"],"nature":"Timid","evs":{"hp":4,"atk":0,"def":0,"spa":252,"spd":0,"spe":252},"gender":"N","ivs":{"hp":31,"atk":0,"def":31,"spa":31,"spd":31,"spe":31},"level":100}],"p2team":[{"name":"Skarmory","species":"Skarmory","item":"Leftovers","ability":"Keen Eye","moves":["Spikes","Roar","Toxic","Protect"],"nature":"Careful","evs":{"hp":252,"atk":0,"def":0,"spa":0,"spd":252,"spe":4},"gender":"M","ivs":{"hp":31,"atk":0,"def":31,"spa":31,"spd":31,"spe":31},"level":100},{"name":"Jolteon","species":"Jolteon","item":"Leftovers","ability":"Volt Absorb","moves":["Thunderbolt","Thunder Wave","Hidden Power Grass","Baton Pass"],"nature":"Timid","evs":{"hp":4,"atk":0,"def":0,"spa":252,"spd":0,"spe":252},"gender":"M","ivs":{"hp":31,"atk":2,"def":31,"spa":30,"spd":31,"spe":31},"happiness":255,"hpType":"Grass","pokeball":"","gigantamax":false,"dynamaxLevel":10,"teraType":"","level":100},{"name":"Tyranitar","species":"Tyranitar","item":"Leftovers","ability":"Sand Stream","moves":["Focus Punch","Earthquake","Hidden Power Bug","Rock Slide"],"nature":"Adamant","evs":{"hp":252,"atk":252,"def":4,"spa":0,"spd":0,"spe":0},"gender":"M","ivs":{"hp":31,"atk":31,"def":31,"spa":31,"spd":30,"spe":30},"happiness":255,"hpType":"Bug","pokeball":"","gigantamax":false,"dynamaxLevel":10,"teraType":"","level":100},{"name":"Gengar","species":"Gengar","item":"Leftovers","ability":"Levitate","moves":["Ice Punch","Fire Punch","Hidden Power Grass","Explosion"],"nature":"Hasty","evs":{"hp":40,"atk":0,"def":0,"spa":252,"spd":0,"spe":216},"gender":"F","ivs":{"hp":31,"atk":30,"def":31,"spa":30,"spd":31,"spe":31},"happiness":255,"hpType":"Grass","pokeball":"","gigantamax":false,"dynamaxLevel":10,"teraType":"","level":100},{"name":"Metagross","species":"Metagross","item":"Choice Band","ability":"Clear Body","moves":["Meteor Mash","Earthquake","Rock Slide","Explosion"],"nature":"Adamant","evs":{"hp":68,"atk":252,"def":0,"spa":0,"spd":0,"spe":188},"gender":"N","level":100,"ivs":{"hp":31,"atk":31,"def":31,"spa":31,"spd":31,"spe":31}},{"name":"Starmie","species":"Starmie","item":"Leftovers","ability":"Natural Cure","moves":["Hydro Pump","Thunderbolt","Ice Beam","Psychic"],"nature":"Timid","evs":{"hp":4,"atk":0,"def":0,"spa":252,"spd":0,"spe":252},"gender":"N","ivs":{"hp":31,"atk":0,"def":31,"spa":31,"spd":31,"spe":31},"level":100}],"score":[2,0],"inputLog":[">version 372d05e49c92a79eecdf6c8dddb208bd1765c00f",">start {\"formatid\":\"gen3ou\",\"seed\":\"sodium,c4ed9aaa75b04a6e177dfbede39e0bda\"}",">player p1 {\"name\":\"foultestchallenge1\",\"avatar\":\"266\",\"team\":\"Skarmory||Leftovers|KeenEye|Spikes,Roar,Toxic,Protect|Careful|252,,,,252,4|M|,0,,,,|||]Jolteon||Leftovers|VoltAbsorb|Thunderbolt,ThunderWave,HiddenPowerGrass,BatonPass|Timid|4,,,252,,252|M|,2,,30,,|||,Grass,,,,]Tyranitar||Leftovers|SandStream|FocusPunch,Earthquake,HiddenPowerBug,RockSlide|Adamant|252,252,4,,,|F|,,,,30,30|||,Bug,,,,]Gengar||Leftovers|Levitate|IcePunch,FirePunch,HiddenPowerGrass,Explosion|Hasty|40,,,252,,216|F|,30,,30,,|||,Grass,,,,]Metagross||ChoiceBand|ClearBody|MeteorMash,Earthquake,RockSlide,Explosion|Adamant|68,252,,,,188|N||||]Starmie||Leftovers|NaturalCure|HydroPump,Thunderbolt,IceBeam,Psychic|Timid|4,,,252,,252|N|,0,,,,|||\",\"rating\":0}",">player p2 {\"name\":\"foultest_acceptor1\",\"avatar\":\"dawn\",\"team\":\"Skarmory||Leftovers|KeenEye|Spikes,Roar,Toxic,Protect|Careful|252,,,,252,4|M|,0,,,,|||]Jolteon||Leftovers|VoltAbsorb|Thunderbolt,ThunderWave,HiddenPowerGrass,BatonPass|Timid|4,,,252,,252|M|,2,,30,,|||,Grass,,,,]Tyranitar||Leftovers|SandStream|FocusPunch,Earthquake,HiddenPowerBug,RockSlide|Adamant|252,252,4,,,|M|,,,,30,30|||,Bug,,,,]Gengar||Leftovers|Levitate|IcePunch,FirePunch,HiddenPowerGrass,Explosion|Hasty|40,,,252,,216|F|,30,,30,,|||,Grass,,,,]Metagross||ChoiceBand|ClearBody|MeteorMash,Earthquake,RockSlide,Explosion|Adamant|68,252,,,,188|N||||]Starmie||Leftovers|NaturalCure|HydroPump,Thunderbolt,IceBeam,Psychic|Timid|4,,,252,,252|N|,0,,,,|||\",\"rating\":0}",">p1 move spikes",">p2 move spikes",">p1 move spikes",">p2 switch 6",">p1 switch 4",">p2 move thunderbolt",">p1 switch 2",">p2 move psychic",">p1 move thunderbolt",">p2 switch 2",">p1 move thunderwave",">p2 move hiddenpower",">p1 move hiddenpower",">p2 move hiddenpower",">p1 switch 3",">p1 move rockslide",">p2 move thunderwave",">p2 switch 5",">p1 switch 4",">p2 move meteormash",">p1 switch 5",">p2 move meteormash",">p1 move explosion",">p2 move meteormash",">p1 switch 6",">p2 switch 2",">p1 move thunderbolt",">p2 move thunderbolt",">p1 move psychic",">p2 move thunderbolt",">p1 switch 5",">p1 move roar",">p2 move thunderbolt",">p1 move protect",">p2 move firepunch",">p1 switch 4",">p2 move firepunch",">p1 move rockslide",">p2 move hiddenpower",">p1 move hiddenpower",">p2 move hiddenpower",">p2 switch 6",">p1 switch 4",">p2 move toxic",">p1 move spikes",">p2 switch 4",">p2 switch 3",">p1 move roar",">p2 move rockslide",">p1 move toxic",">p2 switch 4",">p1 move protect",">p2 move rockslide",">p1 move protect",">p2 move rockslide",">p1 move protect",">p2 move rockslide",">p1 switch 4",">p2 move rockslide",">p1 switch 2",">p1 move icepunch",">p2 move rockslide",">p2 switch 4",">p1 move firepunch",">p2 move roar",">p1 switch 4",">p2 move roar",">p1 switch 4",">p2 move roar",">p1 switch 4",">p2 move roar",">p1 switch 4",">p2 move roar",">p1 switch 4",">p2 move roar",">p1 move protect",">p2 move roar",">p1 switch 4",">p2 move roar",">p1 switch 4",">p2 move roar",">p1 move protect",">p2 move roar",">p1 move protect",">p2 move roar",">p1 switch 4",">p2 move roar",">p1 switch 4",">p2 move roar",">p1 switch 4",">p2 move roar",">p1 switch 4",">p2 move roar",">p1 switch 4",">p2 move roar",">p1 switch 4",">p2 move roar",">p1 switch 4",">p2 move roar",">p1 switch 4",">p2 move roar",">p1 switch 4",">p2 move roar",">p1 switch 4",">p2 move roar",">p1 switch 4",">p2 move roar",">p1 switch 4",">p2 move roar",">p1 switch 4",">p2 move roar",">p1 switch 4",">p2 move roar",">p1 switch 4",">p2 move roar",">p1 switch 4",">p2 move roar",">p1 switch 4",">p2 move roar",">p1 switch 4",">p2 move roar",">p1 switch 4",">p2 move roar",">p1 switch 4",">p2 move roar",">p1 switch 4",">p2 move roar",">p1 switch 4",">p2 move protect",">p1 move firepunch",">p2 move protect",">p1 move firepunch",">p2 move protect",">p1 move firepunch",">p2 move protect",">p1 move firepunch",">p2 move protect",">p1 move firepunch",">p2 move protect",">p1 move firepunch",">p2 move protect",">p1 move firepunch",">p2 move protect",">p1 move firepunch",">p2 move protect"],"log":["|j|☆foultestchallenge1","|j|☆foultest_acceptor1","|t:|1752910434","|gametype|singles","|player|p1|foultestchallenge1|266|","|player|p2|foultest_acceptor1|dawn|","|teamsize|p1|6","|teamsize|p2|6","|gen|3","|tier|[Gen 3] OU","|rule|Sleep Clause Mod: Limit one foe put to sleep","|rule|Switch Priority Clause Mod: Faster Pokémon switch first","|rule|Species Clause: Limit one of each Pokémon","|rule|OHKO Clause: OHKO moves are banned","|rule|Evasion Items Clause: Evasion items are banned","|rule|Evasion Moves Clause: Evasion moves are banned","|rule|Endless Battle Clause: Forcing endless battles is banned","|rule|HP Percentage Mod: HP is shown in percentages","|rule|One Boost Passer Clause: Limit one Baton Passer that has a way to boost its stats","|rule|Freeze Clause Mod: Limit one foe frozen","|","|t:|1752910434","|start","|switch|p1a: Skarmory|Skarmory, M|334/334","|switch|p2a: Skarmory|Skarmory, M|334/334","|turn|1","|inactive|Battle timer is ON: inactive players will automatically lose when time's up. (requested by foultest_acceptor1)","|inactive|foultestchallenge1 also wants the timer to be on.","|","|t:|1752910443","|move|p1a: Skarmory|Spikes|p2a: Skarmory","|-sidestart|p2: foultest_acceptor1|Spikes","|move|p2a: Skarmory|Spikes|p1a: Skarmory","|-sidestart|p1: foultestchallenge1|Spikes","|","|upkeep","|turn|2","||adding 10 for new turn","|","|t:|1752910451","|switch|p2a: Starmie|Starmie|262/262","|-damage|p2a: Starmie|230/262|[from] Spikes","|move|p1a: Skarmory|Spikes|p2a: Starmie","|-sidestart|p2: foultest_acceptor1|Spikes","|","|-heal|p2a: Starmie|246/262|[from] item: Leftovers","|upkeep","|turn|3","||adding 10 for new turn","|j| thecrusher677","|","|t:|1752910459","|switch|p1a: Gengar|Gengar, F|271/271","|move|p2a: Starmie|Thunderbolt|p1a: Gengar","|-damage|p1a: Gengar|141/271","|","|-heal|p2a: Starmie|262/262|[from] item: Leftovers","|-heal|p1a: Gengar|157/271|[from] item: Leftovers","|upkeep","|turn|4","||adding 10 for new turn","|","|t:|1752910467","|switch|p1a: Jolteon|Jolteon, M|272/272","|-damage|p1a: Jolteon|238/272|[from] Spikes","|move|p2a: Starmie|Psychic|p1a: Jolteon","|-damage|p1a: Jolteon|85/272","|","|-heal|p1a: Jolteon|102/272|[from] item: Leftovers","|upkeep","|turn|5","||adding 10 for new turn","|","|t:|1752910475","|switch|p2a: Jolteon|Jolteon, M|272/272","|-damage|p2a: Jolteon|227/272|[from] Spikes","|move|p1a: Jolteon|Thunderbolt|p2a: Jolteon","|-heal|p2a: Jolteon|272/272|[from] ability: Volt Absorb|[of] p1a: Jolteon","|","|-heal|p1a: Jolteon|119/272|[from] item: Leftovers","|upkeep","|turn|6","||adding 10 for new turn","|","|t:|1752910483","|move|p1a: Jolteon|Thunder Wave|p2a: Jolteon","|-status|p2a: Jolteon|par","|move|p2a: Jolteon|Hidden Power|p1a: Jolteon","|-damage|p1a: Jolteon|38/272","|","|-heal|p1a: Jolteon|55/272|[from] item: Leftovers","|upkeep","|turn|7","||adding 10 for new turn","|","|t:|1752910492","|move|p1a: Jolteon|Hidden Power|p2a: Jolteon","|-damage|p2a: Jolteon|193/272 par","|move|p2a: Jolteon|Hidden Power|p1a: Jolteon","|-damage|p1a: Jolteon|0 fnt","|faint|p1a: Jolteon","||adding 5 to each for mid turn request","|","|t:|1752910499","|switch|p1a: Tyranitar|Tyranitar, F|404/404","|-damage|p1a: Tyranitar|354/404|[from] Spikes","|-weather|Sandstorm|[from] ability: Sand Stream|[of] p1a: Tyranitar","|","|-weather|Sandstorm|[upkeep]","|-damage|p2a: Jolteon|176/272 par|[from] Sandstorm","|-heal|p1a: Tyranitar|379/404|[from] item: Leftovers","|-heal|p2a: Jolteon|193/272 par|[from] item: Leftovers","|upkeep","|turn|8","||adding 10 for new turn","|","|t:|1752910507","|move|p1a: Tyranitar|Rock Slide|p2a: Jolteon","|-crit|p2a: Jolteon","|-damage|p2a: Jolteon|0 fnt","|faint|p2a: Jolteon","||adding 5 to each for mid turn request","|","|t:|1752910515","|switch|p2a: Metagross|Metagross|318/318","|-damage|p2a: Metagross|265/318|[from] Spikes","|","|-weather|Sandstorm|[upkeep]","|-heal|p1a: Tyranitar|404/404|[from] item: Leftovers","|upkeep","|turn|9","||adding 10 for new turn","|","|t:|1752910523","|switch|p1a: Skarmory|Skarmory, M|334/334","|move|p2a: Metagross|Meteor Mash|p1a: Skarmory","|-resisted|p1a: Skarmory","|-damage|p1a: Skarmory|217/334","|","|-weather|Sandstorm|[upkeep]","|-heal|p1a: Skarmory|237/334|[from] item: Leftovers","|upkeep","|turn|10","||adding 10 for new turn","|","|t:|1752910532","|switch|p1a: Metagross|Metagross|318/318","|-damage|p1a: Metagross|279/318|[from] Spikes","|move|p2a: Metagross|Meteor Mash|p1a: Metagross","|-resisted|p1a: Metagross","|-crit|p1a: Metagross","|-damage|p1a: Metagross|58/318","|-boost|p2a: Metagross|atk|1","|","|-weather|Sandstorm|[upkeep]","|upkeep","|turn|11","||adding 10 for new turn","|","|t:|1752910540","|move|p1a: Metagross|Explosion|p2a: Metagross","|-resisted|p2a: Metagross","|-damage|p2a: Metagross|0 fnt","|faint|p1a: Metagross","|faint|p2a: Metagross","||adding 5 to each for mid turn request","|","|t:|1752910548","|switch|p1a: Starmie|Starmie|262/262","|switch|p2a: Starmie|Starmie|262/262","|-damage|p1a: Starmie|230/262|[from] Spikes","|-damage|p2a: Starmie|219/262|[from] Spikes","|","|-weather|Sandstorm|[upkeep]","|-damage|p1a: Starmie|214/262|[from] Sandstorm","|-damage|p2a: Starmie|203/262|[from] Sandstorm","|-heal|p1a: Starmie|230/262|[from] item: Leftovers","|-heal|p2a: Starmie|219/262|[from] item: Leftovers","|upkeep","|turn|12","||adding 10 for new turn","|","|t:|1752910556","|move|p2a: Starmie|Thunderbolt|p1a: Starmie","|-supereffective|p1a: Starmie","|-damage|p1a: Starmie|27/262","|move|p1a: Starmie|Thunderbolt|p2a: Starmie","|-supereffective|p2a: Starmie","|-damage|p2a: Starmie|18/262","|","|-weather|Sandstorm|[upkeep]","|-damage|p2a: Starmie|2/262|[from] Sandstorm","|-damage|p1a: Starmie|11/262|[from] Sandstorm","|-heal|p2a: Starmie|18/262|[from] item: Leftovers","|-heal|p1a: Starmie|27/262|[from] item: Leftovers","|upkeep","|turn|13","||adding 10 for new turn","|","|t:|1752910564","|move|p2a: Starmie|Thunderbolt|p1a: Starmie","|-supereffective|p1a: Starmie","|-damage|p1a: Starmie|0 fnt","|faint|p1a: Starmie","||adding 5 to each for mid turn request","|","|t:|1752910571","|switch|p1a: Skarmory|Skarmory, M|237/334","|","|-weather|Sandstorm|[upkeep]","|-damage|p2a: Starmie|2/262|[from] Sandstorm","|-heal|p2a: Starmie|18/262|[from] item: Leftovers","|-heal|p1a: Skarmory|257/334|[from] item: Leftovers","|upkeep","|turn|14","||adding 10 for new turn","|","|t:|1752910579","|move|p2a: Starmie|Thunderbolt|p1a: Skarmory","|-supereffective|p1a: Skarmory","|-damage|p1a: Skarmory|92/334","|move|p1a: Skarmory|Roar|p2a: Starmie","|drag|p2a: Gengar|Gengar, F|271/271","|","|-weather|Sandstorm|[upkeep]","|-damage|p2a: Gengar|255/271|[from] Sandstorm","|-heal|p2a: Gengar|271/271|[from] item: Leftovers","|-heal|p1a: Skarmory|112/334|[from] item: Leftovers","|upkeep","|turn|15","||adding 10 for new turn","|","|t:|1752910587","|move|p1a: Skarmory|Protect|p1a: Skarmory","|-singleturn|p1a: Skarmory|Protect","|move|p2a: Gengar|Fire Punch|p1a: Skarmory","|-activate|p1a: Skarmory|Protect","|","|-weather|Sandstorm|[upkeep]","|-damage|p2a: Gengar|255/271|[from] Sandstorm","|-heal|p2a: Gengar|271/271|[from] item: Leftovers","|-heal|p1a: Skarmory|132/334|[from] item: Leftovers","|upkeep","|turn|16","||adding 10 for new turn","|","|t:|1752910595","|switch|p1a: Tyranitar|Tyranitar, F|404/404","|-damage|p1a: Tyranitar|354/404|[from] Spikes","|move|p2a: Gengar|Fire Punch|p1a: Tyranitar","|-resisted|p1a: Tyranitar","|-damage|p1a: Tyranitar|311/404","|","|-weather|Sandstorm|[upkeep]","|-damage|p2a: Gengar|255/271|[from] Sandstorm","|-heal|p2a: Gengar|271/271|[from] item: Leftovers","|-heal|p1a: Tyranitar|336/404|[from] item: Leftovers","|upkeep","|turn|17","||adding 10 for new turn","|","|t:|1752910603","|move|p2a: Gengar|Hidden Power|p1a: Tyranitar","|-supereffective|p1a: Tyranitar","|-damage|p1a: Tyranitar|158/404","|move|p1a: Tyranitar|Rock Slide|p2a: Gengar","|-damage|p2a: Gengar|17/271","|","|-weather|Sandstorm|[upkeep]","|-damage|p2a: Gengar|1/271|[from] Sandstorm","|-heal|p2a: Gengar|17/271|[from] item: Leftovers","|-heal|p1a: Tyranitar|183/404|[from] item: Leftovers","|upkeep","|turn|18","||adding 10 for new turn","|","|t:|1752910611","|move|p2a: Gengar|Hidden Power|p1a: Tyranitar","|-supereffective|p1a: Tyranitar","|-damage|p1a: Tyranitar|7/404","|move|p1a: Tyranitar|Hidden Power|p2a: Gengar","|-resisted|p2a: Gengar","|-damage|p2a: Gengar|0 fnt","|faint|p2a: Gengar","||adding 5 to each for mid turn request","|","|t:|1752910619","|switch|p2a: Skarmory|Skarmory, M|334/334","|","|-weather|Sandstorm|[upkeep]","|-heal|p1a: Tyranitar|32/404|[from] item: Leftovers","|upkeep","|turn|19","||adding 10 for new turn","|","|t:|1752910626","|switch|p1a: Skarmory|Skarmory, M|132/334","|move|p2a: Skarmory|Toxic|p1a: Skarmory","|-immune|p1a: Skarmory","|","|-weather|Sandstorm|[upkeep]","|-heal|p1a: Skarmory|152/334|[from] item: Leftovers","|upkeep","|turn|20","||adding 10 for new turn","|","|t:|1752910634","|switch|p2a: Starmie|Starmie|18/262","|-damage|p2a: Starmie|0 fnt|[from] Spikes","|faint|p2a: Starmie","||adding 5 to each for mid turn request","|","|t:|1752910638","|switch|p2a: Tyranitar|Tyranitar, M|404/404","|-damage|p2a: Tyranitar|337/404|[from] Spikes","|","|-weather|Sandstorm|[upkeep]","|-heal|p1a: Skarmory|172/334|[from] item: Leftovers","|-heal|p2a: Tyranitar|362/404|[from] item: Leftovers","|upkeep","|turn|21","||adding 10 for new turn","|","|t:|1752910646","|move|p2a: Tyranitar|Rock Slide|p1a: Skarmory","|-damage|p1a: Skarmory|51/334","|move|p1a: Skarmory|Roar|p2a: Tyranitar","|drag|p2a: Skarmory|Skarmory, M|334/334","|","|-weather|Sandstorm|[upkeep]","|-heal|p1a: Skarmory|71/334|[from] item: Leftovers","|upkeep","|turn|22","||adding 10 for new turn","|","|t:|1752910654","|switch|p2a: Tyranitar|Tyranitar, M|362/404","|-damage|p2a: Tyranitar|295/404|[from] Spikes","|move|p1a: Skarmory|Toxic|p2a: Tyranitar","|-status|p2a: Tyranitar|tox","|","|-weather|Sandstorm|[upkeep]","|-heal|p1a: Skarmory|91/334|[from] item: Leftovers","|-heal|p2a: Tyranitar|320/404 tox|[from] item: Leftovers","|-damage|p2a: Tyranitar|295/404 tox|[from] psn","|upkeep","|turn|23","||adding 10 for new turn","|","|t:|1752910662","|move|p1a: Skarmory|Protect|p1a: Skarmory","|-singleturn|p1a: Skarmory|Protect","|move|p2a: Tyranitar|Rock Slide|p1a: Skarmory","|-activate|p1a: Skarmory|Protect","|","|-weather|Sandstorm|[upkeep]","|-heal|p1a: Skarmory|111/334|[from] item: Leftovers","|-heal|p2a: Tyranitar|320/404 tox|[from] item: Leftovers","|-damage|p2a: Tyranitar|270/404 tox|[from] psn","|upkeep","|turn|24","||adding 10 for new turn","|","|t:|1752910669","|move|p1a: Skarmory|Protect|p1a: Skarmory","|-singleturn|p1a: Skarmory|Protect","|move|p2a: Tyranitar|Rock Slide|p1a: Skarmory","|-activate|p1a: Skarmory|Protect","|","|-weather|Sandstorm|[upkeep]","|-heal|p1a: Skarmory|131/334|[from] item: Leftovers","|-heal|p2a: Tyranitar|295/404 tox|[from] item: Leftovers","|-damage|p2a: Tyranitar|220/404 tox|[from] psn","|upkeep","|turn|25","||adding 10 for new turn","|","|t:|1752910677","|move|p1a: Skarmory|Protect||[still]","|-fail|p1a: Skarmory","|move|p2a: Tyranitar|Rock Slide|p1a: Skarmory","|-damage|p1a: Skarmory|8/334","|","|-weather|Sandstorm|[upkeep]","|-heal|p1a: Skarmory|28/334|[from] item: Leftovers","|-heal|p2a: Tyranitar|245/404 tox|[from] item: Leftovers","|-damage|p2a: Tyranitar|145/404 tox|[from] psn","|upkeep","|turn|26","||adding 10 for new turn","|","|t:|1752910685","|switch|p1a: Tyranitar|Tyranitar, F|32/404","|-damage|p1a: Tyranitar|0 fnt|[from] Spikes","|faint|p1a: Tyranitar","||adding 5 to each for mid turn request","|","|t:|1752910692","|switch|p1a: Gengar|Gengar, F|157/271","|","|-weather|Sandstorm|[upkeep]","|-damage|p1a: Gengar|141/271|[from] Sandstorm","|-heal|p1a: Gengar|157/271|[from] item: Leftovers","|-heal|p2a: Tyranitar|170/404 tox|[from] item: Leftovers","|-damage|p2a: Tyranitar|45/404 tox|[from] psn","|upkeep","|turn|27","||adding 10 for new turn","|","|t:|1752910700","|move|p1a: Gengar|Ice Punch|p2a: Tyranitar","|-damage|p2a: Tyranitar|0 fnt","|faint|p2a: Tyranitar","||adding 5 to each for mid turn request","|","|t:|1752910707","|switch|p2a: Skarmory|Skarmory, M|334/334","|","|-weather|Sandstorm|[upkeep]","|-damage|p1a: Gengar|141/271|[from] Sandstorm","|-heal|p1a: Gengar|157/271|[from] item: Leftovers","|upkeep","|turn|28","||adding 10 for new turn","|","|t:|1752910715","|move|p1a: Gengar|Fire Punch|p2a: Skarmory","|-supereffective|p2a: Skarmory","|-damage|p2a: Skarmory|162/334","|move|p2a: Skarmory|Roar|p1a: Gengar","|drag|p1a: Skarmory|Skarmory, M|28/334","|","|-weather|Sandstorm|[upkeep]","|-heal|p1a: Skarmory|48/334|[from] item: Leftovers","|-heal|p2a: Skarmory|182/334|[from] item: Leftovers","|upkeep","|turn|29","||adding 10 for new turn","|","|t:|1752910719","|switch|p1a: Gengar|Gengar, F|157/271","|move|p2a: Skarmory|Roar|p1a: Gengar","|drag|p1a: Skarmory|Skarmory, M|48/334","|","|-weather|Sandstorm|[upkeep]","|-heal|p2a: Skarmory|202/334|[from] item: Leftovers","|-heal|p1a: Skarmory|68/334|[from] item: Leftovers","|upkeep","|turn|30","||adding 10 for new turn","|","|t:|1752910723","|switch|p1a: Gengar|Gengar, F|157/271","|move|p2a: Skarmory|Roar|p1a: Gengar","|drag|p1a: Skarmory|Skarmory, M|68/334","|","|-weather|Sandstorm|[upkeep]","|-heal|p1a: Skarmory|88/334|[from] item: Leftovers","|-heal|p2a: Skarmory|222/334|[from] item: Leftovers","|upkeep","|turn|31","||adding 10 for new turn","|","|t:|1752910728","|switch|p1a: Gengar|Gengar, F|157/271","|move|p2a: Skarmory|Roar|p1a: Gengar","|drag|p1a: Skarmory|Skarmory, M|88/334","|","|-weather|Sandstorm|[upkeep]","|-heal|p2a: Skarmory|242/334|[from] item: Leftovers","|-heal|p1a: Skarmory|108/334|[from] item: Leftovers","|upkeep","|turn|32","||adding 10 for new turn","|","|t:|1752910732","|switch|p1a: Gengar|Gengar, F|157/271","|move|p2a: Skarmory|Roar|p1a: Gengar","|drag|p1a: Skarmory|Skarmory, M|108/334","|","|-weather|Sandstorm|[upkeep]","|-heal|p1a: Skarmory|128/334|[from] item: Leftovers","|-heal|p2a: Skarmory|262/334|[from] item: Leftovers","|upkeep","|turn|33","||adding 10 for new turn","|","|t:|1752910736","|switch|p1a: Gengar|Gengar, F|157/271","|move|p2a: Skarmory|Roar|p1a: Gengar","|drag|p1a: Skarmory|Skarmory, M|128/334","|","|-weather|Sandstorm|[upkeep]","|-heal|p2a: Skarmory|282/334|[from] item: Leftovers","|-heal|p1a: Skarmory|148/334|[from] item: Leftovers","|upkeep","|turn|34","||adding 10 for new turn","|","|t:|1752910740","|move|p1a: Skarmory|Protect|p1a: Skarmory","|-singleturn|p1a: Skarmory|Protect","|move|p2a: Skarmory|Roar|p1a: Skarmory","|-activate|p1a: Skarmory|Protect","|","|-weather|Sandstorm|[upkeep]","|-heal|p1a: Skarmory|168/334|[from] item: Leftovers","|-heal|p2a: Skarmory|302/334|[from] item: Leftovers","|upkeep","|turn|35","||adding 10 for new turn","|","|t:|1752910745","|switch|p1a: Gengar|Gengar, F|157/271","|move|p2a: Skarmory|Roar|p1a: Gengar","|drag|p1a: Skarmory|Skarmory, M|168/334","|","|-weather|Sandstorm|[upkeep]","|-heal|p2a: Skarmory|322/334|[from] item: Leftovers","|-heal|p1a: Skarmory|188/334|[from] item: Leftovers","|upkeep","|turn|36","||adding 10 for new turn","|","|t:|1752910749","|switch|p1a: Gengar|Gengar, F|157/271","|move|p2a: Skarmory|Roar|p1a: Gengar","|drag|p1a: Skarmory|Skarmory, M|188/334","|","|-weather|Sandstorm|[upkeep]","|-heal|p1a: Skarmory|208/334|[from] item: Leftovers","|-heal|p2a: Skarmory|334/334|[from] item: Leftovers","|upkeep","|turn|37","||adding 10 for new turn","|","|t:|1752910753","|move|p1a: Skarmory|Protect|p1a: Skarmory","|-singleturn|p1a: Skarmory|Protect","|move|p2a: Skarmory|Roar|p1a: Skarmory","|-activate|p1a: Skarmory|Protect","|","|-weather|Sandstorm|[upkeep]","|-heal|p1a: Skarmory|228/334|[from] item: Leftovers","|upkeep","|turn|38","||adding 10 for new turn","|","|t:|1752910757","|move|p1a: Skarmory|Protect|p1a: Skarmory","|-singleturn|p1a: Skarmory|Protect","|move|p2a: Skarmory|Roar|p1a: Skarmory","|-activate|p1a: Skarmory|Protect","|","|-weather|Sandstorm|[upkeep]","|-heal|p1a: Skarmory|248/334|[from] item: Leftovers","|upkeep","|turn|39","||adding 10 for new turn","|","|t:|1752910762","|switch|p1a: Gengar|Gengar, F|157/271","|move|p2a: Skarmory|Roar|p1a: Gengar","|drag|p1a: Skarmory|Skarmory, M|248/334","|","|-weather|Sandstorm|[upkeep]","|-heal|p1a: Skarmory|268/334|[from] item: Leftovers","|upkeep","|turn|40","||adding 10 for new turn","|","|t:|1752910766","|switch|p1a: Gengar|Gengar, F|157/271","|move|p2a: Skarmory|Roar|p1a: Gengar","|drag|p1a: Skarmory|Skarmory, M|268/334","|","|-weather|Sandstorm|[upkeep]","|-heal|p1a: Skarmory|288/334|[from] item: Leftovers","|upkeep","|turn|41","||adding 10 for new turn","|","|t:|1752910770","|switch|p1a: Gengar|Gengar, F|157/271","|move|p2a: Skarmory|Roar|p1a: Gengar","|drag|p1a: Skarmory|Skarmory, M|288/334","|","|-weather|Sandstorm|[upkeep]","|-heal|p1a: Skarmory|308/334|[from] item: Leftovers","|upkeep","|turn|42","||adding 10 for new turn","|","|t:|1752910775","|switch|p1a: Gengar|Gengar, F|157/271","|move|p2a: Skarmory|Roar|p1a: Gengar","|drag|p1a: Skarmory|Skarmory, M|308/334","|","|-weather|Sandstorm|[upkeep]","|-heal|p1a: Skarmory|328/334|[from] item: Leftovers","|upkeep","|turn|43","||adding 10 for new turn","|","|t:|1752910779","|switch|p1a: Gengar|Gengar, F|157/271","|move|p2a: Skarmory|Roar|p1a: Gengar","|drag|p1a: Skarmory|Skarmory, M|328/334","|","|-weather|Sandstorm|[upkeep]","|-heal|p1a: Skarmory|334/334|[from] item: Leftovers","|upkeep","|turn|44","||adding 10 for new turn","|","|t:|1752910783","|switch|p1a: Gengar|Gengar, F|157/271","|move|p2a: Skarmory|Roar|p1a: Gengar","|drag|p1a: Skarmory|Skarmory, M|334/334","|","|-weather|Sandstorm|[upkeep]","|upkeep","|turn|45","||adding 10 for new turn","|","|t:|1752910787","|switch|p1a: Gengar|Gengar, F|157/271","|move|p2a: Skarmory|Roar|p1a: Gengar","|drag|p1a: Skarmory|Skarmory, M|334/334","|","|-weather|Sandstorm|[upkeep]","|upkeep","|turn|46","||adding 10 for new turn","|","|t:|1752910792","|switch|p1a: Gengar|Gengar, F|157/271","|move|p2a: Skarmory|Roar|p1a: Gengar","|drag|p1a: Skarmory|Skarmory, M|334/334","|","|-weather|Sandstorm|[upkeep]","|upkeep","|turn|47","||adding 10 for new turn","|","|t:|1752910796","|switch|p1a: Gengar|Gengar, F|157/271","|move|p2a: Skarmory|Roar|p1a: Gengar","|drag|p1a: Skarmory|Skarmory, M|334/334","|","|-weather|Sandstorm|[upkeep]","|upkeep","|turn|48","||adding 10 for new turn","|","|t:|1752910800","|switch|p1a: Gengar|Gengar, F|157/271","|move|p2a: Skarmory|Roar|p1a: Gengar","|drag|p1a: Skarmory|Skarmory, M|334/334","|","|-weather|Sandstorm|[upkeep]","|upkeep","|turn|49","||adding 10 for new turn","|","|t:|1752910805","|switch|p1a: Gengar|Gengar, F|157/271","|move|p2a: Skarmory|Roar|p1a: Gengar","|drag|p1a: Skarmory|Skarmory, M|334/334","|","|-weather|Sandstorm|[upkeep]","|upkeep","|turn|50","||adding 10 for new turn","|","|t:|1752910809","|switch|p1a: Gengar|Gengar, F|157/271","|move|p2a: Skarmory|Roar|p1a: Gengar","|drag|p1a: Skarmory|Skarmory, M|334/334","|","|-weather|Sandstorm|[upkeep]","|upkeep","|turn|51","||adding 10 for new turn","|","|t:|1752910813","|switch|p1a: Gengar|Gengar, F|157/271","|move|p2a: Skarmory|Roar|p1a: Gengar","|drag|p1a: Skarmory|Skarmory, M|334/334","|","|-weather|Sandstorm|[upkeep]","|upkeep","|turn|52","||adding 10 for new turn","|","|t:|1752910818","|switch|p1a: Gengar|Gengar, F|157/271","|move|p2a: Skarmory|Roar|p1a: Gengar","|drag|p1a: Skarmory|Skarmory, M|334/334","|","|-weather|Sandstorm|[upkeep]","|upkeep","|turn|53","||adding 10 for new turn","|","|t:|1752910822","|switch|p1a: Gengar|Gengar, F|157/271","|move|p2a: Skarmory|Roar|p1a: Gengar","|drag|p1a: Skarmory|Skarmory, M|334/334","|","|-weather|Sandstorm|[upkeep]","|upkeep","|turn|54","||adding 10 for new turn","|","|t:|1752910826","|switch|p1a: Gengar|Gengar, F|157/271","|move|p2a: Skarmory|Roar|p1a: Gengar","|drag|p1a: Skarmory|Skarmory, M|334/334","|","|-weather|Sandstorm|[upkeep]","|upkeep","|turn|55","||adding 10 for new turn","|","|t:|1752910830","|switch|p1a: Gengar|Gengar, F|157/271","|move|p2a: Skarmory|Roar|p1a: Gengar","|drag|p1a: Skarmory|Skarmory, M|334/334","|","|-weather|Sandstorm|[upkeep]","|upkeep","|turn|56","||adding 10 for new turn","|","|t:|1752910835","|switch|p1a: Gengar|Gengar, F|157/271","|move|p2a: Skarmory|Roar|p1a: Gengar","|drag|p1a: Skarmory|Skarmory, M|334/334","|","|-weather|Sandstorm|[upkeep]","|upkeep","|turn|57","||adding 10 for new turn","|","|t:|1752910839","|switch|p1a: Gengar|Gengar, F|157/271","|move|p2a: Skarmory|Roar|p1a: Gengar","|drag|p1a: Skarmory|Skarmory, M|334/334","|","|-weather|Sandstorm|[upkeep]","|upkeep","|turn|58","||adding 10 for new turn","|","|t:|1752910843","|switch|p1a: Gengar|Gengar, F|157/271","|move|p2a: Skarmory|Roar|p1a: Gengar","|drag|p1a: Skarmory|Skarmory, M|334/334","|","|-weather|Sandstorm|[upkeep]","|upkeep","|turn|59","||adding 10 for new turn","|","|t:|1752910847","|switch|p1a: Gengar|Gengar, F|157/271","|move|p2a: Skarmory|Roar|p1a: Gengar","|drag|p1a: Skarmory|Skarmory, M|334/334","|","|-weather|Sandstorm|[upkeep]","|upkeep","|turn|60","||adding 10 for new turn","|","|t:|1752910851","|switch|p1a: Gengar|Gengar, F|157/271","|move|p2a: Skarmory|Protect||[still]","|-fail|p2a: Skarmory","|","|-weather|Sandstorm|[upkeep]","|-damage|p1a: Gengar|141/271|[from] Sandstorm","|-heal|p1a: Gengar|157/271|[from] item: Leftovers","|upkeep","|turn|61","||adding 10 for new turn","|","|t:|1752910858","|move|p2a: Skarmory|Protect|p2a: Skarmory","|-singleturn|p2a: Skarmory|Protect","|move|p1a: Gengar|Fire Punch|p2a: Skarmory","|-activate|p2a: Skarmory|Protect","|","|-weather|Sandstorm|[upkeep]","|-damage|p1a: Gengar|141/271|[from] Sandstorm","|-heal|p1a: Gengar|157/271|[from] item: Leftovers","|upkeep","|turn|62","||adding 10 for new turn","|","|t:|1752910866","|move|p2a: Skarmory|Protect||[still]","|-fail|p2a: Skarmory","|move|p1a: Gengar|Fire Punch|p2a: Skarmory","|-supereffective|p2a: Skarmory","|-damage|p2a: Skarmory|183/334","|","|-weather|Sandstorm|[upkeep]","|-damage|p1a: Gengar|141/271|[from] Sandstorm","|-heal|p1a: Gengar|157/271|[from] item: Leftovers","|-heal|p2a: Skarmory|203/334|[from] item: Leftovers","|upkeep","|turn|63","||adding 10 for new turn","|","|t:|1752910872","|move|p2a: Skarmory|Protect|p2a: Skarmory","|-singleturn|p2a: Skarmory|Protect","|move|p1a: Gengar|Fire Punch|p2a: Skarmory","|-activate|p2a: Skarmory|Protect","|","|-weather|Sandstorm|[upkeep]","|-damage|p1a: Gengar|141/271|[from] Sandstorm","|-heal|p1a: Gengar|157/271|[from] item: Leftovers","|-heal|p2a: Skarmory|223/334|[from] item: Leftovers","|upkeep","|turn|64","||adding 10 for new turn","|","|t:|1752910879","|move|p2a: Skarmory|Protect||[still]","|-fail|p2a: Skarmory","|move|p1a: Gengar|Fire Punch|p2a: Skarmory","|-supereffective|p2a: Skarmory","|-damage|p2a: Skarmory|56/334","|","|-weather|Sandstorm|[upkeep]","|-damage|p1a: Gengar|141/271|[from] Sandstorm","|-heal|p1a: Gengar|157/271|[from] item: Leftovers","|-heal|p2a: Skarmory|76/334|[from] item: Leftovers","|upkeep","|turn|65","||adding 10 for new turn","|","|t:|1752910886","|move|p2a: Skarmory|Protect|p2a: Skarmory","|-singleturn|p2a: Skarmory|Protect","|move|p1a: Gengar|Fire Punch|p2a: Skarmory","|-activate|p2a: Skarmory|Protect","|","|-weather|Sandstorm|[upkeep]","|-damage|p1a: Gengar|141/271|[from] Sandstorm","|-heal|p1a: Gengar|157/271|[from] item: Leftovers","|-heal|p2a: Skarmory|96/334|[from] item: Leftovers","|upkeep","|turn|66","||adding 10 for new turn","|","|t:|1752910892","|move|p2a: Skarmory|Protect|p2a: Skarmory","|-singleturn|p2a: Skarmory|Protect","|move|p1a: Gengar|Fire Punch|p2a: Skarmory","|-activate|p2a: Skarmory|Protect","|","|-weather|Sandstorm|[upkeep]","|-damage|p1a: Gengar|141/271|[from] Sandstorm","|-heal|p1a: Gengar|157/271|[from] item: Leftovers","|-heal|p2a: Skarmory|116/334|[from] item: Leftovers","|upkeep","|turn|67","||adding 10 for new turn","|","|t:|1752910898","|move|p2a: Skarmory|Protect|p2a: Skarmory","|-singleturn|p2a: Skarmory|Protect","|move|p1a: Gengar|Fire Punch|p2a: Skarmory","|-activate|p2a: Skarmory|Protect","|","|-weather|Sandstorm|[upkeep]","|-damage|p1a: Gengar|141/271|[from] Sandstorm","|-heal|p1a: Gengar|157/271|[from] item: Leftovers","|-heal|p2a: Skarmory|136/334|[from] item: Leftovers","|upkeep","|turn|68","||adding 10 for new turn","|","|t:|1752910905","|move|p2a: Skarmory|Protect||[still]","|-fail|p2a: Skarmory","|move|p1a: Gengar|Fire Punch|p2a: Skarmory","|-supereffective|p2a: Skarmory","|-damage|p2a: Skarmory|0 fnt","|faint|p2a: Skarmory","|","|win|foultestchallenge1",""],"p1rating":null,"p2rating":null,"endType":"normal","ladderError":true,"timestamp":"Sat Jul 19 2025 00:41:45 GMT-0700 (アメリカ太平洋夏時間)","roomid":"battle-gen3ou-854","format":"gen3ou"}