{"winner":"foultestchallenge1","seed":"sodium,618c22c2c1ef384133ebd04e7f972f2b","turns":64,"p1":"foultestchallenge1","p2":"foultestacceptor1","p1team":[{"name":"Dugtrio","species":"Dugtrio","item":"Choice Band","ability":"Arena Trap","moves":["Earthquake","Hidden Power Bug","Aerial Ace","Sunny Day"],"nature":"Adamant","evs":{"hp":96,"atk":168,"def":20,"spa":0,"spd":0,"spe":224},"gender":"F","ivs":{"hp":31,"atk":30,"def":30,"spa":31,"spd":30,"spe":31},"happiness":255,"hpType":"Bug","pokeball":"","gigantamax":false,"dynamaxLevel":10,"teraType":"","level":100},{"name":"Forretress","species":"Forretress","item":"Leftovers","ability":"Sturdy","moves":["Spikes","Zap Cannon","Explosion","Hidden Power Bug"],"nature":"Careful","evs":{"hp":252,"atk":0,"def":4,"spa":0,"spd":252,"spe":0},"gender":"M","ivs":{"hp":31,"atk":30,"def":30,"spa":31,"spd":30,"spe":31},"happiness":255,"hpType":"Bug","pokeball":"","gigantamax":false,"dynamaxLevel":10,"teraType":"","level":100},{"name":"Snorlax","species":"Snorlax","item":"Leftovers","ability":"Immunity","moves":["Return","Curse","Rest","Shadow Ball"],"nature":"Careful","evs":{"hp":144,"atk":96,"def":132,"spa":0,"spd":136,"spe":0},"gender":"F","level":100,"ivs":{"hp":31,"atk":31,"def":31,"spa":31,"spd":31,"spe":31}},{"name":"Suicune","species":"Suicune","item":"Leftovers","ability":"Pressure","moves":["Calm Mind","Rest","Ice Beam","Surf"],"nature":"Bold","evs":{"hp":240,"atk":0,"def":252,"spa":0,"spd":0,"spe":16},"gender":"N","ivs":{"hp":31,"atk":0,"def":31,"spa":31,"spd":31,"spe":31},"level":100},{"name":"Claydol","species":"Claydol","item":"Leftovers","ability":"Levitate","moves":["Earthquake","Psychic","Rapid Spin","Rest"],"nature":"Lonely","evs":{"hp":252,"atk":224,"def":0,"spa":24,"spd":0,"spe":8},"gender":"N","level":100,"ivs":{"hp":31,"atk":31,"def":31,"spa":31,"spd":31,"spe":31}},{"name":"Blissey","species":"Blissey","item":"Leftovers","ability":"Natural Cure","moves":["Soft-Boiled","Seismic Toss","Thunder Wave","Aromatherapy"],"nature":"Bold","evs":{"hp":252,"atk":0,"def":252,"spa":0,"spd":0,"spe":4},"gender":"F","ivs":{"hp":31,"atk":0,"def":31,"spa":31,"spd":31,"spe":31},"level":100}],"p2team":[{"name":"Skarmory","species":"Skarmory","item":"Leftovers","ability":"Keen Eye","moves":["Spikes","Roar","Toxic","Protect"],"nature":"Careful","evs":{"hp":252,"atk":0,"def":0,"spa":0,"spd":252,"spe":4},"gender":"F","ivs":{"hp":31,"atk":0,"def":31,"spa":31,"spd":31,"spe":31},"level":100},{"name":"Jolteon","species":"Jolteon","item":"Leftovers","ability":"Volt Absorb","moves":["Thunderbolt","Thunder Wave","Hidden Power Grass","Baton Pass"],"nature":"Timid","evs":{"hp":4,"atk":0,"def":0,"spa":252,"spd":0,"spe":252},"gender":"F","ivs":{"hp":31,"atk":2,"def":31,"spa":30,"spd":31,"spe":31},"happiness":255,"hpType":"Grass","pokeball":"","gigantamax":false,"dynamaxLevel":10,"teraType":"","level":100},{"name":"Tyranitar","species":"Tyranitar","item":"Leftovers","ability":"Sand Stream","moves":["Focus Punch","Earthquake","Hidden Power Bug","Rock Slide"],"nature":"Adamant","evs":{"hp":252,"atk":252,"def":4,"spa":0,"spd":0,"spe":0},"gender":"F","ivs":{"hp":31,"atk":31,"def":31,"spa":31,"spd":30,"spe":30},"happiness":255,"hpType":"Bug","pokeball":"","gigantamax":false,"dynamaxLevel":10,"teraType":"","level":100},{"name":"Gengar","species":"Gengar","item":"Leftovers","ability":"Levitate","moves":["Ice Punch","Fire Punch","Hidden Power Grass","Explosion"],"nature":"Hasty","evs":{"hp":40,"atk":0,"def":0,"spa":252,"spd":0,"spe":216},"gender":"F","ivs":{"hp":31,"atk":30,"def":31,"spa":30,"spd":31,"spe":31},"happiness":255,"hpType":"Grass","pokeball":"","gigantamax":false,"dynamaxLevel":10,"teraType":"","level":100},{"name":"Metagross","species":"Metagross","item":"Choice Band","ability":"Clear Body","moves":["Meteor Mash","Earthquake","Rock Slide","Explosion"],"nature":"Adamant","evs":{"hp":68,"atk":252,"def":0,"spa":0,"spd":0,"spe":188},"gender":"N","level":100,"ivs":{"hp":31,"atk":31,"def":31,"spa":31,"spd":31,"spe":31}},{"name":"Starmie","species":"Starmie","item":"Leftovers","ability":"Natural Cure","moves":["Hydro Pump","Thunderbolt","Ice Beam","Psychic"],"nature":"Timid","evs":{"hp":4,"atk":0,"def":0,"spa":252,"spd":0,"spe":252},"gender":"N","ivs":{"hp":31,"atk":0,"def":31,"spa":31,"spd":31,"spe":31},"level":100}],"score":[3,0],"inputLog":[">version 372d05e49c92a79eecdf6c8dddb208bd1765c00f",">start {\"formatid\":\"gen3ou\",\"seed\":\"sodium,618c22c2c1ef384133ebd04e7f972f2b\"}",">player p1 {\"name\":\"foultestchallenge1\",\"avatar\":\"1\",\"team\":\"Dugtrio||ChoiceBand|ArenaTrap|Earthquake,HiddenPowerBug,AerialAce,SunnyDay|Adamant|96,168,20,,,224|F|,30,30,,30,|||,Bug,,,,]Forretress||Leftovers|Sturdy|Spikes,ZapCannon,Explosion,HiddenPowerBug|Careful|252,,4,,252,|M|,30,30,,30,|||,Bug,,,,]Snorlax||Leftovers|Immunity|Return,Curse,Rest,ShadowBall|Careful|144,96,132,,136,|F||||]Suicune||Leftovers|Pressure|CalmMind,Rest,IceBeam,Surf|Bold|240,,252,,,16|N|,0,,,,|||]Claydol||Leftovers|Levitate|Earthquake,Psychic,RapidSpin,Rest|Lonely|252,224,,24,,8|N||||]Blissey||Leftovers|NaturalCure|SoftBoiled,SeismicToss,ThunderWave,Aromatherapy|Bold|252,,252,,,4|F|,0,,,,|||\",\"rating\":0}",">player p2 {\"name\":\"foultestacceptor1\",\"avatar\":\"1\",\"team\":\"Skarmory||Leftovers|KeenEye|Spikes,Roar,Toxic,Protect|Careful|252,,,,252,4|F|,0,,,,|||]Jolteon||Leftovers|VoltAbsorb|Thunderbolt,ThunderWave,HiddenPowerGrass,BatonPass|Timid|4,,,252,,252|F|,2,,30,,|||,Grass,,,,]Tyranitar||Leftovers|SandStream|FocusPunch,Earthquake,HiddenPowerBug,RockSlide|Adamant|252,252,4,,,|F|,,,,30,30|||,Bug,,,,]Gengar||Leftovers|Levitate|IcePunch,FirePunch,HiddenPowerGrass,Explosion|Hasty|40,,,252,,216|F|,30,,30,,|||,Grass,,,,]Metagross||ChoiceBand|ClearBody|MeteorMash,Earthquake,RockSlide,Explosion|Adamant|68,252,,,,188|N||||]Starmie||Leftovers|NaturalCure|HydroPump,Thunderbolt,IceBeam,Psychic|Timid|4,,,252,,252|N|,0,,,,|||\",\"rating\":0}",">p1 switch 5",">p2 move spikes",">p1 move rapidspin",">p2 move toxic",">p1 switch 2",">p2 move spikes",">p1 move spikes",">p2 switch 4",">p1 switch 6",">p2 move firepunch",">p1 move aromatherapy",">p2 switch 3",">p1 move thunderwave",">p2 move focuspunch",">p1 switch 4",">p1 move surf",">p2 switch 4",">p1 move surf",">p2 move toxic",">p1 move surf",">p2 move spikes",">p1 move surf",">p2 move spikes",">p1 move rest",">p2 move protect",">p1 switch 2",">p2 move roar",">p1 move surf",">p2 move roar",">p1 move rapidspin",">p2 switch 3",">p1 move psychic",">p2 move icepunch",">p1 move psychic",">p2 move icepunch",">p2 switch 6",">p1 switch 3",">p2 move icebeam",">p1 move return",">p2 switch 3",">p1 move return",">p2 move roar",">p1 move icebeam",">p2 move roar",">p1 switch 3",">p2 move roar",">p1 switch 3",">p2 move roar",">p1 move rest",">p2 move roar",">p1 move zapcannon",">p2 move roar",">p1 move spikes",">p2 move spikes",">p1 move spikes",">p2 move roar",">p1 switch 5",">p2 move roar",">p1 move rapidspin",">p2 move spikes",">p1 move rapidspin",">p2 move spikes",">p1 move rapidspin",">p2 move spikes",">p1 move rapidspin",">p2 move spikes",">p1 move psychic",">p2 move spikes",">p1 move rapidspin",">p2 move toxic",">p1 move psychic",">p2 move spikes",">p1 move psychic",">p2 move spikes",">p1 move psychic",">p2 move spikes",">p1 move psychic",">p2 move spikes",">p1 move psychic",">p2 move spikes",">p1 move psychic",">p2 move spikes",">p1 move rapidspin",">p2 move spikes",">p1 move rapidspin",">p2 move protect",">p1 move psychic",">p2 move spikes",">p1 move rapidspin",">p2 move spikes",">p1 move psychic",">p2 move protect",">p1 move psychic",">p2 move spikes",">p1 move rapidspin",">p2 move spikes",">p1 move rapidspin",">p2 move protect",">p1 move rapidspin",">p2 move spikes",">p1 move psychic",">p2 move spikes",">p1 move psychic",">p2 move protect",">p1 move psychic",">p2 move spikes",">p2 switch 4",">p1 move earthquake",">p2 move hiddenpower",">p1 move earthquake",">p2 move hiddenpower",">p2 switch 3",">p1 switch 2",">p2 move hydropump",">p1 move return",">p2 switch 5",">p1 switch 5",">p2 move meteormash",">p1 move zapcannon",">p2 move meteormash",">p1 move zapcannon",">p2 move meteormash",">p1 move zapcannon",">p2 move meteormash",">p1 switch 3",">p1 move earthquake",">p2 move meteormash",">p2 switch 2",">p1 move earthquake",">p2 move hiddenpower",">p1 switch 5",">p1 move return",">p2 move thunderwave",">p2 switch 5",">p1 move return",">p2 move hydropump"],"log":["|j|☆foultestchallenge1","|j|☆foultestacceptor1","|t:|1752925129","|gametype|singles","|player|p1|foultestchallenge1|1|","|player|p2|foultestacceptor1|1|","|teamsize|p1|6","|teamsize|p2|6","|gen|3","|tier|[Gen 3] OU","|rule|Sleep Clause Mod: Limit one foe put to sleep","|rule|Switch Priority Clause Mod: Faster Pokémon switch first","|rule|Species Clause: Limit one of each Pokémon","|rule|OHKO Clause: OHKO moves are banned","|rule|Evasion Items Clause: Evasion items are banned","|rule|Evasion Moves Clause: Evasion moves are banned","|rule|Endless Battle Clause: Forcing endless battles is banned","|rule|HP Percentage Mod: HP is shown in percentages","|rule|One Boost Passer Clause: Limit one Baton Passer that has a way to boost its stats","|rule|Freeze Clause Mod: Limit one foe frozen","|","|t:|1752925129","|start","|switch|p1a: Dugtrio|Dugtrio, F|235/235","|switch|p2a: Skarmory|Skarmory, F|334/334","|turn|1","|inactive|Battle timer is ON: inactive players will automatically lose when time's up. (requested by foultestchallenge1)","|inactive|foultestacceptor1 also wants the timer to be on.","|","|t:|1752925130","|switch|p1a: Claydol|Claydol|324/324","|move|p2a: Skarmory|Spikes|p1a: Claydol","|-sidestart|p1: foultestchallenge1|Spikes","|","|upkeep","|turn|2","||adding 10 for new turn","|","|t:|1752925131","|move|p1a: Claydol|Rapid Spin|p2a: Skarmory","|-resisted|p2a: Skarmory","|-damage|p2a: Skarmory|328/334","|-sideend|p1: foultestchallenge1|Spikes|[from] move: Rapid Spin|[of] p1a: Claydol","|move|p2a: Skarmory|Toxic|p1a: Claydol","|-status|p1a: Claydol|tox","|","|-damage|p1a: Claydol|304/324 tox|[from] psn","|-heal|p2a: Skarmory|334/334|[from] item: Leftovers","|upkeep","|turn|3","||adding 10 for new turn","|","|t:|1752925132","|switch|p1a: Forretress|Forretress, M|354/354","|move|p2a: Skarmory|Spikes|p1a: Forretress","|-sidestart|p1: foultestchallenge1|Spikes","|","|upkeep","|turn|4","||adding 10 for new turn","|","|t:|1752925133","|switch|p2a: Gengar|Gengar, F|271/271","|move|p1a: Forretress|Spikes|p2a: Gengar","|-sidestart|p2: foultestacceptor1|Spikes","|","|upkeep","|turn|5","||adding 10 for new turn","|","|t:|1752925134","|switch|p1a: Blissey|Blissey, F|714/714","|-damage|p1a: Blissey|625/714|[from] Spikes","|move|p2a: Gengar|Fire Punch|p1a: Blissey","|-crit|p1a: Blissey","|-damage|p1a: Blissey|498/714","|","|-heal|p1a: Blissey|542/714|[from] item: Leftovers","|upkeep","|turn|6","||adding 10 for new turn","|","|t:|1752925136","|switch|p2a: Tyranitar|Tyranitar, F|404/404","|-damage|p2a: Tyranitar|354/404|[from] Spikes","|-weather|Sandstorm|[from] ability: Sand Stream|[of] p2a: Tyranitar","|move|p1a: Blissey|Aromatherapy|p1a: Blissey","|-cureteam|p1a: Blissey|[from] move: Aromatherapy","|","|-weather|Sandstorm|[upkeep]","|-damage|p1a: Blissey|498/714|[from] Sandstorm","|-heal|p2a: Tyranitar|379/404|[from] item: Leftovers","|-heal|p1a: Blissey|542/714|[from] item: Leftovers","|upkeep","|turn|7","||adding 10 for new turn","|","|t:|1752925137","|-singleturn|p2a: Tyranitar|move: Focus Punch","|move|p1a: Blissey|Thunder Wave|p2a: Tyranitar","|-status|p2a: Tyranitar|par","|move|p2a: Tyranitar|Focus Punch|p1a: Blissey","|-supereffective|p1a: Blissey","|-damage|p1a: Blissey|0 fnt","|faint|p1a: Blissey","||adding 5 to each for mid turn request","|","|t:|1752925138","|switch|p1a: Suicune|Suicune|401/401","|-damage|p1a: Suicune|351/401|[from] Spikes","|-ability|p1a: Suicune|Pressure|[silent]","|","|-weather|Sandstorm|[upkeep]","|-damage|p1a: Suicune|326/401|[from] Sandstorm","|-heal|p1a: Suicune|351/401|[from] item: Leftovers","|-heal|p2a: Tyranitar|404/404 par|[from] item: Leftovers","|upkeep","|turn|8","||adding 10 for new turn","|","|t:|1752925139","|switch|p2a: Skarmory|Skarmory, F|334/334","|move|p1a: Suicune|Surf|p2a: Skarmory","|-damage|p2a: Skarmory|236/334","|","|-weather|Sandstorm|[upkeep]","|-damage|p1a: Suicune|326/401|[from] Sandstorm","|-heal|p1a: Suicune|351/401|[from] item: Leftovers","|-heal|p2a: Skarmory|256/334|[from] item: Leftovers","|upkeep","|turn|9","||adding 10 for new turn","|","|t:|1752925140","|move|p1a: Suicune|Surf|p2a: Skarmory","|-damage|p2a: Skarmory|160/334","|move|p2a: Skarmory|Toxic|p1a: Suicune","|-status|p1a: Suicune|tox","|","|-weather|Sandstorm|[upkeep]","|-damage|p1a: Suicune|326/401 tox|[from] Sandstorm","|-heal|p1a: Suicune|351/401 tox|[from] item: Leftovers","|-damage|p1a: Suicune|326/401 tox|[from] psn","|-heal|p2a: Skarmory|180/334|[from] item: Leftovers","|upkeep","|turn|10","||adding 10 for new turn","|","|t:|1752925141","|move|p1a: Suicune|Surf|p2a: Skarmory","|-damage|p2a: Skarmory|87/334","|move|p2a: Skarmory|Spikes|p1a: Suicune","|-sidestart|p1: foultestchallenge1|Spikes","|","|-weather|Sandstorm|[upkeep]","|-damage|p1a: Suicune|301/401 tox|[from] Sandstorm","|-heal|p1a: Suicune|326/401 tox|[from] item: Leftovers","|-damage|p1a: Suicune|276/401 tox|[from] psn","|-heal|p2a: Skarmory|107/334|[from] item: Leftovers","|upkeep","|turn|11","||adding 10 for new turn","|","|t:|1752925142","|move|p1a: Suicune|Surf|p2a: Skarmory","|-damage|p2a: Skarmory|22/334","|move|p2a: Skarmory|Spikes|p1a: Suicune","|-sidestart|p1: foultestchallenge1|Spikes","|","|-weather|Sandstorm|[upkeep]","|-damage|p1a: Suicune|251/401 tox|[from] Sandstorm","|-heal|p1a: Suicune|276/401 tox|[from] item: Leftovers","|-damage|p1a: Suicune|201/401 tox|[from] psn","|-heal|p2a: Skarmory|42/334|[from] item: Leftovers","|upkeep","|turn|12","||adding 10 for new turn","|","|t:|1752925143","|move|p2a: Skarmory|Protect|p2a: Skarmory","|-singleturn|p2a: Skarmory|Protect","|move|p1a: Suicune|Rest|p1a: Suicune","|-status|p1a: Suicune|slp|[from] move: Rest","|-heal|p1a: Suicune|401/401 slp|[silent]","|","|-weather|Sandstorm|[upkeep]","|-damage|p1a: Suicune|376/401 slp|[from] Sandstorm","|-heal|p1a: Suicune|401/401 slp|[from] item: Leftovers","|-heal|p2a: Skarmory|62/334|[from] item: Leftovers","|upkeep","|turn|13","||adding 10 for new turn","|","|t:|1752925144","|switch|p1a: Claydol|Claydol|304/324","|move|p2a: Skarmory|Roar|p1a: Claydol","|drag|p1a: Suicune|Suicune|401/401 slp","|-damage|p1a: Suicune|301/401 slp|[from] Spikes","|-ability|p1a: Suicune|Pressure|[silent]","|","|-weather|Sandstorm|[upkeep]","|-damage|p1a: Suicune|276/401 slp|[from] Sandstorm","|-heal|p1a: Suicune|301/401 slp|[from] item: Leftovers","|-heal|p2a: Skarmory|82/334|[from] item: Leftovers","|upkeep","|turn|14","||adding 10 for new turn","|","|t:|1752925145","|cant|p1a: Suicune|slp","|move|p2a: Skarmory|Roar|p1a: Suicune","|drag|p1a: Claydol|Claydol|304/324","|","|-weather|Sandstorm|[upkeep]","|-heal|p1a: Claydol|324/324|[from] item: Leftovers","|-heal|p2a: Skarmory|102/334|[from] item: Leftovers","|upkeep","|turn|15","||adding 10 for new turn","|","|t:|1752925145","|switch|p2a: Gengar|Gengar, F|271/271","|move|p1a: Claydol|Rapid Spin|p2a: Gengar","|-immune|p2a: Gengar","|","|-weather|Sandstorm|[upkeep]","|-damage|p2a: Gengar|255/271|[from] Sandstorm","|-heal|p2a: Gengar|271/271|[from] item: Leftovers","|upkeep","|turn|16","||adding 10 for new turn","|","|t:|1752925146","|move|p2a: Gengar|Ice Punch|p1a: Claydol","|-supereffective|p1a: Claydol","|-damage|p1a: Claydol|158/324","|move|p1a: Claydol|Psychic|p2a: Gengar","|-supereffective|p2a: Gengar","|-damage|p2a: Gengar|77/271","|","|-weather|Sandstorm|[upkeep]","|-damage|p2a: Gengar|61/271|[from] Sandstorm","|-heal|p2a: Gengar|77/271|[from] item: Leftovers","|-heal|p1a: Claydol|178/324|[from] item: Leftovers","|upkeep","|turn|17","||adding 10 for new turn","|","|t:|1752925148","|move|p2a: Gengar|Ice Punch|p1a: Claydol","|-supereffective|p1a: Claydol","|-damage|p1a: Claydol|36/324","|move|p1a: Claydol|Psychic|p2a: Gengar","|-supereffective|p2a: Gengar","|-damage|p2a: Gengar|0 fnt","|faint|p2a: Gengar","||adding 5 to each for mid turn request","|","|t:|1752925148","|switch|p2a: Starmie|Starmie|262/262","|-damage|p2a: Starmie|230/262|[from] Spikes","|","|-weather|Sandstorm|[upkeep]","|-damage|p2a: Starmie|214/262|[from] Sandstorm","|-heal|p2a: Starmie|230/262|[from] item: Leftovers","|-heal|p1a: Claydol|56/324|[from] item: Leftovers","|upkeep","|turn|18","||adding 10 for new turn","|","|t:|1752925149","|switch|p1a: Snorlax|Snorlax, F|497/497","|-damage|p1a: Snorlax|373/497|[from] Spikes","|move|p2a: Starmie|Ice Beam|p1a: Snorlax","|-damage|p1a: Snorlax|301/497","|","|-weather|Sandstorm|[upkeep]","|-damage|p2a: Starmie|214/262|[from] Sandstorm","|-damage|p1a: Snorlax|270/497|[from] Sandstorm","|-heal|p2a: Starmie|230/262|[from] item: Leftovers","|-heal|p1a: Snorlax|301/497|[from] item: Leftovers","|upkeep","|turn|19","||adding 10 for new turn","|","|t:|1752925151","|switch|p2a: Skarmory|Skarmory, F|102/334","|move|p1a: Snorlax|Return|p2a: Skarmory","|-resisted|p2a: Skarmory","|-damage|p2a: Skarmory|53/334","|","|-weather|Sandstorm|[upkeep]","|-damage|p1a: Snorlax|270/497|[from] Sandstorm","|-heal|p2a: Skarmory|73/334|[from] item: Leftovers","|-heal|p1a: Snorlax|301/497|[from] item: Leftovers","|upkeep","|turn|20","||adding 10 for new turn","|","|t:|1752925152","|move|p1a: Snorlax|Return|p2a: Skarmory","|-resisted|p2a: Skarmory","|-damage|p2a: Skarmory|18/334","|move|p2a: Skarmory|Roar|p1a: Snorlax","|drag|p1a: Suicune|Suicune|301/401 slp","|-damage|p1a: Suicune|201/401 slp|[from] Spikes","|-ability|p1a: Suicune|Pressure|[silent]","|","|-weather|Sandstorm|[upkeep]","|-damage|p1a: Suicune|176/401 slp|[from] Sandstorm","|-heal|p1a: Suicune|201/401 slp|[from] item: Leftovers","|-heal|p2a: Skarmory|38/334|[from] item: Leftovers","|upkeep","|turn|21","||adding 10 for new turn","|","|t:|1752925152","|cant|p1a: Suicune|slp","|move|p2a: Skarmory|Roar|p1a: Suicune","|drag|p1a: Dugtrio|Dugtrio, F|235/235","|-damage|p1a: Dugtrio|177/235|[from] Spikes","|","|-weather|Sandstorm|[upkeep]","|-heal|p2a: Skarmory|58/334|[from] item: Leftovers","|upkeep","|turn|22","||adding 10 for new turn","|","|t:|1752925153","|switch|p1a: Claydol|Claydol|56/324","|move|p2a: Skarmory|Roar|p1a: Claydol","|drag|p1a: Dugtrio|Dugtrio, F|177/235","|-damage|p1a: Dugtrio|119/235|[from] Spikes","|","|-weather|Sandstorm|[upkeep]","|-heal|p2a: Skarmory|78/334|[from] item: Leftovers","|upkeep","|turn|23","||adding 10 for new turn","|","|t:|1752925154","|switch|p1a: Claydol|Claydol|56/324","|move|p2a: Skarmory|Roar|p1a: Claydol","|drag|p1a: Suicune|Suicune|201/401 slp","|-damage|p1a: Suicune|101/401 slp|[from] Spikes","|-ability|p1a: Suicune|Pressure|[silent]","|","|-weather|Sandstorm|[upkeep]","|-damage|p1a: Suicune|76/401 slp|[from] Sandstorm","|-heal|p1a: Suicune|101/401 slp|[from] item: Leftovers","|-heal|p2a: Skarmory|98/334|[from] item: Leftovers","|upkeep","|turn|24","||adding 10 for new turn","|","|t:|1752925155","|-curestatus|p1a: Suicune|slp|[msg]","|move|p1a: Suicune|Rest|p1a: Suicune","|-status|p1a: Suicune|slp|[from] move: Rest","|-heal|p1a: Suicune|401/401 slp|[silent]","|move|p2a: Skarmory|Roar|p1a: Suicune","|drag|p1a: Forretress|Forretress, M|354/354","|-damage|p1a: Forretress|266/354|[from] Spikes","|","|-weather|Sandstorm|[upkeep]","|-heal|p2a: Skarmory|118/334|[from] item: Leftovers","|-heal|p1a: Forretress|288/354|[from] item: Leftovers","|upkeep","|turn|25","||adding 10 for new turn","|","|t:|1752925156","|move|p1a: Forretress|Zap Cannon|p2a: Skarmory","|-supereffective|p2a: Skarmory","|-damage|p2a: Skarmory|27/334","|-status|p2a: Skarmory|par","|cant|p2a: Skarmory|par","|","|-weather|Sandstorm|[upkeep]","|-heal|p1a: Forretress|310/354|[from] item: Leftovers","|-heal|p2a: Skarmory|47/334 par|[from] item: Leftovers","|upkeep","|turn|26","||adding 10 for new turn","|","|t:|1752925157","|move|p1a: Forretress|Spikes|p2a: Skarmory","|-sidestart|p2: foultestacceptor1|Spikes","|move|p2a: Skarmory|Spikes||[still]","|-fail|p2a: Skarmory","|","|-weather|Sandstorm|[upkeep]","|-heal|p1a: Forretress|332/354|[from] item: Leftovers","|-heal|p2a: Skarmory|67/334 par|[from] item: Leftovers","|upkeep","|turn|27","||adding 10 for new turn","|","|t:|1752925157","|move|p1a: Forretress|Spikes|p2a: Skarmory","|-sidestart|p2: foultestacceptor1|Spikes","|cant|p2a: Skarmory|par","|","|-weather|Sandstorm|[upkeep]","|-heal|p1a: Forretress|354/354|[from] item: Leftovers","|-heal|p2a: Skarmory|87/334 par|[from] item: Leftovers","|upkeep","|turn|28","||adding 10 for new turn","|","|t:|1752925158","|switch|p1a: Claydol|Claydol|56/324","|cant|p2a: Skarmory|par","|","|-weather|Sandstorm|[upkeep]","|-heal|p1a: Claydol|76/324|[from] item: Leftovers","|-heal|p2a: Skarmory|107/334 par|[from] item: Leftovers","|upkeep","|turn|29","||adding 10 for new turn","|","|t:|1752925159","|move|p1a: Claydol|Rapid Spin|p2a: Skarmory","|-resisted|p2a: Skarmory","|-damage|p2a: Skarmory|101/334 par","|-sideend|p1: foultestchallenge1|Spikes|[from] move: Rapid Spin|[of] p1a: Claydol","|move|p2a: Skarmory|Spikes|p1a: Claydol","|-sidestart|p1: foultestchallenge1|Spikes","|","|-weather|Sandstorm|[upkeep]","|-heal|p1a: Claydol|96/324|[from] item: Leftovers","|-heal|p2a: Skarmory|121/334 par|[from] item: Leftovers","|upkeep","|turn|30","||adding 10 for new turn","|","|t:|1752925160","|move|p1a: Claydol|Rapid Spin|p2a: Skarmory","|-resisted|p2a: Skarmory","|-damage|p2a: Skarmory|115/334 par","|-sideend|p1: foultestchallenge1|Spikes|[from] move: Rapid Spin|[of] p1a: Claydol","|move|p2a: Skarmory|Spikes|p1a: Claydol","|-sidestart|p1: foultestchallenge1|Spikes","|","|-weather|Sandstorm|[upkeep]","|-heal|p1a: Claydol|116/324|[from] item: Leftovers","|-heal|p2a: Skarmory|135/334 par|[from] item: Leftovers","|upkeep","|turn|31","||adding 10 for new turn","|","|t:|1752925161","|move|p1a: Claydol|Rapid Spin|p2a: Skarmory","|-resisted|p2a: Skarmory","|-damage|p2a: Skarmory|129/334 par","|-sideend|p1: foultestchallenge1|Spikes|[from] move: Rapid Spin|[of] p1a: Claydol","|move|p2a: Skarmory|Spikes|p1a: Claydol","|-sidestart|p1: foultestchallenge1|Spikes","|","|-weather|Sandstorm|[upkeep]","|-heal|p1a: Claydol|136/324|[from] item: Leftovers","|-heal|p2a: Skarmory|149/334 par|[from] item: Leftovers","|upkeep","|turn|32","||adding 10 for new turn","|","|t:|1752925162","|move|p1a: Claydol|Rapid Spin|p2a: Skarmory","|-resisted|p2a: Skarmory","|-damage|p2a: Skarmory|143/334 par","|-sideend|p1: foultestchallenge1|Spikes|[from] move: Rapid Spin|[of] p1a: Claydol","|cant|p2a: Skarmory|par","|","|-weather|Sandstorm|[upkeep]","|-heal|p1a: Claydol|156/324|[from] item: Leftovers","|-heal|p2a: Skarmory|163/334 par|[from] item: Leftovers","|upkeep","|turn|33","||adding 10 for new turn","|","|t:|1752925163","|move|p1a: Claydol|Psychic|p2a: Skarmory","|-resisted|p2a: Skarmory","|-damage|p2a: Skarmory|128/334 par","|move|p2a: Skarmory|Spikes|p1a: Claydol","|-sidestart|p1: foultestchallenge1|Spikes","|","|-weather|Sandstorm|[upkeep]","|-heal|p1a: Claydol|176/324|[from] item: Leftovers","|-heal|p2a: Skarmory|148/334 par|[from] item: Leftovers","|upkeep","|turn|34","||adding 10 for new turn","|","|t:|1752925164","|move|p1a: Claydol|Rapid Spin|p2a: Skarmory","|-resisted|p2a: Skarmory","|-damage|p2a: Skarmory|142/334 par","|-sideend|p1: foultestchallenge1|Spikes|[from] move: Rapid Spin|[of] p1a: Claydol","|cant|p2a: Skarmory|par","|","|-weather|Sandstorm|[upkeep]","|-heal|p1a: Claydol|196/324|[from] item: Leftovers","|-heal|p2a: Skarmory|162/334 par|[from] item: Leftovers","|upkeep","|turn|35","||adding 10 for new turn","|","|t:|1752925164","|move|p1a: Claydol|Psychic|p2a: Skarmory","|-resisted|p2a: Skarmory","|-damage|p2a: Skarmory|127/334 par","|cant|p2a: Skarmory|par","|","|-weather|Sandstorm|[upkeep]","|-heal|p1a: Claydol|216/324|[from] item: Leftovers","|-heal|p2a: Skarmory|147/334 par|[from] item: Leftovers","|upkeep","|turn|36","||adding 10 for new turn","|","|t:|1752925165","|move|p1a: Claydol|Psychic|p2a: Skarmory","|-resisted|p2a: Skarmory","|-damage|p2a: Skarmory|113/334 par","|cant|p2a: Skarmory|par","|","|-weather|Sandstorm|[upkeep]","|-heal|p1a: Claydol|236/324|[from] item: Leftovers","|-heal|p2a: Skarmory|133/334 par|[from] item: Leftovers","|upkeep","|turn|37","||adding 10 for new turn","|","|t:|1752925166","|move|p1a: Claydol|Psychic|p2a: Skarmory","|-resisted|p2a: Skarmory","|-damage|p2a: Skarmory|94/334 par","|cant|p2a: Skarmory|par","|","|-weather|Sandstorm|[upkeep]","|-heal|p1a: Claydol|256/324|[from] item: Leftovers","|-heal|p2a: Skarmory|114/334 par|[from] item: Leftovers","|upkeep","|turn|38","||adding 10 for new turn","|","|t:|1752925167","|move|p1a: Claydol|Psychic|p2a: Skarmory","|-resisted|p2a: Skarmory","|-damage|p2a: Skarmory|79/334 par","|-unboost|p2a: Skarmory|spd|1","|cant|p2a: Skarmory|par","|","|-weather|Sandstorm|[upkeep]","|-heal|p1a: Claydol|276/324|[from] item: Leftovers","|-heal|p2a: Skarmory|99/334 par|[from] item: Leftovers","|upkeep","|turn|39","||adding 10 for new turn","|","|t:|1752925168","|move|p1a: Claydol|Psychic|p2a: Skarmory","|-resisted|p2a: Skarmory","|-damage|p2a: Skarmory|42/334 par","|cant|p2a: Skarmory|par","|","|-weather|Sandstorm|[upkeep]","|-heal|p1a: Claydol|296/324|[from] item: Leftovers","|-heal|p2a: Skarmory|62/334 par|[from] item: Leftovers","|upkeep","|turn|40","||adding 10 for new turn","|","|t:|1752925169","|move|p1a: Claydol|Psychic|p2a: Skarmory","|-resisted|p2a: Skarmory","|-damage|p2a: Skarmory|5/334 par","|move|p2a: Skarmory|Spikes|p1a: Claydol","|-sidestart|p1: foultestchallenge1|Spikes","|","|-weather|Sandstorm|[upkeep]","|-heal|p1a: Claydol|316/324|[from] item: Leftovers","|-heal|p2a: Skarmory|25/334 par|[from] item: Leftovers","|upkeep","|turn|41","||adding 10 for new turn","|","|t:|1752925170","|move|p1a: Claydol|Rapid Spin|p2a: Skarmory","|-resisted|p2a: Skarmory","|-damage|p2a: Skarmory|19/334 par","|-sideend|p1: foultestchallenge1|Spikes|[from] move: Rapid Spin|[of] p1a: Claydol","|move|p2a: Skarmory|Spikes|p1a: Claydol","|-sidestart|p1: foultestchallenge1|Spikes","|","|-weather|Sandstorm|[upkeep]","|-heal|p1a: Claydol|324/324|[from] item: Leftovers","|-heal|p2a: Skarmory|39/334 par|[from] item: Leftovers","|upkeep","|turn|42","||adding 10 for new turn","|","|t:|1752925171","|cant|p2a: Skarmory|par","|move|p1a: Claydol|Rapid Spin|p2a: Skarmory","|-resisted|p2a: Skarmory","|-damage|p2a: Skarmory|33/334 par","|-sideend|p1: foultestchallenge1|Spikes|[from] move: Rapid Spin|[of] p1a: Claydol","|","|-weather|Sandstorm|[upkeep]","|-heal|p2a: Skarmory|53/334 par|[from] item: Leftovers","|upkeep","|turn|43","||adding 10 for new turn","|","|t:|1752925171","|move|p1a: Claydol|Psychic|p2a: Skarmory","|-resisted|p2a: Skarmory","|-damage|p2a: Skarmory|2/334 par","|move|p2a: Skarmory|Spikes|p1a: Claydol","|-sidestart|p1: foultestchallenge1|Spikes","|","|-weather|Sandstorm|[upkeep]","|-heal|p2a: Skarmory|22/334 par|[from] item: Leftovers","|upkeep","|turn|44","||adding 10 for new turn","|","|t:|1752925172","|move|p1a: Claydol|Rapid Spin|p2a: Skarmory","|-resisted|p2a: Skarmory","|-damage|p2a: Skarmory|16/334 par","|-sideend|p1: foultestchallenge1|Spikes|[from] move: Rapid Spin|[of] p1a: Claydol","|cant|p2a: Skarmory|par","|","|-weather|Sandstorm|[upkeep]","|-heal|p2a: Skarmory|36/334 par|[from] item: Leftovers","|upkeep","|turn|45","||adding 10 for new turn","|","|t:|1752925173","|move|p2a: Skarmory|Protect|p2a: Skarmory","|-singleturn|p2a: Skarmory|Protect","|move|p1a: Claydol|Psychic|p2a: Skarmory","|-activate|p2a: Skarmory|Protect","|","|-weather|Sandstorm|[upkeep]","|-heal|p2a: Skarmory|56/334 par|[from] item: Leftovers","|upkeep","|turn|46","||adding 10 for new turn","|","|t:|1752925174","|move|p1a: Claydol|Psychic|p2a: Skarmory","|-resisted|p2a: Skarmory","|-damage|p2a: Skarmory|1/334 par","|move|p2a: Skarmory|Spikes|p1a: Claydol","|-sidestart|p1: foultestchallenge1|Spikes","|","|-weather|Sandstorm|[upkeep]","|-heal|p2a: Skarmory|21/334 par|[from] item: Leftovers","|upkeep","|turn|47","||adding 10 for new turn","|","|t:|1752925175","|move|p1a: Claydol|Rapid Spin|p2a: Skarmory","|-resisted|p2a: Skarmory","|-damage|p2a: Skarmory|15/334 par","|-sideend|p1: foultestchallenge1|Spikes|[from] move: Rapid Spin|[of] p1a: Claydol","|move|p2a: Skarmory|Spikes|p1a: Claydol","|-sidestart|p1: foultestchallenge1|Spikes","|","|-weather|Sandstorm|[upkeep]","|-heal|p2a: Skarmory|35/334 par|[from] item: Leftovers","|upkeep","|turn|48","||adding 10 for new turn","|","|t:|1752925176","|move|p2a: Skarmory|Protect|p2a: Skarmory","|-singleturn|p2a: Skarmory|Protect","|move|p1a: Claydol|Rapid Spin|p2a: Skarmory","|-activate|p2a: Skarmory|Protect","|","|-weather|Sandstorm|[upkeep]","|-heal|p2a: Skarmory|55/334 par|[from] item: Leftovers","|upkeep","|turn|49","||adding 10 for new turn","|","|t:|1752925177","|move|p1a: Claydol|Rapid Spin|p2a: Skarmory","|-resisted|p2a: Skarmory","|-damage|p2a: Skarmory|49/334 par","|-sideend|p1: foultestchallenge1|Spikes|[from] move: Rapid Spin|[of] p1a: Claydol","|cant|p2a: Skarmory|par","|","|-weather|Sandstorm|[upkeep]","|-heal|p2a: Skarmory|69/334 par|[from] item: Leftovers","|upkeep","|turn|50","||adding 10 for new turn","|","|t:|1752925178","|move|p1a: Claydol|Psychic|p2a: Skarmory","|-resisted|p2a: Skarmory","|-damage|p2a: Skarmory|15/334 par","|cant|p2a: Skarmory|par","|","|-weather|Sandstorm|[upkeep]","|-heal|p2a: Skarmory|35/334 par|[from] item: Leftovers","|upkeep","|turn|51","||adding 10 for new turn","|","|t:|1752925178","|move|p2a: Skarmory|Protect|p2a: Skarmory","|-singleturn|p2a: Skarmory|Protect","|move|p1a: Claydol|Psychic|p2a: Skarmory","|-activate|p2a: Skarmory|Protect","|","|-weather|Sandstorm|[upkeep]","|-heal|p2a: Skarmory|55/334 par|[from] item: Leftovers","|upkeep","|turn|52","||adding 10 for new turn","|","|t:|1752925179","|move|p1a: Claydol|Psychic|p2a: Skarmory","|-resisted|p2a: Skarmory","|-damage|p2a: Skarmory|0 fnt","|faint|p2a: Skarmory","||adding 5 to each for mid turn request","|","|t:|1752925180","|switch|p2a: Tyranitar|Tyranitar, F|404/404 par","|-damage|p2a: Tyranitar|303/404 par|[from] Spikes","|","|-weather|Sandstorm|[upkeep]","|-heal|p2a: Tyranitar|328/404 par|[from] item: Leftovers","|upkeep","|turn|53","||adding 10 for new turn","|","|t:|1752925181","|move|p1a: Claydol|Earthquake|p2a: Tyranitar","|-supereffective|p2a: Tyranitar","|-damage|p2a: Tyranitar|102/404 par","|move|p2a: Tyranitar|Hidden Power|p1a: Claydol","|-supereffective|p1a: Claydol","|-damage|p1a: Claydol|115/324","|","|-weather|Sandstorm|[upkeep]","|-heal|p1a: Claydol|135/324|[from] item: Leftovers","|-heal|p2a: Tyranitar|127/404 par|[from] item: Leftovers","|upkeep","|turn|54","||adding 10 for new turn","|","|t:|1752925182","|move|p1a: Claydol|Earthquake|p2a: Tyranitar","|-supereffective|p2a: Tyranitar","|-damage|p2a: Tyranitar|0 fnt","|faint|p2a: Tyranitar","||adding 5 to each for mid turn request","|","|t:|1752925183","|switch|p2a: Starmie|Starmie|230/262","|-damage|p2a: Starmie|165/262|[from] Spikes","|","|-weather|Sandstorm|[upkeep]","|-damage|p2a: Starmie|149/262|[from] Sandstorm","|-heal|p2a: Starmie|165/262|[from] item: Leftovers","|-heal|p1a: Claydol|155/324|[from] item: Leftovers","|upkeep","|turn|55","||adding 10 for new turn","|","|t:|1752925183","|switch|p1a: Snorlax|Snorlax, F|301/497","|move|p2a: Starmie|Hydro Pump|p1a: Snorlax|[miss]","|-miss|p2a: Starmie|p1a: Snorlax","|","|-weather|Sandstorm|[upkeep]","|-damage|p2a: Starmie|149/262|[from] Sandstorm","|-damage|p1a: Snorlax|270/497|[from] Sandstorm","|-heal|p2a: Starmie|165/262|[from] item: Leftovers","|-heal|p1a: Snorlax|301/497|[from] item: Leftovers","|upkeep","|turn|56","||adding 10 for new turn","|","|t:|1752925184","|switch|p2a: Metagross|Metagross|318/318","|-damage|p2a: Metagross|239/318|[from] Spikes","|move|p1a: Snorlax|Return|p2a: Metagross","|-resisted|p2a: Metagross","|-damage|p2a: Metagross|179/318","|","|-weather|Sandstorm|[upkeep]","|-damage|p1a: Snorlax|270/497|[from] Sandstorm","|-heal|p1a: Snorlax|301/497|[from] item: Leftovers","|upkeep","|turn|57","||adding 10 for new turn","|","|t:|1752925186","|switch|p1a: Forretress|Forretress, M|354/354","|move|p2a: Metagross|Meteor Mash|p1a: Forretress","|-resisted|p1a: Forretress","|-damage|p1a: Forretress|243/354","|","|-weather|Sandstorm|[upkeep]","|-heal|p1a: Forretress|265/354|[from] item: Leftovers","|upkeep","|turn|58","||adding 10 for new turn","|","|t:|1752925187","|move|p2a: Metagross|Meteor Mash|p1a: Forretress","|-resisted|p1a: Forretress","|-damage|p1a: Forretress|150/354","|move|p1a: Forretress|Zap Cannon|p2a: Metagross|[miss]","|-miss|p1a: Forretress|p2a: Metagross","|","|-weather|Sandstorm|[upkeep]","|-heal|p1a: Forretress|172/354|[from] item: Leftovers","|upkeep","|turn|59","||adding 10 for new turn","|","|t:|1752925188","|move|p2a: Metagross|Meteor Mash|p1a: Forretress","|-resisted|p1a: Forretress","|-damage|p1a: Forretress|54/354","|move|p1a: Forretress|Zap Cannon|p2a: Metagross|[miss]","|-miss|p1a: Forretress|p2a: Metagross","|","|-weather|Sandstorm|[upkeep]","|-heal|p1a: Forretress|76/354|[from] item: Leftovers","|upkeep","|turn|60","||adding 10 for new turn","|","|t:|1752925188","|move|p2a: Metagross|Meteor Mash|p1a: Forretress","|-resisted|p1a: Forretress","|-damage|p1a: Forretress|0 fnt","|faint|p1a: Forretress","||adding 5 to each for mid turn request","|","|t:|1752925189","|switch|p1a: Dugtrio|Dugtrio, F|119/235","|","|-weather|Sandstorm|[upkeep]","|upkeep","|turn|61","||adding 10 for new turn","|","|t:|1752925190","|move|p1a: Dugtrio|Earthquake|p2a: Metagross","|-supereffective|p2a: Metagross","|-damage|p2a: Metagross|0 fnt","|faint|p2a: Metagross","||adding 5 to each for mid turn request","|","|t:|1752925191","|switch|p2a: Jolteon|Jolteon, F|272/272","|-damage|p2a: Jolteon|204/272|[from] Spikes","|","|-weather|Sandstorm|[upkeep]","|-damage|p2a: Jolteon|187/272|[from] Sandstorm","|-heal|p2a: Jolteon|204/272|[from] item: Leftovers","|upkeep","|turn|62","||adding 10 for new turn","|","|t:|1752925192","|move|p2a: Jolteon|Hidden Power|p1a: Dugtrio","|-supereffective|p1a: Dugtrio","|-damage|p1a: Dugtrio|0 fnt","|faint|p1a: Dugtrio","||adding 5 to each for mid turn request","|","|t:|1752925192","|switch|p1a: Snorlax|Snorlax, F|301/497","|","|-weather|Sandstorm|[upkeep]","|-damage|p2a: Jolteon|187/272|[from] Sandstorm","|-damage|p1a: Snorlax|270/497|[from] Sandstorm","|-heal|p2a: Jolteon|204/272|[from] item: Leftovers","|-heal|p1a: Snorlax|301/497|[from] item: Leftovers","|upkeep","|turn|63","||adding 10 for new turn","|","|t:|1752925193","|move|p2a: Jolteon|Thunder Wave|p1a: Snorlax","|-status|p1a: Snorlax|par","|move|p1a: Snorlax|Return|p2a: Jolteon","|-damage|p2a: Jolteon|0 fnt","|faint|p2a: Jolteon","||adding 5 to each for mid turn request","|","|t:|1752925194","|switch|p2a: Starmie|Starmie|165/262","|-damage|p2a: Starmie|100/262|[from] Spikes","|","|-weather|Sandstorm|[upkeep]","|-damage|p2a: Starmie|84/262|[from] Sandstorm","|-damage|p1a: Snorlax|270/497 par|[from] Sandstorm","|-heal|p2a: Starmie|100/262|[from] item: Leftovers","|-heal|p1a: Snorlax|301/497 par|[from] item: Leftovers","|upkeep","|turn|64","||adding 10 for new turn","|","|t:|1752925195","|move|p2a: Starmie|Hydro Pump|p1a: Snorlax|[miss]","|-miss|p2a: Starmie|p1a: Snorlax","|move|p1a: Snorlax|Return|p2a: Starmie","|-damage|p2a: Starmie|0 fnt","|faint|p2a: Starmie","|","|win|foultestchallenge1",""],"p1rating":null,"p2rating":null,"endType":"normal","ladderError":true,"timestamp":"Sat Jul 19 2025 04:39:55 GMT-0700 (アメリカ太平洋夏時間)","roomid":"battle-gen3ou-961","format":"gen3ou"}