{"winner":"foultestacceptor1","seed":"sodium,b975e830ede0a294b7e9ac036379b2cb","turns":35,"p1":"foultestchallenge1","p2":"foultestacceptor1","p1team":[{"name":"Medicham","species":"Medicham","item":"Salac Berry","ability":"Pure Power","moves":["Brick Break","Focus Punch","Rock Slide","Shadow Ball"],"nature":"Jolly","evs":{"hp":4,"atk":252,"def":0,"spa":0,"spd":0,"spe":252},"gender":"M","level":100,"ivs":{"hp":31,"atk":31,"def":31,"spa":31,"spd":31,"spe":31}},{"name":"Magneton","species":"Magneton","item":"Magnet","ability":"Magnet Pull","moves":["Thunderbolt","Hidden Power Fire","Toxic","Rain Dance"],"nature":"Modest","evs":{"hp":4,"atk":0,"def":0,"spa":252,"spd":0,"spe":252},"gender":"N","ivs":{"hp":31,"atk":2,"def":31,"spa":30,"spd":31,"spe":30},"happiness":255,"hpType":"Fire","pokeball":"","gigantamax":false,"dynamaxLevel":10,"teraType":"","level":100},{"name":"Snorlax","species":"Snorlax","item":"Leftovers","ability":"Immunity","moves":["Self-Destruct","Body Slam","Shadow Ball","Earthquake"],"nature":"Adamant","evs":{"hp":92,"atk":116,"def":144,"spa":0,"spd":144,"spe":12},"gender":"F","level":100,"ivs":{"hp":31,"atk":31,"def":31,"spa":31,"spd":31,"spe":31}},{"name":"Suicune","species":"Suicune","item":"Leftovers","ability":"Pressure","moves":["Calm Mind","Surf","Rest","Ice Beam"],"nature":"Calm","evs":{"hp":252,"atk":0,"def":0,"spa":180,"spd":68,"spe":8},"gender":"N","ivs":{"hp":31,"atk":0,"def":31,"spa":31,"spd":31,"spe":31},"level":100},{"name":"Salamence","species":"Salamence","item":"Leftovers","ability":"Intimidate","moves":["Dragon Dance","Hidden Power Flying","Rock Slide","Earthquake"],"nature":"Adamant","evs":{"hp":0,"atk":156,"def":0,"spa":0,"spd":140,"spe":212},"gender":"F","ivs":{"hp":31,"atk":31,"def":31,"spa":30,"spd":30,"spe":30},"happiness":255,"hpType":"Flying","pokeball":"","gigantamax":false,"dynamaxLevel":10,"teraType":"","level":100},{"name":"Metagross","species":"Metagross","item":"Leftovers","ability":"Clear Body","moves":["Agility","Meteor Mash","Earthquake","Explosion"],"nature":"Adamant","evs":{"hp":252,"atk":144,"def":24,"spa":0,"spd":0,"spe":88},"gender":"N","level":100,"ivs":{"hp":31,"atk":31,"def":31,"spa":31,"spd":31,"spe":31}}],"p2team":[{"name":"Skarmory","species":"Skarmory","item":"Leftovers","ability":"Keen Eye","moves":["Spikes","Protect","Roar","Toxic"],"nature":"Careful","evs":{"hp":252,"atk":0,"def":8,"spa":0,"spd":248,"spe":0},"gender":"F","ivs":{"hp":31,"atk":0,"def":31,"spa":31,"spd":31,"spe":31},"level":100},{"name":"Blissey","species":"Blissey","item":"Leftovers","ability":"Natural Cure","moves":["Soft-Boiled","Ice Beam","Toxic","Fire Blast"],"nature":"Modest","evs":{"hp":0,"atk":0,"def":252,"spa":252,"spd":0,"spe":4},"gender":"F","ivs":{"hp":31,"atk":0,"def":31,"spa":31,"spd":31,"spe":31},"shiny":true,"level":100},{"name":"Tyranitar","species":"Tyranitar","item":"Leftovers","ability":"Sand Stream","moves":["Focus Punch","Rock Slide","Hidden Power Bug","Earthquake"],"nature":"Adamant","evs":{"hp":248,"atk":196,"def":12,"spa":0,"spd":52,"spe":0},"gender":"F","ivs":{"hp":31,"atk":30,"def":30,"spa":31,"spd":30,"spe":31},"happiness":255,"hpType":"Bug","pokeball":"","gigantamax":false,"dynamaxLevel":10,"teraType":"","level":100},{"name":"Swampert","species":"Swampert","item":"Leftovers","ability":"Torrent","moves":["Earthquake","Ice Beam","Hydro Pump","Protect"],"nature":"Relaxed","evs":{"hp":240,"atk":0,"def":136,"spa":40,"spd":48,"spe":44},"gender":"F","level":100,"ivs":{"hp":31,"atk":31,"def":31,"spa":31,"spd":31,"spe":31}},{"name":"Gengar","species":"Gengar","item":"Leftovers","ability":"Levitate","moves":["Will-O-Wisp","Thunderbolt","Ice Punch","Explosion"],"nature":"Timid","evs":{"hp":168,"atk":0,"def":0,"spa":0,"spd":164,"spe":176},"gender":"F","level":100,"ivs":{"hp":31,"atk":31,"def":31,"spa":31,"spd":31,"spe":31}},{"name":"Starmie","species":"Starmie","item":"Leftovers","ability":"Natural Cure","moves":["Hydro Pump","Ice Beam","Thunderbolt","Rapid Spin"],"nature":"Timid","evs":{"hp":4,"atk":0,"def":0,"spa":252,"spd":0,"spe":252},"gender":"N","ivs":{"hp":31,"atk":0,"def":31,"spa":31,"spd":31,"spe":31},"level":100}],"score":[0,3],"inputLog":[">version 372d05e49c92a79eecdf6c8dddb208bd1765c00f",">start {\"formatid\":\"gen3ou\",\"seed\":\"sodium,b975e830ede0a294b7e9ac036379b2cb\"}",">player p1 {\"name\":\"foultestchallenge1\",\"avatar\":\"1\",\"team\":\"Medicham||SalacBerry|PurePower|BrickBreak,FocusPunch,RockSlide,ShadowBall|Jolly|4,252,,,,252|M||||]Magneton||Magnet|MagnetPull|Thunderbolt,HiddenPowerFire,Toxic,RainDance|Modest|4,,,252,,252|N|,2,,30,,30|||,Fire,,,,]Snorlax||Leftovers|Immunity|SelfDestruct,BodySlam,ShadowBall,Earthquake|Adamant|92,116,144,,144,12|F||||]Suicune||Leftovers|Pressure|CalmMind,Surf,Rest,IceBeam|Calm|252,,,180,68,8|N|,0,,,,|||]Salamence||Leftovers|Intimidate|DragonDance,HiddenPowerFlying,RockSlide,Earthquake|Adamant|,156,,,140,212|F|,,,30,30,30|||,Flying,,,,]Metagross||Leftovers|ClearBody|Agility,MeteorMash,Earthquake,Explosion|Adamant|252,144,24,,,88|N||||\",\"rating\":0}",">player p2 {\"name\":\"foultestacceptor1\",\"avatar\":\"169\",\"team\":\"Skarmory||Leftovers|KeenEye|Spikes,Protect,Roar,Toxic|Careful|252,,8,,248,|F|,0,,,,|||]Blissey||Leftovers|NaturalCure|SoftBoiled,IceBeam,Toxic,FireBlast|Modest|,,252,252,,4|F|,0,,,,|S||]Tyranitar||Leftovers|SandStream|FocusPunch,RockSlide,HiddenPowerBug,Earthquake|Adamant|248,196,12,,52,|F|,30,30,,30,|||,Bug,,,,]Swampert||Leftovers|Torrent|Earthquake,IceBeam,HydroPump,Protect|Relaxed|240,,136,40,48,44|F||||]Gengar||Leftovers|Levitate|WillOWisp,Thunderbolt,IcePunch,Explosion|Timid|168,,,,164,176|F||||]Starmie||Leftovers|NaturalCure|HydroPump,IceBeam,Thunderbolt,RapidSpin|Timid|4,,,252,,252|N|,0,,,,|||\",\"rating\":0}",">p1 move focuspunch",">p2 switch 5",">p1 move shadowball",">p2 move willowisp",">p1 move shadowball",">p2 switch 5",">p1 switch 2",">p2 move spikes",">p1 move thunderbolt",">p2 move spikes",">p2 switch 3",">p1 switch 2",">p2 move earthquake",">p1 switch 4",">p1 move surf",">p2 switch 2",">p1 move calmmind",">p2 switch 6",">p1 move calmmind",">p2 switch 6",">p1 move calmmind",">p2 move toxic",">p1 move surf",">p2 move softboiled",">p1 move rest",">p2 move softboiled",">p1 move surf",">p2 move icebeam",">p1 move rest",">p2 move icebeam",">p1 move surf",">p2 move softboiled",">p1 move surf",">p2 move toxic",">p1 move rest",">p2 move softboiled",">p1 move rest",">p2 switch 5",">p1 switch 6",">p2 move explosion",">p2 switch 6",">p1 move explosion",">p2 move hydropump",">p1 switch 3",">p2 switch 2",">p1 move earthquake",">p2 move rockslide",">p1 move selfdestruct",">p2 move rockslide",">p1 move selfdestruct",">p2 move hiddenpower",">p1 switch 5",">p1 move earthquake",">p2 switch 4",">p1 switch 6",">p2 move icebeam",">p1 move surf",">p2 move earthquake",">p1 move calmmind",">p2 move earthquake",">p1 switch 6",">p1 switch 2",">p2 move icebeam",">p1 switch 2",">p2 move earthquake",">p1 switch 2",">p2 move icebeam",">p1 switch 2",">p2 move earthquake",">p1 switch 2",">p2 move icebeam",">p1 move toxic",">p2 move icebeam",">p1 switch 2",">p1 move rockslide",">p2 move icebeam",">p1 move rockslide",">p2 move icebeam"],"log":["|j|☆foultestchallenge1","|j|☆foultestacceptor1","|t:|1752973731","|gametype|singles","|player|p1|foultestchallenge1|1|","|player|p2|foultestacceptor1|169|","|teamsize|p1|6","|teamsize|p2|6","|gen|3","|tier|[Gen 3] OU","|rule|Sleep Clause Mod: Limit one foe put to sleep","|rule|Switch Priority Clause Mod: Faster Pokémon switch first","|rule|Species Clause: Limit one of each Pokémon","|rule|OHKO Clause: OHKO moves are banned","|rule|Evasion Items Clause: Evasion items are banned","|rule|Evasion Moves Clause: Evasion moves are banned","|rule|Endless Battle Clause: Forcing endless battles is banned","|rule|HP Percentage Mod: HP is shown in percentages","|rule|One Boost Passer Clause: Limit one Baton Passer that has a way to boost its stats","|rule|Freeze Clause Mod: Limit one foe frozen","|","|t:|1752973731","|start","|switch|p1a: Medicham|Medicham, M|262/262","|switch|p2a: Skarmory|Skarmory, F|334/334","|turn|1","|inactive|Battle timer is ON: inactive players will automatically lose when time's up. (requested by foultestchallenge1)","|inactive|foultestacceptor1 also wants the timer to be on.","|","|t:|1752973739","|-singleturn|p1a: Medicham|move: Focus Punch","|switch|p2a: Gengar|Gengar, F|303/303","|move|p1a: Medicham|Focus Punch|p2a: Gengar","|-immune|p2a: Gengar","|","|upkeep","|turn|2","||adding 10 for new turn","|","|t:|1752973747","|move|p2a: Gengar|Will-O-Wisp|p1a: Medicham","|-status|p1a: Medicham|brn","|move|p1a: Medicham|Shadow Ball|p2a: Gengar","|-supereffective|p2a: Gengar","|-damage|p2a: Gengar|115/303","|","|-heal|p2a: Gengar|133/303|[from] item: Leftovers","|-damage|p1a: Medicham|230/262 brn|[from] brn","|upkeep","|turn|3","||adding 10 for new turn","|","|t:|1752973756","|switch|p2a: Skarmory|Skarmory, F|334/334","|move|p1a: Medicham|Shadow Ball|p2a: Skarmory","|-resisted|p2a: Skarmory","|-damage|p2a: Skarmory|311/334","|","|-damage|p1a: Medicham|198/262 brn|[from] brn","|-heal|p2a: Skarmory|331/334|[from] item: Leftovers","|upkeep","|turn|4","||adding 10 for new turn","|","|t:|1752973764","|switch|p1a: Magneton|Magneton|242/242","|move|p2a: Skarmory|Spikes|p1a: Magneton","|-sidestart|p1: foultestchallenge1|Spikes","|","|-heal|p2a: Skarmory|334/334|[from] item: Leftovers","|upkeep","|turn|5","||adding 10 for new turn","|","|t:|1752973772","|move|p1a: Magneton|Thunderbolt|p2a: Skarmory","|-supereffective|p2a: Skarmory","|-damage|p2a: Skarmory|0 fnt","|faint|p2a: Skarmory","||adding 5 to each for mid turn request","|","|t:|1752973780","|switch|p2a: Tyranitar|Tyranitar, F|403/403","|-weather|Sandstorm|[from] ability: Sand Stream|[of] p2a: Tyranitar","|","|-weather|Sandstorm|[upkeep]","|upkeep","|turn|6","||adding 10 for new turn","|","|t:|1752973788","|switch|p1a: Medicham|Medicham, M|198/262 brn","|-damage|p1a: Medicham|166/262 brn|[from] Spikes","|move|p2a: Tyranitar|Earthquake|p1a: Medicham","|-damage|p1a: Medicham|13/262 brn","|","|-weather|Sandstorm|[upkeep]","|-damage|p1a: Medicham|0 fnt|[from] Sandstorm","|faint|p1a: Medicham","|upkeep","||adding 5 to each for mid turn request","|","|t:|1752973795","|switch|p1a: Suicune|Suicune|404/404","|-damage|p1a: Suicune|354/404|[from] Spikes","|-ability|p1a: Suicune|Pressure|[silent]","|turn|7","||adding 10 for new turn","|","|t:|1752973803","|switch|p2a: Blissey|Blissey, F, shiny|651/651","|move|p1a: Suicune|Surf|p2a: Blissey","|-crit|p2a: Blissey","|-damage|p2a: Blissey|456/651","|","|-weather|Sandstorm|[upkeep]","|-damage|p1a: Suicune|329/404|[from] Sandstorm","|-damage|p2a: Blissey|416/651|[from] Sandstorm","|-heal|p1a: Suicune|354/404|[from] item: Leftovers","|-heal|p2a: Blissey|456/651|[from] item: Leftovers","|upkeep","|turn|8","||adding 10 for new turn","|","|t:|1752973812","|switch|p2a: Starmie|Starmie|262/262","|move|p1a: Suicune|Calm Mind|p1a: Suicune","|-boost|p1a: Suicune|spa|1","|-boost|p1a: Suicune|spd|1","|","|-weather|Sandstorm|[upkeep]","|-damage|p2a: Starmie|246/262|[from] Sandstorm","|-damage|p1a: Suicune|329/404|[from] Sandstorm","|-heal|p2a: Starmie|262/262|[from] item: Leftovers","|-heal|p1a: Suicune|354/404|[from] item: Leftovers","|upkeep","|turn|9","||adding 10 for new turn","|","|t:|1752973820","|switch|p2a: Blissey|Blissey, F, shiny|456/651","|move|p1a: Suicune|Calm Mind|p1a: Suicune","|-boost|p1a: Suicune|spa|1","|-boost|p1a: Suicune|spd|1","|","|-weather|Sandstorm|[upkeep]","|-damage|p1a: Suicune|329/404|[from] Sandstorm","|-damage|p2a: Blissey|416/651|[from] Sandstorm","|-heal|p1a: Suicune|354/404|[from] item: Leftovers","|-heal|p2a: Blissey|456/651|[from] item: Leftovers","|upkeep","|turn|10","||adding 10 for new turn","|","|t:|1752973827","|move|p1a: Suicune|Calm Mind|p1a: Suicune","|-boost|p1a: Suicune|spa|1","|-boost|p1a: Suicune|spd|1","|move|p2a: Blissey|Toxic|p1a: Suicune","|-status|p1a: Suicune|tox","|","|-weather|Sandstorm|[upkeep]","|-damage|p1a: Suicune|329/404 tox|[from] Sandstorm","|-damage|p2a: Blissey|416/651|[from] Sandstorm","|-heal|p1a: Suicune|354/404 tox|[from] item: Leftovers","|-damage|p1a: Suicune|329/404 tox|[from] psn","|-heal|p2a: Blissey|456/651|[from] item: Leftovers","|upkeep","|turn|11","||adding 10 for new turn","|","|t:|1752973835","|move|p1a: Suicune|Surf|p2a: Blissey","|-damage|p2a: Blissey|235/651","|move|p2a: Blissey|Soft-Boiled|p2a: Blissey","|-heal|p2a: Blissey|560/651","|","|-weather|Sandstorm|[upkeep]","|-damage|p1a: Suicune|304/404 tox|[from] Sandstorm","|-damage|p2a: Blissey|520/651|[from] Sandstorm","|-heal|p1a: Suicune|329/404 tox|[from] item: Leftovers","|-damage|p1a: Suicune|279/404 tox|[from] psn","|-heal|p2a: Blissey|560/651|[from] item: Leftovers","|upkeep","|turn|12","||adding 10 for new turn","|","|t:|1752973843","|move|p1a: Suicune|Rest|p1a: Suicune","|-status|p1a: Suicune|slp|[from] move: Rest","|-heal|p1a: Suicune|404/404 slp|[silent]","|move|p2a: Blissey|Soft-Boiled|p2a: Blissey","|-heal|p2a: Blissey|651/651","|","|-weather|Sandstorm|[upkeep]","|-damage|p1a: Suicune|379/404 slp|[from] Sandstorm","|-damage|p2a: Blissey|611/651|[from] Sandstorm","|-heal|p1a: Suicune|404/404 slp|[from] item: Leftovers","|-heal|p2a: Blissey|651/651|[from] item: Leftovers","|upkeep","|turn|13","||adding 10 for new turn","|","|t:|1752973851","|cant|p1a: Suicune|slp","|move|p2a: Blissey|Ice Beam|p1a: Suicune","|-resisted|p1a: Suicune","|-damage|p1a: Suicune|391/404 slp","|","|-weather|Sandstorm|[upkeep]","|-damage|p1a: Suicune|366/404 slp|[from] Sandstorm","|-damage|p2a: Blissey|611/651|[from] Sandstorm","|-heal|p1a: Suicune|391/404 slp|[from] item: Leftovers","|-heal|p2a: Blissey|651/651|[from] item: Leftovers","|upkeep","|turn|14","||adding 10 for new turn","|","|t:|1752973856","|cant|p1a: Suicune|slp","|move|p2a: Blissey|Ice Beam|p1a: Suicune","|-resisted|p1a: Suicune","|-damage|p1a: Suicune|376/404 slp","|","|-weather|Sandstorm|[upkeep]","|-damage|p1a: Suicune|351/404 slp|[from] Sandstorm","|-damage|p2a: Blissey|611/651|[from] Sandstorm","|-heal|p1a: Suicune|376/404 slp|[from] item: Leftovers","|-heal|p2a: Blissey|651/651|[from] item: Leftovers","|upkeep","|turn|15","||adding 10 for new turn","|","|t:|1752973860","|-curestatus|p1a: Suicune|slp|[msg]","|move|p1a: Suicune|Surf|p2a: Blissey","|-damage|p2a: Blissey|401/651","|move|p2a: Blissey|Soft-Boiled|p2a: Blissey","|-heal|p2a: Blissey|651/651","|","|-weather|Sandstorm|[upkeep]","|-damage|p1a: Suicune|351/404|[from] Sandstorm","|-damage|p2a: Blissey|611/651|[from] Sandstorm","|-heal|p1a: Suicune|376/404|[from] item: Leftovers","|-heal|p2a: Blissey|651/651|[from] item: Leftovers","|upkeep","|turn|16","||adding 10 for new turn","|","|t:|1752973865","|move|p1a: Suicune|Surf|p2a: Blissey","|-damage|p2a: Blissey|414/651","|move|p2a: Blissey|Toxic|p1a: Suicune","|-status|p1a: Suicune|tox","|","|-weather|Sandstorm|[upkeep]","|-damage|p1a: Suicune|351/404 tox|[from] Sandstorm","|-damage|p2a: Blissey|374/651|[from] Sandstorm","|-heal|p1a: Suicune|376/404 tox|[from] item: Leftovers","|-damage|p1a: Suicune|351/404 tox|[from] psn","|-heal|p2a: Blissey|414/651|[from] item: Leftovers","|upkeep","|turn|17","||adding 10 for new turn","|","|t:|1752973869","|move|p1a: Suicune|Rest|p1a: Suicune","|-status|p1a: Suicune|slp|[from] move: Rest","|-heal|p1a: Suicune|404/404 slp|[silent]","|move|p2a: Blissey|Soft-Boiled|p2a: Blissey","|-heal|p2a: Blissey|651/651","|","|-weather|Sandstorm|[upkeep]","|-damage|p1a: Suicune|379/404 slp|[from] Sandstorm","|-damage|p2a: Blissey|611/651|[from] Sandstorm","|-heal|p1a: Suicune|404/404 slp|[from] item: Leftovers","|-heal|p2a: Blissey|651/651|[from] item: Leftovers","|upkeep","|turn|18","||adding 10 for new turn","|","|t:|1752973873","|switch|p2a: Gengar|Gengar, F|133/303","|cant|p1a: Suicune|slp","|","|-weather|Sandstorm|[upkeep]","|-damage|p2a: Gengar|115/303|[from] Sandstorm","|-damage|p1a: Suicune|379/404 slp|[from] Sandstorm","|-heal|p2a: Gengar|133/303|[from] item: Leftovers","|-heal|p1a: Suicune|404/404 slp|[from] item: Leftovers","|upkeep","|turn|19","||adding 10 for new turn","|","|t:|1752973881","|switch|p1a: Metagross|Metagross|364/364","|-damage|p1a: Metagross|319/364|[from] Spikes","|move|p2a: Gengar|Explosion|p1a: Metagross","|-resisted|p1a: Metagross","|-crit|p1a: Metagross","|-damage|p1a: Metagross|138/364","|faint|p2a: Gengar","||adding 5 to each for mid turn request","|","|t:|1752973889","|switch|p2a: Starmie|Starmie|262/262","|","|-weather|Sandstorm|[upkeep]","|-damage|p2a: Starmie|246/262|[from] Sandstorm","|-heal|p2a: Starmie|262/262|[from] item: Leftovers","|-heal|p1a: Metagross|160/364|[from] item: Leftovers","|upkeep","|turn|20","||adding 10 for new turn","|","|t:|1752973897","|move|p2a: Starmie|Hydro Pump|p1a: Metagross|[miss]","|-miss|p2a: Starmie|p1a: Metagross","|move|p1a: Metagross|Explosion|p2a: Starmie","|-damage|p2a: Starmie|0 fnt","|faint|p1a: Metagross","|faint|p2a: Starmie","||adding 5 to each for mid turn request","|","|t:|1752973905","|switch|p2a: Tyranitar|Tyranitar, F|403/403","|switch|p1a: Snorlax|Snorlax, F|484/484","|-damage|p1a: Snorlax|424/484|[from] Spikes","|","|-weather|Sandstorm|[upkeep]","|-damage|p1a: Snorlax|394/484|[from] Sandstorm","|-heal|p1a: Snorlax|424/484|[from] item: Leftovers","|upkeep","|turn|21","||adding 10 for new turn","|","|t:|1752973913","|move|p2a: Tyranitar|Rock Slide|p1a: Snorlax","|-damage|p1a: Snorlax|256/484","|cant|p1a: Snorlax|flinch","|","|-weather|Sandstorm|[upkeep]","|-damage|p1a: Snorlax|226/484|[from] Sandstorm","|-heal|p1a: Snorlax|256/484|[from] item: Leftovers","|upkeep","|turn|22","||adding 10 for new turn","|","|t:|1752973921","|move|p2a: Tyranitar|Rock Slide|p1a: Snorlax","|-damage|p1a: Snorlax|86/484","|cant|p1a: Snorlax|flinch","|","|-weather|Sandstorm|[upkeep]","|-damage|p1a: Snorlax|56/484|[from] Sandstorm","|-heal|p1a: Snorlax|86/484|[from] item: Leftovers","|upkeep","|turn|23","||adding 10 for new turn","|","|t:|1752973929","|move|p2a: Tyranitar|Hidden Power|p1a: Snorlax","|-damage|p1a: Snorlax|0 fnt","|faint|p1a: Snorlax","||adding 5 to each for mid turn request","|","|t:|1752973933","|switch|p1a: Salamence|Salamence, F|331/331","|-ability|p1a: Salamence|Intimidate|boost","|-unboost|p2a: Tyranitar|atk|1","|","|-weather|Sandstorm|[upkeep]","|-damage|p1a: Salamence|311/331|[from] Sandstorm","|-heal|p1a: Salamence|331/331|[from] item: Leftovers","|upkeep","|turn|24","||adding 10 for new turn","|","|t:|1752973941","|switch|p2a: Swampert|Swampert, F|401/401","|move|p1a: Salamence|Earthquake|p2a: Swampert","|-damage|p2a: Swampert|302/401","|","|-weather|Sandstorm|[upkeep]","|-damage|p1a: Salamence|311/331|[from] Sandstorm","|-heal|p1a: Salamence|331/331|[from] item: Leftovers","|-heal|p2a: Swampert|327/401|[from] item: Leftovers","|upkeep","|turn|25","||adding 10 for new turn","|","|t:|1752973950","|switch|p1a: Suicune|Suicune|404/404 slp","|-damage|p1a: Suicune|354/404 slp|[from] Spikes","|-ability|p1a: Suicune|Pressure|[silent]","|move|p2a: Swampert|Ice Beam|p1a: Suicune","|-resisted|p1a: Suicune","|-damage|p1a: Suicune|328/404 slp","|","|-weather|Sandstorm|[upkeep]","|-damage|p1a: Suicune|303/404 slp|[from] Sandstorm","|-heal|p1a: Suicune|328/404 slp|[from] item: Leftovers","|-heal|p2a: Swampert|352/401|[from] item: Leftovers","|upkeep","|turn|26","||adding 10 for new turn","|","|t:|1752973958","|cant|p1a: Suicune|slp","|move|p2a: Swampert|Earthquake|p1a: Suicune","|-damage|p1a: Suicune|218/404 slp","|","|-weather|Sandstorm|[upkeep]","|-damage|p1a: Suicune|193/404 slp|[from] Sandstorm","|-heal|p1a: Suicune|218/404 slp|[from] item: Leftovers","|-heal|p2a: Swampert|377/401|[from] item: Leftovers","|upkeep","|turn|27","||adding 10 for new turn","|","|t:|1752973966","|-curestatus|p1a: Suicune|slp|[msg]","|move|p1a: Suicune|Calm Mind|p1a: Suicune","|-boost|p1a: Suicune|spa|1","|-boost|p1a: Suicune|spd|1","|move|p2a: Swampert|Earthquake|p1a: Suicune","|-crit|p1a: Suicune","|-damage|p1a: Suicune|0 fnt","|faint|p1a: Suicune","||adding 5 to each for mid turn request","|","|t:|1752973973","|switch|p1a: Salamence|Salamence, F|331/331","|-ability|p1a: Salamence|Intimidate|boost","|-unboost|p2a: Swampert|atk|1","|","|-weather|Sandstorm|[upkeep]","|-damage|p1a: Salamence|311/331|[from] Sandstorm","|-heal|p1a: Salamence|331/331|[from] item: Leftovers","|-heal|p2a: Swampert|401/401|[from] item: Leftovers","|upkeep","|turn|28","||adding 10 for new turn","|","|t:|1752973981","|switch|p1a: Magneton|Magneton|242/242","|-damage|p1a: Magneton|212/242|[from] Spikes","|move|p2a: Swampert|Ice Beam|p1a: Magneton","|-resisted|p1a: Magneton","|-damage|p1a: Magneton|167/242","|","|-weather|Sandstorm|[upkeep]","|upkeep","|turn|29","||adding 10 for new turn","|","|t:|1752973989","|switch|p1a: Salamence|Salamence, F|331/331","|-ability|p1a: Salamence|Intimidate|boost","|-unboost|p2a: Swampert|atk|1","|move|p2a: Swampert|Earthquake|p1a: Salamence","|-immune|p1a: Salamence","|","|-weather|Sandstorm|[upkeep]","|-damage|p1a: Salamence|311/331|[from] Sandstorm","|-heal|p1a: Salamence|331/331|[from] item: Leftovers","|upkeep","|turn|30","||adding 10 for new turn","|","|t:|1752973996","|switch|p1a: Magneton|Magneton|167/242","|-damage|p1a: Magneton|137/242|[from] Spikes","|move|p2a: Swampert|Ice Beam|p1a: Magneton","|-resisted|p1a: Magneton","|-damage|p1a: Magneton|91/242","|","|-weather|Sandstorm|[upkeep]","|upkeep","|turn|31","||adding 10 for new turn","|","|t:|1752974004","|switch|p1a: Salamence|Salamence, F|331/331","|-ability|p1a: Salamence|Intimidate|boost","|-unboost|p2a: Swampert|atk|1","|move|p2a: Swampert|Earthquake|p1a: Salamence","|-immune|p1a: Salamence","|","|-weather|Sandstorm|[upkeep]","|-damage|p1a: Salamence|311/331|[from] Sandstorm","|-heal|p1a: Salamence|331/331|[from] item: Leftovers","|upkeep","|turn|32","||adding 10 for new turn","|","|t:|1752974011","|switch|p1a: Magneton|Magneton|91/242","|-damage|p1a: Magneton|61/242|[from] Spikes","|move|p2a: Swampert|Ice Beam|p1a: Magneton","|-resisted|p1a: Magneton","|-damage|p1a: Magneton|14/242","|","|-weather|Sandstorm|[upkeep]","|upkeep","|turn|33","||adding 10 for new turn","|","|t:|1752974019","|move|p1a: Magneton|Toxic|p2a: Swampert","|-status|p2a: Swampert|tox","|move|p2a: Swampert|Ice Beam|p1a: Magneton","|-resisted|p1a: Magneton","|-damage|p1a: Magneton|0 fnt","|faint|p1a: Magneton","||adding 5 to each for mid turn request","|","|t:|1752974026","|switch|p1a: Salamence|Salamence, F|331/331","|-ability|p1a: Salamence|Intimidate|boost","|-unboost|p2a: Swampert|atk|1","|","|-weather|Sandstorm|[upkeep]","|-damage|p1a: Salamence|311/331|[from] Sandstorm","|-heal|p1a: Salamence|331/331|[from] item: Leftovers","|-damage|p2a: Swampert|376/401 tox|[from] psn","|upkeep","|turn|34","||adding 10 for new turn","|","|t:|1752974033","|move|p1a: Salamence|Rock Slide|p2a: Swampert","|-resisted|p2a: Swampert","|-damage|p2a: Swampert|338/401 tox","|move|p2a: Swampert|Ice Beam|p1a: Salamence","|-supereffective|p1a: Salamence","|-damage|p1a: Salamence|55/331","|","|-weather|Sandstorm|[upkeep]","|-damage|p1a: Salamence|35/331|[from] Sandstorm","|-heal|p1a: Salamence|55/331|[from] item: Leftovers","|-heal|p2a: Swampert|363/401 tox|[from] item: Leftovers","|-damage|p2a: Swampert|313/401 tox|[from] psn","|upkeep","|turn|35","||adding 10 for new turn","|","|t:|1752974040","|move|p1a: Salamence|Rock Slide|p2a: Swampert","|-resisted|p2a: Swampert","|-damage|p2a: Swampert|273/401 tox","|move|p2a: Swampert|Ice Beam|p1a: Salamence","|-supereffective|p1a: Salamence","|-damage|p1a: Salamence|0 fnt","|faint|p1a: Salamence","|","|win|foultestacceptor1",""],"p1rating":null,"p2rating":null,"endType":"normal","ladderError":true,"timestamp":"Sat Jul 19 2025 18:14:00 GMT-0700 (アメリカ太平洋夏時間)","roomid":"battle-gen3ou-1025","format":"gen3ou"}