{"winner":"foultestchallenge1","seed":"sodium,46dbbab931cd5aaee91a304d3bc89650","turns":157,"p1":"foultestchallenge1","p2":"foultestacceptor1","p1team":[{"name":"Tyranitar","species":"Tyranitar","item":"Leftovers","ability":"Sand Stream","moves":["Rock Slide","Earthquake","Hidden Power Bug","Roar"],"nature":"Adamant","evs":{"hp":184,"atk":196,"def":120,"spa":0,"spd":0,"spe":8},"gender":"F","ivs":{"hp":31,"atk":30,"def":30,"spa":31,"spd":30,"spe":31},"happiness":255,"hpType":"Bug","pokeball":"","gigantamax":false,"dynamaxLevel":10,"teraType":"","level":100},{"name":"Milotic","species":"Milotic","item":"Leftovers","ability":"Marvel Scale","moves":["Surf","Toxic","Recover","Refresh"],"nature":"Bold","evs":{"hp":248,"atk":0,"def":212,"spa":0,"spd":0,"spe":48},"gender":"F","ivs":{"hp":31,"atk":0,"def":31,"spa":31,"spd":31,"spe":31},"level":100},{"name":"Blissey","species":"Blissey","item":"Leftovers","ability":"Natural Cure","moves":["Seismic Toss","Ice Beam","Thunder Wave","Soft-Boiled"],"nature":"Bold","evs":{"hp":40,"atk":0,"def":244,"spa":208,"spd":0,"spe":16},"gender":"F","level":100,"ivs":{"hp":31,"atk":31,"def":31,"spa":31,"spd":31,"spe":31}},{"name":"Skarmory","species":"Skarmory","item":"Leftovers","ability":"Keen Eye","moves":["Drill Peck","Toxic","Spikes","Roar"],"nature":"Careful","evs":{"hp":248,"atk":0,"def":0,"spa":0,"spd":236,"spe":24},"gender":"M","level":100,"ivs":{"hp":31,"atk":31,"def":31,"spa":31,"spd":31,"spe":31}},{"name":"Claydol","species":"Claydol","item":"Leftovers","ability":"Levitate","moves":["Earthquake","Psychic","Refresh","Rapid Spin"],"nature":"Adamant","evs":{"hp":224,"atk":228,"def":0,"spa":36,"spd":0,"spe":20},"gender":"N","level":100,"ivs":{"hp":31,"atk":31,"def":31,"spa":31,"spd":31,"spe":31}},{"name":"Dugtrio","species":"Dugtrio","item":"Choice Band","ability":"Arena Trap","moves":["Earthquake","Aerial Ace","Hidden Power Bug","Screech"],"nature":"Jolly","evs":{"hp":0,"atk":252,"def":0,"spa":0,"spd":4,"spe":252},"gender":"M","ivs":{"hp":31,"atk":30,"def":30,"spa":31,"spd":30,"spe":31},"happiness":255,"hpType":"Bug","pokeball":"","gigantamax":false,"dynamaxLevel":10,"teraType":"","level":100}],"p2team":[{"name":"Dugtrio","species":"Dugtrio","item":"Choice Band","ability":"Arena Trap","moves":["Earthquake","Hidden Power Bug","Aerial Ace","Sunny Day"],"nature":"Adamant","evs":{"hp":96,"atk":168,"def":20,"spa":0,"spd":0,"spe":224},"gender":"F","ivs":{"hp":31,"atk":30,"def":30,"spa":31,"spd":30,"spe":31},"happiness":255,"hpType":"Bug","pokeball":"","gigantamax":false,"dynamaxLevel":10,"teraType":"","level":100},{"name":"Forretress","species":"Forretress","item":"Leftovers","ability":"Sturdy","moves":["Spikes","Zap Cannon","Explosion","Hidden Power Bug"],"nature":"Careful","evs":{"hp":252,"atk":0,"def":4,"spa":0,"spd":252,"spe":0},"gender":"M","ivs":{"hp":31,"atk":30,"def":30,"spa":31,"spd":30,"spe":31},"happiness":255,"hpType":"Bug","pokeball":"","gigantamax":false,"dynamaxLevel":10,"teraType":"","level":100},{"name":"Snorlax","species":"Snorlax","item":"Leftovers","ability":"Immunity","moves":["Return","Curse","Rest","Shadow Ball"],"nature":"Careful","evs":{"hp":144,"atk":96,"def":132,"spa":0,"spd":136,"spe":0},"gender":"M","level":100,"ivs":{"hp":31,"atk":31,"def":31,"spa":31,"spd":31,"spe":31}},{"name":"Suicune","species":"Suicune","item":"Leftovers","ability":"Pressure","moves":["Calm Mind","Rest","Ice Beam","Surf"],"nature":"Bold","evs":{"hp":240,"atk":0,"def":252,"spa":0,"spd":0,"spe":16},"gender":"N","ivs":{"hp":31,"atk":0,"def":31,"spa":31,"spd":31,"spe":31},"level":100},{"name":"Claydol","species":"Claydol","item":"Leftovers","ability":"Levitate","moves":["Earthquake","Psychic","Rapid Spin","Rest"],"nature":"Lonely","evs":{"hp":252,"atk":224,"def":0,"spa":24,"spd":0,"spe":8},"gender":"N","level":100,"ivs":{"hp":31,"atk":31,"def":31,"spa":31,"spd":31,"spe":31}},{"name":"Blissey","species":"Blissey","item":"Leftovers","ability":"Natural Cure","moves":["Soft-Boiled","Seismic Toss","Thunder Wave","Aromatherapy"],"nature":"Bold","evs":{"hp":252,"atk":0,"def":252,"spa":0,"spd":0,"spe":4},"gender":"F","ivs":{"hp":31,"atk":0,"def":31,"spa":31,"spd":31,"spe":31},"level":100}],"score":[1,0],"inputLog":[">version 372d05e49c92a79eecdf6c8dddb208bd1765c00f",">start {\"formatid\":\"gen3ou\",\"seed\":\"sodium,46dbbab931cd5aaee91a304d3bc89650\"}",">player p1 {\"name\":\"foultestchallenge1\",\"avatar\":\"1\",\"team\":\"Tyranitar||Leftovers|SandStream|RockSlide,Earthquake,HiddenPowerBug,Roar|Adamant|184,196,120,,,8|F|,30,30,,30,|||,Bug,,,,]Milotic||Leftovers|MarvelScale|Surf,Toxic,Recover,Refresh|Bold|248,,212,,,48|F|,0,,,,|||]Blissey||Leftovers|NaturalCure|SeismicToss,IceBeam,ThunderWave,SoftBoiled|Bold|40,,244,208,,16|F||||]Skarmory||Leftovers|KeenEye|DrillPeck,Toxic,Spikes,Roar|Careful|248,,,,236,24|M||||]Claydol||Leftovers|Levitate|Earthquake,Psychic,Refresh,RapidSpin|Adamant|224,228,,36,,20|N||||]Dugtrio||ChoiceBand|ArenaTrap|Earthquake,AerialAce,HiddenPowerBug,Screech|Jolly|,252,,,4,252|M|,30,30,,30,|||,Bug,,,,\",\"rating\":0}",">player p2 {\"name\":\"foultestacceptor1\",\"avatar\":\"169\",\"team\":\"Dugtrio||ChoiceBand|ArenaTrap|Earthquake,HiddenPowerBug,AerialAce,SunnyDay|Adamant|96,168,20,,,224|F|,30,30,,30,|||,Bug,,,,]Forretress||Leftovers|Sturdy|Spikes,ZapCannon,Explosion,HiddenPowerBug|Careful|252,,4,,252,|M|,30,30,,30,|||,Bug,,,,]Snorlax||Leftovers|Immunity|Return,Curse,Rest,ShadowBall|Careful|144,96,132,,136,|M||||]Suicune||Leftovers|Pressure|CalmMind,Rest,IceBeam,Surf|Bold|240,,252,,,16|N|,0,,,,|||]Claydol||Leftovers|Levitate|Earthquake,Psychic,RapidSpin,Rest|Lonely|252,224,,24,,8|N||||]Blissey||Leftovers|NaturalCure|SoftBoiled,SeismicToss,ThunderWave,Aromatherapy|Bold|252,,252,,,4|F|,0,,,,|||\",\"rating\":0}",">p1 move earthquake",">p2 move earthquake",">p1 move rockslide",">p2 move earthquake",">p1 switch 4",">p1 move spikes",">p2 switch 5",">p1 move toxic",">p2 move rapidspin",">p1 move spikes",">p2 switch 2",">p1 move roar",">p2 move spikes",">p1 move roar",">p2 switch 2",">p1 move roar",">p2 move zapcannon",">p1 move spikes",">p2 switch 3",">p1 move spikes",">p2 move rapidspin",">p1 move roar",">p2 move rapidspin",">p1 move spikes",">p2 move rest",">p1 move roar",">p2 move rapidspin",">p1 move spikes",">p2 move seismictoss",">p1 move spikes",">p2 move seismictoss",">p1 move spikes",">p2 move seismictoss",">p1 switch 5",">p2 move seismictoss",">p1 move earthquake",">p2 move aromatherapy",">p1 move rapidspin",">p2 move softboiled",">p1 switch 2",">p2 move seismictoss",">p1 move surf",">p2 move thunderwave",">p1 move surf",">p2 switch 6",">p2 switch 3",">p1 move surf",">p2 move spikes",">p1 move surf",">p2 move spikes",">p1 switch 2",">p2 move spikes",">p1 move earthquake",">p2 move hiddenpower",">p1 move earthquake",">p2 switch 5",">p2 switch 4",">p1 move rapidspin",">p2 move surf",">p1 switch 3",">p1 move seismictoss",">p2 move calmmind",">p1 move seismictoss",">p2 move icebeam",">p1 move softboiled",">p2 move rest",">p1 switch 5",">p2 move calmmind",">p1 move roar",">p2 move surf",">p2 switch 5",">p1 move toxic",">p2 move surf",">p1 switch 5",">p2 move surf",">p1 move softboiled",">p2 move rest",">p1 move seismictoss",">p2 switch 6",">p1 move icebeam",">p2 move softboiled",">p1 move icebeam",">p2 move aromatherapy",">p1 move thunderwave",">p2 move softboiled",">p1 move seismictoss",">p2 move seismictoss",">p1 move softboiled",">p2 move thunderwave",">p1 move seismictoss",">p2 move seismictoss",">p1 move softboiled",">p2 move softboiled",">p1 move seismictoss",">p2 move seismictoss",">p1 move softboiled",">p2 move seismictoss",">p1 move seismictoss",">p2 move seismictoss",">p1 move seismictoss",">p2 move softboiled",">p1 move seismictoss",">p2 move seismictoss",">p1 move softboiled",">p2 move seismictoss",">p1 move softboiled",">p2 switch 6",">p1 move seismictoss",">p2 move calmmind",">p1 move seismictoss",">p2 move calmmind",">p1 move seismictoss",">p2 move surf",">p1 move seismictoss",">p2 move surf",">p1 switch 5",">p2 move rest",">p1 move roar",">p2 move surf",">p1 move roar",">p2 move calmmind",">p1 move drillpeck",">p2 move return",">p1 move roar",">p2 move return",">p1 move roar",">p2 move seismictoss",">p1 switch 5",">p1 move softboiled",">p2 move thunderwave",">p1 move softboiled",">p2 move softboiled",">p1 move seismictoss",">p2 switch 2",">p1 move thunderwave",">p2 move calmmind",">p1 move seismictoss",">p2 move calmmind",">p1 move seismictoss",">p2 move rest",">p1 move seismictoss",">p2 move surf",">p1 move icebeam",">p2 move surf",">p1 move thunderwave",">p2 move calmmind",">p1 move seismictoss",">p2 move rest",">p1 move seismictoss",">p2 move rest",">p1 move seismictoss",">p2 move rest",">p1 move seismictoss",">p2 move calmmind",">p1 move thunderwave",">p2 move surf",">p1 move softboiled",">p2 move rest",">p1 switch 2",">p2 move surf",">p1 move recover",">p2 move surf",">p1 move refresh",">p2 move calmmind",">p1 move toxic",">p2 move icebeam",">p1 move toxic",">p2 move icebeam",">p1 move recover",">p2 move rest",">p1 move surf",">p2 move calmmind",">p1 move surf",">p2 move icebeam",">p1 move toxic",">p2 move surf",">p1 move toxic",">p2 move surf",">p1 move recover",">p2 move rest",">p1 move recover",">p2 move calmmind",">p1 move surf",">p2 move calmmind",">p1 move toxic",">p2 move surf",">p1 move recover",">p2 move surf",">p1 move recover",">p2 move surf",">p1 move toxic",">p2 move surf",">p1 move recover",">p2 move surf",">p1 move toxic",">p2 move surf",">p1 move recover",">p2 move rest",">p1 move recover",">p2 move calmmind",">p1 move surf",">p2 move icebeam",">p1 move recover",">p2 move icebeam",">p1 move recover",">p2 move rest",">p1 move surf",">p2 move surf",">p1 move surf",">p2 move calmmind",">p1 move recover",">p2 move icebeam",">p1 move recover",">p2 move surf",">p1 move recover",">p2 move icebeam",">p1 move recover",">p2 move icebeam",">p1 move recover",">p2 move surf",">p1 move recover",">p2 move surf",">p1 move recover",">p2 move surf",">p1 move recover",">p2 move calmmind",">p1 move recover",">p2 move surf",">p1 move recover",">p2 move rest",">p1 move refresh",">p2 move calmmind",">p1 move surf",">p2 move calmmind",">p1 move recover",">p2 move rest",">p1 move refresh",">p2 move calmmind",">p1 move surf",">p2 move calmmind",">p1 move recover",">p2 move rest",">p1 switch 2",">p2 move calmmind",">p1 move seismictoss",">p2 move calmmind",">p1 move thunderwave",">p2 move surf",">p1 switch 2",">p1 move recover",">p2 move surf",">p1 move recover",">p2 move surf",">p1 move recover",">p2 move surf",">p1 move recover",">p2 move rest",">p1 move refresh",">p2 move calmmind",">p1 move refresh",">p2 move calmmind",">p1 move recover",">p2 move rest",">p1 move toxic",">p2 move rest",">p1 move surf",">p2 switch 2",">p1 move surf",">p2 move softboiled",">p1 move surf",">p2 move aromatherapy",">p1 move refresh",">p2 switch 2",">p1 move surf",">p2 move calmmind",">p1 move refresh",">p2 move calmmind",">p1 move refresh",">p2 move calmmind",">p1 move refresh",">p2 move calmmind",">p1 move refresh",">p2 move icebeam",">p1 move recover",">p2 move icebeam",">p1 move refresh",">p2 move icebeam",">p1 move recover",">p2 move icebeam",">p1 move refresh",">p2 move icebeam",">p1 move recover",">p2 move icebeam",">p1 move recover",">p2 move icebeam",">p1 move recover",">p2 move calmmind",">p1 move refresh",">p2 move calmmind",">p1 move refresh",">p2 move calmmind",">p1 move refresh",">p2 move calmmind",">p1 move refresh",">p2 move icebeam",">p1 move refresh",">p2 move icebeam",">p1 move refresh",">p2 move surf",">p1 switch 6",">p1 move earthquake",">p2 move calmmind",">p1 move earthquake",">p2 move calmmind",">p2 switch 2",">p1 move earthquake",">p2 move softboiled",">p1 move earthquake",">p2 move softboiled",">p1 move earthquake",">p2 move softboiled",">p2 switch 6",">p1 move earthquake",">p2 move return"],"log":["|j|☆foultestchallenge1","|j|☆foultestacceptor1","|t:|1752961653","|gametype|singles","|player|p1|foultestchallenge1|1|","|player|p2|foultestacceptor1|169|","|teamsize|p1|6","|teamsize|p2|6","|gen|3","|tier|[Gen 3] OU","|rule|Sleep Clause Mod: Limit one foe put to sleep","|rule|Switch Priority Clause Mod: Faster Pokémon switch first","|rule|Species Clause: Limit one of each Pokémon","|rule|OHKO Clause: OHKO moves are banned","|rule|Evasion Items Clause: Evasion items are banned","|rule|Evasion Moves Clause: Evasion moves are banned","|rule|Endless Battle Clause: Forcing endless battles is banned","|rule|HP Percentage Mod: HP is shown in percentages","|rule|One Boost Passer Clause: Limit one Baton Passer that has a way to boost its stats","|rule|Freeze Clause Mod: Limit one foe frozen","|","|t:|1752961653","|start","|switch|p1a: Tyranitar|Tyranitar, F|387/387","|switch|p2a: Dugtrio|Dugtrio, F|235/235","|-weather|Sandstorm|[from] ability: Sand Stream|[of] p1a: Tyranitar","|turn|1","|inactive|Battle timer is ON: inactive players will automatically lose when time's up. (requested by foultestacceptor1)","|inactive|foultestchallenge1 also wants the timer to be on.","|","|t:|1752961661","|move|p2a: Dugtrio|Earthquake|p1a: Tyranitar","|-supereffective|p1a: Tyranitar","|-damage|p1a: Tyranitar|92/387","|move|p1a: Tyranitar|Earthquake|p2a: Dugtrio","|-damage|p2a: Dugtrio|1/235","|","|-weather|Sandstorm|[upkeep]","|-heal|p1a: Tyranitar|116/387|[from] item: Leftovers","|upkeep","|turn|2","||adding 10 for new turn","|","|t:|1752961669","|move|p2a: Dugtrio|Earthquake|p1a: Tyranitar","|-supereffective|p1a: Tyranitar","|-damage|p1a: Tyranitar|0 fnt","|faint|p1a: Tyranitar","||adding 5 to each for mid turn request","|","|t:|1752961676","|switch|p1a: Skarmory|Skarmory, M|333/333","|","|-weather|Sandstorm|[upkeep]","|upkeep","|turn|3","||adding 10 for new turn","|","|t:|1752961684","|switch|p2a: Claydol|Claydol|324/324","|move|p1a: Skarmory|Spikes|p2a: Claydol","|-sidestart|p2: foultestacceptor1|Spikes","|","|-weather|Sandstorm|[upkeep]","|upkeep","|turn|4","||adding 10 for new turn","|","|t:|1752961692","|move|p2a: Claydol|Rapid Spin|p1a: Skarmory","|-resisted|p1a: Skarmory","|-damage|p1a: Skarmory|326/333","|-sideend|p2: foultestacceptor1|Spikes|[from] move: Rapid Spin|[of] p2a: Claydol","|move|p1a: Skarmory|Toxic|p2a: Claydol","|-status|p2a: Claydol|tox","|","|-weather|Sandstorm|[upkeep]","|-damage|p2a: Claydol|304/324 tox|[from] psn","|-heal|p1a: Skarmory|333/333|[from] item: Leftovers","|upkeep","|turn|5","||adding 10 for new turn","|","|t:|1752961701","|switch|p2a: Forretress|Forretress, M|354/354","|move|p1a: Skarmory|Spikes|p2a: Forretress","|-sidestart|p2: foultestacceptor1|Spikes","|","|-weather|Sandstorm|[upkeep]","|upkeep","|turn|6","||adding 10 for new turn","|","|t:|1752961709","|move|p2a: Forretress|Spikes|p1a: Skarmory","|-sidestart|p1: foultestchallenge1|Spikes","|move|p1a: Skarmory|Roar|p2a: Forretress","|drag|p2a: Snorlax|Snorlax, M|497/497","|-damage|p2a: Snorlax|435/497|[from] Spikes","|","|-weather|Sandstorm|[upkeep]","|-damage|p2a: Snorlax|404/497|[from] Sandstorm","|-heal|p2a: Snorlax|435/497|[from] item: Leftovers","|upkeep","|turn|7","||adding 10 for new turn","|","|t:|1752961717","|switch|p2a: Claydol|Claydol|304/324 tox","|move|p1a: Skarmory|Roar|p2a: Claydol","|drag|p2a: Forretress|Forretress, M|354/354","|-damage|p2a: Forretress|310/354|[from] Spikes","|","|-weather|Sandstorm|[upkeep]","|-heal|p2a: Forretress|332/354|[from] item: Leftovers","|upkeep","|turn|8","||adding 10 for new turn","|","|t:|1752961724","|move|p2a: Forretress|Zap Cannon|p1a: Skarmory","|-supereffective|p1a: Skarmory","|-damage|p1a: Skarmory|250/333","|-status|p1a: Skarmory|par","|cant|p1a: Skarmory|par","|","|-weather|Sandstorm|[upkeep]","|-heal|p2a: Forretress|354/354|[from] item: Leftovers","|-heal|p1a: Skarmory|270/333 par|[from] item: Leftovers","|upkeep","|turn|9","||adding 10 for new turn","|","|t:|1752961732","|switch|p2a: Claydol|Claydol|304/324 tox","|move|p1a: Skarmory|Spikes|p2a: Claydol","|-sidestart|p2: foultestacceptor1|Spikes","|","|-weather|Sandstorm|[upkeep]","|-heal|p2a: Claydol|324/324 tox|[from] item: Leftovers","|-damage|p2a: Claydol|304/324 tox|[from] psn","|-heal|p1a: Skarmory|290/333 par|[from] item: Leftovers","|upkeep","|turn|10","||adding 10 for new turn","|","|t:|1752961740","|move|p2a: Claydol|Rapid Spin|p1a: Skarmory","|-resisted|p1a: Skarmory","|-damage|p1a: Skarmory|283/333 par","|-sideend|p2: foultestacceptor1|Spikes|[from] move: Rapid Spin|[of] p2a: Claydol","|move|p1a: Skarmory|Spikes|p2a: Claydol","|-sidestart|p2: foultestacceptor1|Spikes","|","|-weather|Sandstorm|[upkeep]","|-heal|p2a: Claydol|324/324 tox|[from] item: Leftovers","|-damage|p2a: Claydol|284/324 tox|[from] psn","|-heal|p1a: Skarmory|303/333 par|[from] item: Leftovers","|upkeep","|turn|11","||adding 10 for new turn","|","|t:|1752961748","|move|p2a: Claydol|Rapid Spin|p1a: Skarmory","|-resisted|p1a: Skarmory","|-damage|p1a: Skarmory|297/333 par","|-sideend|p2: foultestacceptor1|Spikes|[from] move: Rapid Spin|[of] p2a: Claydol","|cant|p1a: Skarmory|par","|","|-weather|Sandstorm|[upkeep]","|-heal|p2a: Claydol|304/324 tox|[from] item: Leftovers","|-damage|p2a: Claydol|244/324 tox|[from] psn","|-heal|p1a: Skarmory|317/333 par|[from] item: Leftovers","|upkeep","|turn|12","||adding 10 for new turn","|","|t:|1752961756","|move|p2a: Claydol|Rest|p2a: Claydol","|-status|p2a: Claydol|slp|[from] move: Rest","|-heal|p2a: Claydol|324/324 slp|[silent]","|move|p1a: Skarmory|Spikes|p2a: Claydol","|-sidestart|p2: foultestacceptor1|Spikes","|","|-weather|Sandstorm|[upkeep]","|-heal|p1a: Skarmory|333/333 par|[from] item: Leftovers","|upkeep","|turn|13","||adding 10 for new turn","|","|t:|1752961764","|cant|p2a: Claydol|slp","|move|p1a: Skarmory|Roar|p2a: Claydol","|drag|p2a: Blissey|Blissey, F|714/714","|-damage|p2a: Blissey|625/714|[from] Spikes","|","|-weather|Sandstorm|[upkeep]","|-damage|p2a: Blissey|581/714|[from] Sandstorm","|-heal|p2a: Blissey|625/714|[from] item: Leftovers","|upkeep","|turn|14","||adding 10 for new turn","|","|t:|1752961772","|move|p2a: Blissey|Seismic Toss|p1a: Skarmory","|-damage|p1a: Skarmory|233/333 par","|cant|p1a: Skarmory|par","|","|-weather|Sandstorm|[upkeep]","|-damage|p2a: Blissey|581/714|[from] Sandstorm","|-heal|p2a: Blissey|625/714|[from] item: Leftovers","|-heal|p1a: Skarmory|253/333 par|[from] item: Leftovers","|upkeep","|turn|15","||adding 10 for new turn","|","|t:|1752961780","|move|p2a: Blissey|Seismic Toss|p1a: Skarmory","|-damage|p1a: Skarmory|153/333 par","|move|p1a: Skarmory|Spikes|p2a: Blissey","|-sidestart|p2: foultestacceptor1|Spikes","|","|-weather|Sandstorm|[upkeep]","|-damage|p2a: Blissey|581/714|[from] Sandstorm","|-heal|p2a: Blissey|625/714|[from] item: Leftovers","|-heal|p1a: Skarmory|173/333 par|[from] item: Leftovers","|upkeep","|turn|16","||adding 10 for new turn","|","|t:|1752961788","|move|p2a: Blissey|Seismic Toss|p1a: Skarmory","|-damage|p1a: Skarmory|73/333 par","|move|p1a: Skarmory|Spikes|p2a: Blissey","|-sidestart|p2: foultestacceptor1|Spikes","|","|-weather|Sandstorm|[upkeep]","|-damage|p2a: Blissey|581/714|[from] Sandstorm","|-heal|p2a: Blissey|625/714|[from] item: Leftovers","|-heal|p1a: Skarmory|93/333 par|[from] item: Leftovers","|upkeep","|turn|17","||adding 10 for new turn","|","|t:|1752961796","|switch|p1a: Claydol|Claydol|317/317","|move|p2a: Blissey|Seismic Toss|p1a: Claydol","|-damage|p1a: Claydol|217/317","|","|-weather|Sandstorm|[upkeep]","|-damage|p2a: Blissey|581/714|[from] Sandstorm","|-heal|p1a: Claydol|236/317|[from] item: Leftovers","|-heal|p2a: Blissey|625/714|[from] item: Leftovers","|upkeep","|turn|18","||adding 10 for new turn","|","|t:|1752961804","|move|p1a: Claydol|Earthquake|p2a: Blissey","|-damage|p2a: Blissey|378/714","|move|p2a: Blissey|Aromatherapy|p2a: Blissey","|-cureteam|p2a: Blissey|[from] move: Aromatherapy","|","|-weather|Sandstorm|[upkeep]","|-damage|p2a: Blissey|334/714|[from] Sandstorm","|-heal|p1a: Claydol|255/317|[from] item: Leftovers","|-heal|p2a: Blissey|378/714|[from] item: Leftovers","|upkeep","|turn|19","||adding 10 for new turn","|","|t:|1752961812","|move|p1a: Claydol|Rapid Spin|p2a: Blissey","|-damage|p2a: Blissey|346/714","|-sideend|p1: foultestchallenge1|Spikes|[from] move: Rapid Spin|[of] p1a: Claydol","|move|p2a: Blissey|Soft-Boiled|p2a: Blissey","|-heal|p2a: Blissey|703/714","|","|-weather|Sandstorm|[upkeep]","|-damage|p2a: Blissey|659/714|[from] Sandstorm","|-heal|p1a: Claydol|274/317|[from] item: Leftovers","|-heal|p2a: Blissey|703/714|[from] item: Leftovers","|upkeep","|turn|20","||adding 10 for new turn","|","|t:|1752961819","|switch|p1a: Milotic|Milotic, F|393/393","|move|p2a: Blissey|Seismic Toss|p1a: Milotic","|-damage|p1a: Milotic|293/393","|","|-weather|Sandstorm|[upkeep]","|-damage|p1a: Milotic|269/393|[from] Sandstorm","|-damage|p2a: Blissey|659/714|[from] Sandstorm","|-heal|p1a: Milotic|293/393|[from] item: Leftovers","|-heal|p2a: Blissey|703/714|[from] item: Leftovers","|upkeep","|turn|21","||adding 10 for new turn","|","|t:|1752961827","|move|p1a: Milotic|Surf|p2a: Blissey","|-damage|p2a: Blissey|617/714","|move|p2a: Blissey|Thunder Wave|p1a: Milotic","|-status|p1a: Milotic|par","|","|-weather|Sandstorm|[upkeep]","|-damage|p2a: Blissey|573/714|[from] Sandstorm","|-damage|p1a: Milotic|269/393 par|[from] Sandstorm","|-heal|p2a: Blissey|617/714|[from] item: Leftovers","|-heal|p1a: Milotic|293/393 par|[from] item: Leftovers","|upkeep","|turn|22","||adding 10 for new turn","|","|t:|1752961835","|switch|p2a: Claydol|Claydol|324/324","|move|p1a: Milotic|Surf|p2a: Claydol","|-supereffective|p2a: Claydol","|-crit|p2a: Claydol","|-damage|p2a: Claydol|0 fnt","|faint|p2a: Claydol","||adding 5 to each for mid turn request","|","|t:|1752961842","|switch|p2a: Forretress|Forretress, M|354/354","|-damage|p2a: Forretress|266/354|[from] Spikes","|","|-weather|Sandstorm|[upkeep]","|-damage|p1a: Milotic|269/393 par|[from] Sandstorm","|-heal|p2a: Forretress|288/354|[from] item: Leftovers","|-heal|p1a: Milotic|293/393 par|[from] item: Leftovers","|upkeep","|turn|23","||adding 10 for new turn","|","|t:|1752961850","|move|p2a: Forretress|Spikes|p1a: Milotic","|-sidestart|p1: foultestchallenge1|Spikes","|cant|p1a: Milotic|par","|","|-weather|Sandstorm|[upkeep]","|-damage|p1a: Milotic|269/393 par|[from] Sandstorm","|-heal|p2a: Forretress|310/354|[from] item: Leftovers","|-heal|p1a: Milotic|293/393 par|[from] item: Leftovers","|upkeep","|turn|24","||adding 10 for new turn","|","|t:|1752961858","|move|p2a: Forretress|Spikes|p1a: Milotic","|-sidestart|p1: foultestchallenge1|Spikes","|move|p1a: Milotic|Surf|p2a: Forretress","|-damage|p2a: Forretress|205/354","|","|-weather|Sandstorm|[upkeep]","|-damage|p1a: Milotic|269/393 par|[from] Sandstorm","|-heal|p2a: Forretress|227/354|[from] item: Leftovers","|-heal|p1a: Milotic|293/393 par|[from] item: Leftovers","|upkeep","|turn|25","||adding 10 for new turn","|","|t:|1752961866","|switch|p1a: Claydol|Claydol|274/317","|move|p2a: Forretress|Spikes|p1a: Claydol","|-sidestart|p1: foultestchallenge1|Spikes","|","|-weather|Sandstorm|[upkeep]","|-heal|p1a: Claydol|293/317|[from] item: Leftovers","|-heal|p2a: Forretress|249/354|[from] item: Leftovers","|upkeep","|turn|26","||adding 10 for new turn","|","|t:|1752961873","|move|p1a: Claydol|Earthquake|p2a: Forretress","|-crit|p2a: Forretress","|-damage|p2a: Forretress|56/354","|move|p2a: Forretress|Hidden Power|p1a: Claydol","|-supereffective|p1a: Claydol","|-damage|p1a: Claydol|154/317","|","|-weather|Sandstorm|[upkeep]","|-heal|p1a: Claydol|173/317|[from] item: Leftovers","|-heal|p2a: Forretress|78/354|[from] item: Leftovers","|upkeep","|turn|27","||adding 10 for new turn","|","|t:|1752961881","|switch|p2a: Dugtrio|Dugtrio, F|1/235","|-damage|p2a: Dugtrio|0 fnt|[from] Spikes","|faint|p2a: Dugtrio","||adding 5 to each for mid turn request","|","|t:|1752961888","|switch|p2a: Suicune|Suicune|401/401","|-damage|p2a: Suicune|301/401|[from] Spikes","|-ability|p2a: Suicune|Pressure|[silent]","|","|-weather|Sandstorm|[upkeep]","|-damage|p2a: Suicune|276/401|[from] Sandstorm","|-heal|p2a: Suicune|301/401|[from] item: Leftovers","|-heal|p1a: Claydol|192/317|[from] item: Leftovers","|upkeep","|turn|28","||adding 10 for new turn","|","|t:|1752961896","|move|p2a: Suicune|Surf|p1a: Claydol","|-supereffective|p1a: Claydol","|-damage|p1a: Claydol|0 fnt","|faint|p1a: Claydol","||adding 5 to each for mid turn request","|","|t:|1752961904","|switch|p1a: Blissey|Blissey, F|661/661","|-damage|p1a: Blissey|496/661|[from] Spikes","|","|-weather|Sandstorm|[upkeep]","|-damage|p2a: Suicune|276/401|[from] Sandstorm","|-damage|p1a: Blissey|455/661|[from] Sandstorm","|-heal|p2a: Suicune|301/401|[from] item: Leftovers","|-heal|p1a: Blissey|496/661|[from] item: Leftovers","|upkeep","|turn|29","||adding 10 for new turn","|","|t:|1752961911","|move|p2a: Suicune|Calm Mind|p2a: Suicune","|-boost|p2a: Suicune|spa|1","|-boost|p2a: Suicune|spd|1","|move|p1a: Blissey|Seismic Toss|p2a: Suicune","|-damage|p2a: Suicune|201/401","|","|-weather|Sandstorm|[upkeep]","|-damage|p2a: Suicune|176/401|[from] Sandstorm","|-damage|p1a: Blissey|455/661|[from] Sandstorm","|-heal|p2a: Suicune|201/401|[from] item: Leftovers","|-heal|p1a: Blissey|496/661|[from] item: Leftovers","|upkeep","|turn|30","||adding 10 for new turn","|","|t:|1752961919","|move|p2a: Suicune|Ice Beam|p1a: Blissey","|-damage|p1a: Blissey|417/661","|move|p1a: Blissey|Seismic Toss|p2a: Suicune","|-damage|p2a: Suicune|101/401","|","|-weather|Sandstorm|[upkeep]","|-damage|p2a: Suicune|76/401|[from] Sandstorm","|-damage|p1a: Blissey|376/661|[from] Sandstorm","|-heal|p2a: Suicune|101/401|[from] item: Leftovers","|-heal|p1a: Blissey|417/661|[from] item: Leftovers","|upkeep","|turn|31","||adding 10 for new turn","|","|t:|1752961927","|move|p2a: Suicune|Rest|p2a: Suicune","|-status|p2a: Suicune|slp|[from] move: Rest","|-heal|p2a: Suicune|401/401 slp|[silent]","|move|p1a: Blissey|Soft-Boiled|p1a: Blissey","|-heal|p1a: Blissey|661/661","|","|-weather|Sandstorm|[upkeep]","|-damage|p2a: Suicune|376/401 slp|[from] Sandstorm","|-damage|p1a: Blissey|620/661|[from] Sandstorm","|-heal|p2a: Suicune|401/401 slp|[from] item: Leftovers","|-heal|p1a: Blissey|661/661|[from] item: Leftovers","|upkeep","|turn|32","||adding 10 for new turn","|","|t:|1752961935","|switch|p1a: Skarmory|Skarmory, M|93/333 par","|cant|p2a: Suicune|slp","|","|-weather|Sandstorm|[upkeep]","|-damage|p2a: Suicune|376/401 slp|[from] Sandstorm","|-heal|p2a: Suicune|401/401 slp|[from] item: Leftovers","|-heal|p1a: Skarmory|113/333 par|[from] item: Leftovers","|upkeep","|turn|33","||adding 10 for new turn","|","|t:|1752961939","|cant|p2a: Suicune|slp","|move|p1a: Skarmory|Roar|p2a: Suicune","|drag|p2a: Forretress|Forretress, M|78/354","|-damage|p2a: Forretress|0 fnt|[from] Spikes","|faint|p2a: Forretress","||adding 5 to each for mid turn request","|","|t:|1752961943","|switch|p2a: Suicune|Suicune|401/401 slp","|-damage|p2a: Suicune|301/401 slp|[from] Spikes","|-ability|p2a: Suicune|Pressure|[silent]","|","|-weather|Sandstorm|[upkeep]","|-damage|p2a: Suicune|276/401 slp|[from] Sandstorm","|-heal|p2a: Suicune|301/401 slp|[from] item: Leftovers","|-heal|p1a: Skarmory|133/333 par|[from] item: Leftovers","|upkeep","|turn|34","||adding 10 for new turn","|","|t:|1752961947","|-curestatus|p2a: Suicune|slp|[msg]","|move|p2a: Suicune|Surf|p1a: Skarmory","|-damage|p1a: Skarmory|40/333 par","|move|p1a: Skarmory|Toxic|p2a: Suicune","|-status|p2a: Suicune|tox","|","|-weather|Sandstorm|[upkeep]","|-damage|p2a: Suicune|276/401 tox|[from] Sandstorm","|-heal|p2a: Suicune|301/401 tox|[from] item: Leftovers","|-damage|p2a: Suicune|276/401 tox|[from] psn","|-heal|p1a: Skarmory|60/333 par|[from] item: Leftovers","|upkeep","|turn|35","||adding 10 for new turn","|","|t:|1752961951","|switch|p1a: Blissey|Blissey, F|661/661","|-damage|p1a: Blissey|496/661|[from] Spikes","|move|p2a: Suicune|Surf|p1a: Blissey","|-damage|p1a: Blissey|419/661","|","|-weather|Sandstorm|[upkeep]","|-damage|p2a: Suicune|251/401 tox|[from] Sandstorm","|-damage|p1a: Blissey|378/661|[from] Sandstorm","|-heal|p2a: Suicune|276/401 tox|[from] item: Leftovers","|-damage|p2a: Suicune|226/401 tox|[from] psn","|-heal|p1a: Blissey|419/661|[from] item: Leftovers","|upkeep","|turn|36","||adding 10 for new turn","|","|t:|1752961959","|move|p2a: Suicune|Rest|p2a: Suicune","|-status|p2a: Suicune|slp|[from] move: Rest","|-heal|p2a: Suicune|401/401 slp|[silent]","|move|p1a: Blissey|Soft-Boiled|p1a: Blissey","|-heal|p1a: Blissey|661/661","|","|-weather|Sandstorm|[upkeep]","|-damage|p2a: Suicune|376/401 slp|[from] Sandstorm","|-damage|p1a: Blissey|620/661|[from] Sandstorm","|-heal|p2a: Suicune|401/401 slp|[from] item: Leftovers","|-heal|p1a: Blissey|661/661|[from] item: Leftovers","|upkeep","|turn|37","||adding 10 for new turn","|","|t:|1752961967","|switch|p2a: Blissey|Blissey, F|617/714","|-damage|p2a: Blissey|439/714|[from] Spikes","|move|p1a: Blissey|Seismic Toss|p2a: Blissey","|-damage|p2a: Blissey|339/714","|","|-weather|Sandstorm|[upkeep]","|-damage|p1a: Blissey|620/661|[from] Sandstorm","|-damage|p2a: Blissey|295/714|[from] Sandstorm","|-heal|p1a: Blissey|661/661|[from] item: Leftovers","|-heal|p2a: Blissey|339/714|[from] item: Leftovers","|upkeep","|turn|38","||adding 10 for new turn","|","|t:|1752961975","|move|p1a: Blissey|Ice Beam|p2a: Blissey","|-damage|p2a: Blissey|283/714","|move|p2a: Blissey|Soft-Boiled|p2a: Blissey","|-heal|p2a: Blissey|640/714","|","|-weather|Sandstorm|[upkeep]","|-damage|p1a: Blissey|620/661|[from] Sandstorm","|-damage|p2a: Blissey|596/714|[from] Sandstorm","|-heal|p1a: Blissey|661/661|[from] item: Leftovers","|-heal|p2a: Blissey|640/714|[from] item: Leftovers","|upkeep","|turn|39","||adding 10 for new turn","|","|t:|1752961980","|move|p1a: Blissey|Ice Beam|p2a: Blissey","|-damage|p2a: Blissey|585/714","|move|p2a: Blissey|Aromatherapy|p2a: Blissey","|-cureteam|p2a: Blissey|[from] move: Aromatherapy","|","|-weather|Sandstorm|[upkeep]","|-damage|p1a: Blissey|620/661|[from] Sandstorm","|-damage|p2a: Blissey|541/714|[from] Sandstorm","|-heal|p1a: Blissey|661/661|[from] item: Leftovers","|-heal|p2a: Blissey|585/714|[from] item: Leftovers","|upkeep","|turn|40","||adding 10 for new turn","|","|t:|1752961984","|move|p1a: Blissey|Thunder Wave|p2a: Blissey","|-status|p2a: Blissey|par","|move|p2a: Blissey|Soft-Boiled|p2a: Blissey","|-heal|p2a: Blissey|714/714 par","|","|-weather|Sandstorm|[upkeep]","|-damage|p1a: Blissey|620/661|[from] Sandstorm","|-damage|p2a: Blissey|670/714 par|[from] Sandstorm","|-heal|p1a: Blissey|661/661|[from] item: Leftovers","|-heal|p2a: Blissey|714/714 par|[from] item: Leftovers","|upkeep","|turn|41","||adding 10 for new turn","|","|t:|1752961988","|move|p1a: Blissey|Seismic Toss|p2a: Blissey","|-damage|p2a: Blissey|614/714 par","|move|p2a: Blissey|Seismic Toss|p1a: Blissey","|-damage|p1a: Blissey|561/661","|","|-weather|Sandstorm|[upkeep]","|-damage|p1a: Blissey|520/661|[from] Sandstorm","|-damage|p2a: Blissey|570/714 par|[from] Sandstorm","|-heal|p1a: Blissey|561/661|[from] item: Leftovers","|-heal|p2a: Blissey|614/714 par|[from] item: Leftovers","|upkeep","|turn|42","||adding 10 for new turn","|","|t:|1752961993","|move|p1a: Blissey|Soft-Boiled|p1a: Blissey","|-heal|p1a: Blissey|661/661","|move|p2a: Blissey|Thunder Wave|p1a: Blissey","|-status|p1a: Blissey|par","|","|-weather|Sandstorm|[upkeep]","|-damage|p2a: Blissey|570/714 par|[from] Sandstorm","|-damage|p1a: Blissey|620/661 par|[from] Sandstorm","|-heal|p2a: Blissey|614/714 par|[from] item: Leftovers","|-heal|p1a: Blissey|661/661 par|[from] item: Leftovers","|upkeep","|turn|43","||adding 10 for new turn","|","|t:|1752961997","|move|p1a: Blissey|Seismic Toss|p2a: Blissey","|-damage|p2a: Blissey|514/714 par","|move|p2a: Blissey|Seismic Toss|p1a: Blissey","|-damage|p1a: Blissey|561/661 par","|","|-weather|Sandstorm|[upkeep]","|-damage|p2a: Blissey|470/714 par|[from] Sandstorm","|-damage|p1a: Blissey|520/661 par|[from] Sandstorm","|-heal|p1a: Blissey|561/661 par|[from] item: Leftovers","|-heal|p2a: Blissey|514/714 par|[from] item: Leftovers","|upkeep","|turn|44","||adding 10 for new turn","|","|t:|1752962002","|move|p1a: Blissey|Soft-Boiled|p1a: Blissey","|-heal|p1a: Blissey|661/661 par","|move|p2a: Blissey|Soft-Boiled|p2a: Blissey","|-heal|p2a: Blissey|714/714 par","|","|-weather|Sandstorm|[upkeep]","|-damage|p2a: Blissey|670/714 par|[from] Sandstorm","|-damage|p1a: Blissey|620/661 par|[from] Sandstorm","|-heal|p2a: Blissey|714/714 par|[from] item: Leftovers","|-heal|p1a: Blissey|661/661 par|[from] item: Leftovers","|upkeep","|turn|45","||adding 10 for new turn","|","|t:|1752962007","|move|p2a: Blissey|Seismic Toss|p1a: Blissey","|-damage|p1a: Blissey|561/661 par","|move|p1a: Blissey|Seismic Toss|p2a: Blissey","|-damage|p2a: Blissey|614/714 par","|","|-weather|Sandstorm|[upkeep]","|-damage|p2a: Blissey|570/714 par|[from] Sandstorm","|-damage|p1a: Blissey|520/661 par|[from] Sandstorm","|-heal|p1a: Blissey|561/661 par|[from] item: Leftovers","|-heal|p2a: Blissey|614/714 par|[from] item: Leftovers","|upkeep","|turn|46","||adding 10 for new turn","|","|t:|1752962011","|move|p2a: Blissey|Seismic Toss|p1a: Blissey","|-damage|p1a: Blissey|461/661 par","|move|p1a: Blissey|Soft-Boiled|p1a: Blissey","|-heal|p1a: Blissey|661/661 par","|","|-weather|Sandstorm|[upkeep]","|-damage|p2a: Blissey|570/714 par|[from] Sandstorm","|-damage|p1a: Blissey|620/661 par|[from] Sandstorm","|-heal|p2a: Blissey|614/714 par|[from] item: Leftovers","|-heal|p1a: Blissey|661/661 par|[from] item: Leftovers","|upkeep","|turn|47","||adding 10 for new turn","|","|t:|1752962016","|move|p1a: Blissey|Seismic Toss|p2a: Blissey","|-damage|p2a: Blissey|514/714 par","|cant|p2a: Blissey|par","|","|-weather|Sandstorm|[upkeep]","|-damage|p2a: Blissey|470/714 par|[from] Sandstorm","|-damage|p1a: Blissey|620/661 par|[from] Sandstorm","|-heal|p2a: Blissey|514/714 par|[from] item: Leftovers","|-heal|p1a: Blissey|661/661 par|[from] item: Leftovers","|upkeep","|turn|48","||adding 10 for new turn","|","|t:|1752962021","|move|p1a: Blissey|Seismic Toss|p2a: Blissey","|-damage|p2a: Blissey|414/714 par","|move|p2a: Blissey|Soft-Boiled|p2a: Blissey","|-heal|p2a: Blissey|714/714 par","|","|-weather|Sandstorm|[upkeep]","|-damage|p2a: Blissey|670/714 par|[from] Sandstorm","|-damage|p1a: Blissey|620/661 par|[from] Sandstorm","|-heal|p1a: Blissey|661/661 par|[from] item: Leftovers","|-heal|p2a: Blissey|714/714 par|[from] item: Leftovers","|upkeep","|turn|49","||adding 10 for new turn","|","|t:|1752962025","|cant|p1a: Blissey|par","|move|p2a: Blissey|Seismic Toss|p1a: Blissey","|-damage|p1a: Blissey|561/661 par","|","|-weather|Sandstorm|[upkeep]","|-damage|p1a: Blissey|520/661 par|[from] Sandstorm","|-damage|p2a: Blissey|670/714 par|[from] Sandstorm","|-heal|p2a: Blissey|714/714 par|[from] item: Leftovers","|-heal|p1a: Blissey|561/661 par|[from] item: Leftovers","|upkeep","|turn|50","||adding 10 for new turn","|","|t:|1752962030","|cant|p1a: Blissey|par","|move|p2a: Blissey|Seismic Toss|p1a: Blissey","|-damage|p1a: Blissey|461/661 par","|","|-weather|Sandstorm|[upkeep]","|-damage|p2a: Blissey|670/714 par|[from] Sandstorm","|-damage|p1a: Blissey|420/661 par|[from] Sandstorm","|-heal|p2a: Blissey|714/714 par|[from] item: Leftovers","|-heal|p1a: Blissey|461/661 par|[from] item: Leftovers","|upkeep","|turn|51","||adding 10 for new turn","|","|t:|1752962034","|-curestatus|p2a: Blissey|par|[from] ability: Natural Cure","|switch|p2a: Suicune|Suicune|401/401","|-damage|p2a: Suicune|301/401|[from] Spikes","|-ability|p2a: Suicune|Pressure|[silent]","|move|p1a: Blissey|Soft-Boiled|p1a: Blissey","|-heal|p1a: Blissey|661/661 par","|","|-weather|Sandstorm|[upkeep]","|-damage|p2a: Suicune|276/401|[from] Sandstorm","|-damage|p1a: Blissey|620/661 par|[from] Sandstorm","|-heal|p2a: Suicune|301/401|[from] item: Leftovers","|-heal|p1a: Blissey|661/661 par|[from] item: Leftovers","|upkeep","|turn|52","||adding 10 for new turn","|","|t:|1752962039","|move|p2a: Suicune|Calm Mind|p2a: Suicune","|-boost|p2a: Suicune|spa|1","|-boost|p2a: Suicune|spd|1","|cant|p1a: Blissey|par","|","|-weather|Sandstorm|[upkeep]","|-damage|p2a: Suicune|276/401|[from] Sandstorm","|-damage|p1a: Blissey|620/661 par|[from] Sandstorm","|-heal|p2a: Suicune|301/401|[from] item: Leftovers","|-heal|p1a: Blissey|661/661 par|[from] item: Leftovers","|upkeep","|turn|53","||adding 10 for new turn","|","|t:|1752962043","|move|p2a: Suicune|Calm Mind|p2a: Suicune","|-boost|p2a: Suicune|spa|1","|-boost|p2a: Suicune|spd|1","|cant|p1a: Blissey|par","|","|-weather|Sandstorm|[upkeep]","|-damage|p2a: Suicune|276/401|[from] Sandstorm","|-damage|p1a: Blissey|620/661 par|[from] Sandstorm","|-heal|p2a: Suicune|301/401|[from] item: Leftovers","|-heal|p1a: Blissey|661/661 par|[from] item: Leftovers","|upkeep","|turn|54","||adding 10 for new turn","|","|t:|1752962047","|move|p2a: Suicune|Surf|p1a: Blissey","|-damage|p1a: Blissey|506/661 par","|move|p1a: Blissey|Seismic Toss|p2a: Suicune","|-damage|p2a: Suicune|201/401","|","|-weather|Sandstorm|[upkeep]","|-damage|p2a: Suicune|176/401|[from] Sandstorm","|-damage|p1a: Blissey|465/661 par|[from] Sandstorm","|-heal|p2a: Suicune|201/401|[from] item: Leftovers","|-heal|p1a: Blissey|506/661 par|[from] item: Leftovers","|upkeep","|turn|55","||adding 10 for new turn","|","|t:|1752962052","|move|p2a: Suicune|Surf|p1a: Blissey","|-damage|p1a: Blissey|349/661 par","|move|p1a: Blissey|Seismic Toss|p2a: Suicune","|-damage|p2a: Suicune|101/401","|","|-weather|Sandstorm|[upkeep]","|-damage|p2a: Suicune|76/401|[from] Sandstorm","|-damage|p1a: Blissey|308/661 par|[from] Sandstorm","|-heal|p2a: Suicune|101/401|[from] item: Leftovers","|-heal|p1a: Blissey|349/661 par|[from] item: Leftovers","|upkeep","|turn|56","||adding 10 for new turn","|","|t:|1752962056","|-curestatus|p1a: Blissey|par|[from] ability: Natural Cure","|switch|p1a: Skarmory|Skarmory, M|60/333 par","|move|p2a: Suicune|Rest|p2a: Suicune","|-status|p2a: Suicune|slp|[from] move: Rest","|-heal|p2a: Suicune|401/401 slp|[silent]","|","|-weather|Sandstorm|[upkeep]","|-damage|p2a: Suicune|376/401 slp|[from] Sandstorm","|-heal|p2a: Suicune|401/401 slp|[from] item: Leftovers","|-heal|p1a: Skarmory|80/333 par|[from] item: Leftovers","|upkeep","|turn|57","||adding 10 for new turn","|","|t:|1752962060","|cant|p2a: Suicune|slp","|cant|p1a: Skarmory|par","|","|-weather|Sandstorm|[upkeep]","|-damage|p2a: Suicune|376/401 slp|[from] Sandstorm","|-heal|p2a: Suicune|401/401 slp|[from] item: Leftovers","|-heal|p1a: Skarmory|100/333 par|[from] item: Leftovers","|upkeep","|turn|58","||adding 10 for new turn","|","|t:|1752962064","|cant|p2a: Suicune|slp","|move|p1a: Skarmory|Roar|p2a: Suicune","|drag|p2a: Snorlax|Snorlax, M|435/497","|-damage|p2a: Snorlax|311/497|[from] Spikes","|","|-weather|Sandstorm|[upkeep]","|-damage|p2a: Snorlax|280/497|[from] Sandstorm","|-heal|p2a: Snorlax|311/497|[from] item: Leftovers","|-heal|p1a: Skarmory|120/333 par|[from] item: Leftovers","|upkeep","|turn|59","||adding 10 for new turn","|","|t:|1752962072","|move|p2a: Snorlax|Return|p1a: Skarmory","|-resisted|p1a: Skarmory","|-damage|p1a: Skarmory|71/333 par","|cant|p1a: Skarmory|par","|","|-weather|Sandstorm|[upkeep]","|-damage|p2a: Snorlax|280/497|[from] Sandstorm","|-heal|p2a: Snorlax|311/497|[from] item: Leftovers","|-heal|p1a: Skarmory|91/333 par|[from] item: Leftovers","|upkeep","|turn|60","||adding 10 for new turn","|","|t:|1752962080","|move|p2a: Snorlax|Return|p1a: Skarmory","|-resisted|p1a: Skarmory","|-damage|p1a: Skarmory|41/333 par","|move|p1a: Skarmory|Roar|p2a: Snorlax","|drag|p2a: Blissey|Blissey, F|714/714","|-damage|p2a: Blissey|536/714|[from] Spikes","|","|-weather|Sandstorm|[upkeep]","|-damage|p2a: Blissey|492/714|[from] Sandstorm","|-heal|p2a: Blissey|536/714|[from] item: Leftovers","|-heal|p1a: Skarmory|61/333 par|[from] item: Leftovers","|upkeep","|turn|61","||adding 10 for new turn","|","|t:|1752962084","|move|p2a: Blissey|Seismic Toss|p1a: Skarmory","|-damage|p1a: Skarmory|0 fnt","|faint|p1a: Skarmory","||adding 5 to each for mid turn request","|","|t:|1752962088","|switch|p1a: Blissey|Blissey, F|349/661","|-damage|p1a: Blissey|184/661|[from] Spikes","|","|-weather|Sandstorm|[upkeep]","|-damage|p1a: Blissey|143/661|[from] Sandstorm","|-damage|p2a: Blissey|492/714|[from] Sandstorm","|-heal|p1a: Blissey|184/661|[from] item: Leftovers","|-heal|p2a: Blissey|536/714|[from] item: Leftovers","|upkeep","|turn|62","||adding 10 for new turn","|","|t:|1752962093","|move|p1a: Blissey|Soft-Boiled|p1a: Blissey","|-heal|p1a: Blissey|514/661","|move|p2a: Blissey|Thunder Wave|p1a: Blissey","|-status|p1a: Blissey|par","|","|-weather|Sandstorm|[upkeep]","|-damage|p2a: Blissey|492/714|[from] Sandstorm","|-damage|p1a: Blissey|473/661 par|[from] Sandstorm","|-heal|p2a: Blissey|536/714|[from] item: Leftovers","|-heal|p1a: Blissey|514/661 par|[from] item: Leftovers","|upkeep","|turn|63","||adding 10 for new turn","|","|t:|1752962097","|move|p2a: Blissey|Soft-Boiled|p2a: Blissey","|-heal|p2a: Blissey|714/714","|move|p1a: Blissey|Soft-Boiled|p1a: Blissey","|-heal|p1a: Blissey|661/661 par","|","|-weather|Sandstorm|[upkeep]","|-damage|p2a: Blissey|670/714|[from] Sandstorm","|-damage|p1a: Blissey|620/661 par|[from] Sandstorm","|-heal|p2a: Blissey|714/714|[from] item: Leftovers","|-heal|p1a: Blissey|661/661 par|[from] item: Leftovers","|upkeep","|turn|64","||adding 10 for new turn","|","|t:|1752962101","|switch|p2a: Suicune|Suicune|401/401 slp","|-damage|p2a: Suicune|301/401 slp|[from] Spikes","|-ability|p2a: Suicune|Pressure|[silent]","|cant|p1a: Blissey|par","|","|-weather|Sandstorm|[upkeep]","|-damage|p2a: Suicune|276/401 slp|[from] Sandstorm","|-damage|p1a: Blissey|620/661 par|[from] Sandstorm","|-heal|p2a: Suicune|301/401 slp|[from] item: Leftovers","|-heal|p1a: Blissey|661/661 par|[from] item: Leftovers","|upkeep","|turn|65","||adding 10 for new turn","|","|t:|1752962105","|-curestatus|p2a: Suicune|slp|[msg]","|move|p2a: Suicune|Calm Mind|p2a: Suicune","|-boost|p2a: Suicune|spa|1","|-boost|p2a: Suicune|spd|1","|move|p1a: Blissey|Thunder Wave|p2a: Suicune","|-status|p2a: Suicune|par","|","|-weather|Sandstorm|[upkeep]","|-damage|p2a: Suicune|276/401 par|[from] Sandstorm","|-damage|p1a: Blissey|620/661 par|[from] Sandstorm","|-heal|p2a: Suicune|301/401 par|[from] item: Leftovers","|-heal|p1a: Blissey|661/661 par|[from] item: Leftovers","|upkeep","|turn|66","||adding 10 for new turn","|","|t:|1752962110","|move|p2a: Suicune|Calm Mind|p2a: Suicune","|-boost|p2a: Suicune|spa|1","|-boost|p2a: Suicune|spd|1","|move|p1a: Blissey|Seismic Toss|p2a: Suicune","|-damage|p2a: Suicune|201/401 par","|","|-weather|Sandstorm|[upkeep]","|-damage|p2a: Suicune|176/401 par|[from] Sandstorm","|-damage|p1a: Blissey|620/661 par|[from] Sandstorm","|-heal|p2a: Suicune|201/401 par|[from] item: Leftovers","|-heal|p1a: Blissey|661/661 par|[from] item: Leftovers","|upkeep","|turn|67","||adding 10 for new turn","|","|t:|1752962114","|move|p2a: Suicune|Rest|p2a: Suicune","|-status|p2a: Suicune|slp|[from] move: Rest","|-heal|p2a: Suicune|401/401 slp|[silent]","|move|p1a: Blissey|Seismic Toss|p2a: Suicune","|-damage|p2a: Suicune|301/401 slp","|","|-weather|Sandstorm|[upkeep]","|-damage|p2a: Suicune|276/401 slp|[from] Sandstorm","|-damage|p1a: Blissey|620/661 par|[from] Sandstorm","|-heal|p2a: Suicune|301/401 slp|[from] item: Leftovers","|-heal|p1a: Blissey|661/661 par|[from] item: Leftovers","|upkeep","|turn|68","||adding 10 for new turn","|","|t:|1752962118","|cant|p2a: Suicune|slp","|move|p1a: Blissey|Seismic Toss|p2a: Suicune","|-damage|p2a: Suicune|201/401 slp","|","|-weather|Sandstorm|[upkeep]","|-damage|p2a: Suicune|176/401 slp|[from] Sandstorm","|-damage|p1a: Blissey|620/661 par|[from] Sandstorm","|-heal|p2a: Suicune|201/401 slp|[from] item: Leftovers","|-heal|p1a: Blissey|661/661 par|[from] item: Leftovers","|upkeep","|turn|69","||adding 10 for new turn","|","|t:|1752962123","|cant|p2a: Suicune|slp","|move|p1a: Blissey|Ice Beam|p2a: Suicune","|-resisted|p2a: Suicune","|-damage|p2a: Suicune|186/401 slp","|","|-weather|Sandstorm|[upkeep]","|-damage|p2a: Suicune|161/401 slp|[from] Sandstorm","|-damage|p1a: Blissey|620/661 par|[from] Sandstorm","|-heal|p2a: Suicune|186/401 slp|[from] item: Leftovers","|-heal|p1a: Blissey|661/661 par|[from] item: Leftovers","|upkeep","|turn|70","||adding 10 for new turn","|","|t:|1752962127","|-curestatus|p2a: Suicune|slp|[msg]","|move|p2a: Suicune|Calm Mind|p2a: Suicune","|-boost|p2a: Suicune|spa|1","|-boost|p2a: Suicune|spd|1","|move|p1a: Blissey|Thunder Wave|p2a: Suicune","|-status|p2a: Suicune|par","|","|-weather|Sandstorm|[upkeep]","|-damage|p2a: Suicune|161/401 par|[from] Sandstorm","|-damage|p1a: Blissey|620/661 par|[from] Sandstorm","|-heal|p2a: Suicune|186/401 par|[from] item: Leftovers","|-heal|p1a: Blissey|661/661 par|[from] item: Leftovers","|upkeep","|turn|71","||adding 10 for new turn","|","|t:|1752962131","|cant|p2a: Suicune|par","|cant|p1a: Blissey|par","|","|-weather|Sandstorm|[upkeep]","|-damage|p2a: Suicune|161/401 par|[from] Sandstorm","|-damage|p1a: Blissey|620/661 par|[from] Sandstorm","|-heal|p2a: Suicune|186/401 par|[from] item: Leftovers","|-heal|p1a: Blissey|661/661 par|[from] item: Leftovers","|upkeep","|turn|72","||adding 10 for new turn","|","|t:|1752962136","|move|p2a: Suicune|Rest|p2a: Suicune","|-status|p2a: Suicune|slp|[from] move: Rest","|-heal|p2a: Suicune|401/401 slp|[silent]","|move|p1a: Blissey|Seismic Toss|p2a: Suicune","|-damage|p2a: Suicune|301/401 slp","|","|-weather|Sandstorm|[upkeep]","|-damage|p2a: Suicune|276/401 slp|[from] Sandstorm","|-damage|p1a: Blissey|620/661 par|[from] Sandstorm","|-heal|p2a: Suicune|301/401 slp|[from] item: Leftovers","|-heal|p1a: Blissey|661/661 par|[from] item: Leftovers","|upkeep","|turn|73","||adding 10 for new turn","|","|t:|1752962140","|cant|p2a: Suicune|slp","|cant|p1a: Blissey|par","|","|-weather|Sandstorm|[upkeep]","|-damage|p2a: Suicune|276/401 slp|[from] Sandstorm","|-damage|p1a: Blissey|620/661 par|[from] Sandstorm","|-heal|p2a: Suicune|301/401 slp|[from] item: Leftovers","|-heal|p1a: Blissey|661/661 par|[from] item: Leftovers","|upkeep","|turn|74","||adding 10 for new turn","|","|t:|1752962144","|cant|p2a: Suicune|slp","|move|p1a: Blissey|Seismic Toss|p2a: Suicune","|-damage|p2a: Suicune|201/401 slp","|","|-weather|Sandstorm|[upkeep]","|-damage|p2a: Suicune|176/401 slp|[from] Sandstorm","|-damage|p1a: Blissey|620/661 par|[from] Sandstorm","|-heal|p2a: Suicune|201/401 slp|[from] item: Leftovers","|-heal|p1a: Blissey|661/661 par|[from] item: Leftovers","|upkeep","|turn|75","||adding 10 for new turn","|","|t:|1752962148","|-curestatus|p2a: Suicune|slp|[msg]","|move|p2a: Suicune|Surf|p1a: Blissey","|-damage|p1a: Blissey|478/661 par","|move|p1a: Blissey|Thunder Wave|p2a: Suicune","|-status|p2a: Suicune|par","|","|-weather|Sandstorm|[upkeep]","|-damage|p2a: Suicune|176/401 par|[from] Sandstorm","|-damage|p1a: Blissey|437/661 par|[from] Sandstorm","|-heal|p2a: Suicune|201/401 par|[from] item: Leftovers","|-heal|p1a: Blissey|478/661 par|[from] item: Leftovers","|upkeep","|turn|76","||adding 10 for new turn","|","|t:|1752962153","|move|p2a: Suicune|Rest|p2a: Suicune","|-status|p2a: Suicune|slp|[from] move: Rest","|-heal|p2a: Suicune|401/401 slp|[silent]","|move|p1a: Blissey|Soft-Boiled|p1a: Blissey","|-heal|p1a: Blissey|661/661 par","|","|-weather|Sandstorm|[upkeep]","|-damage|p2a: Suicune|376/401 slp|[from] Sandstorm","|-damage|p1a: Blissey|620/661 par|[from] Sandstorm","|-heal|p2a: Suicune|401/401 slp|[from] item: Leftovers","|-heal|p1a: Blissey|661/661 par|[from] item: Leftovers","|upkeep","|turn|77","||adding 10 for new turn","|","|t:|1752962157","|-curestatus|p1a: Blissey|par|[from] ability: Natural Cure","|switch|p1a: Milotic|Milotic, F|293/393 par","|-damage|p1a: Milotic|195/393 par|[from] Spikes","|cant|p2a: Suicune|slp","|","|-weather|Sandstorm|[upkeep]","|-damage|p2a: Suicune|376/401 slp|[from] Sandstorm","|-damage|p1a: Milotic|171/393 par|[from] Sandstorm","|-heal|p2a: Suicune|401/401 slp|[from] item: Leftovers","|-heal|p1a: Milotic|195/393 par|[from] item: Leftovers","|upkeep","|turn|78","||adding 10 for new turn","|","|t:|1752962165","|cant|p2a: Suicune|slp","|move|p1a: Milotic|Recover|p1a: Milotic","|-heal|p1a: Milotic|391/393 par","|","|-weather|Sandstorm|[upkeep]","|-damage|p2a: Suicune|376/401 slp|[from] Sandstorm","|-damage|p1a: Milotic|367/393 par|[from] Sandstorm","|-heal|p2a: Suicune|401/401 slp|[from] item: Leftovers","|-heal|p1a: Milotic|391/393 par|[from] item: Leftovers","|upkeep","|turn|79","||adding 10 for new turn","|","|t:|1752962172","|-curestatus|p2a: Suicune|slp|[msg]","|move|p2a: Suicune|Calm Mind|p2a: Suicune","|-boost|p2a: Suicune|spa|1","|-boost|p2a: Suicune|spd|1","|move|p1a: Milotic|Refresh|p1a: Milotic","|-curestatus|p1a: Milotic|par|[msg]","|","|-weather|Sandstorm|[upkeep]","|-damage|p1a: Milotic|367/393|[from] Sandstorm","|-damage|p2a: Suicune|376/401|[from] Sandstorm","|-heal|p1a: Milotic|391/393|[from] item: Leftovers","|-heal|p2a: Suicune|401/401|[from] item: Leftovers","|upkeep","|turn|80","||adding 10 for new turn","|","|t:|1752962177","|move|p1a: Milotic|Toxic|p2a: Suicune|[miss]","|-miss|p1a: Milotic|p2a: Suicune","|move|p2a: Suicune|Ice Beam|p1a: Milotic","|-resisted|p1a: Milotic","|-damage|p1a: Milotic|308/393","|","|-weather|Sandstorm|[upkeep]","|-damage|p1a: Milotic|284/393|[from] Sandstorm","|-damage|p2a: Suicune|376/401|[from] Sandstorm","|-heal|p1a: Milotic|308/393|[from] item: Leftovers","|-heal|p2a: Suicune|401/401|[from] item: Leftovers","|upkeep","|turn|81","||adding 10 for new turn","|","|t:|1752962181","|move|p2a: Suicune|Ice Beam|p1a: Milotic","|-resisted|p1a: Milotic","|-damage|p1a: Milotic|230/393","|move|p1a: Milotic|Toxic|p2a: Suicune","|-status|p2a: Suicune|tox","|","|-weather|Sandstorm|[upkeep]","|-damage|p2a: Suicune|376/401 tox|[from] Sandstorm","|-damage|p1a: Milotic|206/393|[from] Sandstorm","|-heal|p1a: Milotic|230/393|[from] item: Leftovers","|-heal|p2a: Suicune|401/401 tox|[from] item: Leftovers","|-damage|p2a: Suicune|376/401 tox|[from] psn","|upkeep","|turn|82","||adding 10 for new turn","|","|t:|1752962185","|move|p1a: Milotic|Recover|p1a: Milotic","|-heal|p1a: Milotic|393/393","|move|p2a: Suicune|Rest|p2a: Suicune","|-status|p2a: Suicune|slp|[from] move: Rest","|-heal|p2a: Suicune|401/401 slp|[silent]","|","|-weather|Sandstorm|[upkeep]","|-damage|p2a: Suicune|376/401 slp|[from] Sandstorm","|-damage|p1a: Milotic|369/393|[from] Sandstorm","|-heal|p2a: Suicune|401/401 slp|[from] item: Leftovers","|-heal|p1a: Milotic|393/393|[from] item: Leftovers","|upkeep","|turn|83","||adding 10 for new turn","|","|t:|1752962189","|cant|p2a: Suicune|slp","|move|p1a: Milotic|Surf|p2a: Suicune","|-resisted|p2a: Suicune","|-damage|p2a: Suicune|384/401 slp","|","|-weather|Sandstorm|[upkeep]","|-damage|p2a: Suicune|359/401 slp|[from] Sandstorm","|-damage|p1a: Milotic|369/393|[from] Sandstorm","|-heal|p2a: Suicune|384/401 slp|[from] item: Leftovers","|-heal|p1a: Milotic|393/393|[from] item: Leftovers","|upkeep","|turn|84","||adding 10 for new turn","|","|t:|1752962194","|move|p1a: Milotic|Surf|p2a: Suicune","|-resisted|p2a: Suicune","|-damage|p2a: Suicune|367/401 slp","|cant|p2a: Suicune|slp","|","|-weather|Sandstorm|[upkeep]","|-damage|p1a: Milotic|369/393|[from] Sandstorm","|-damage|p2a: Suicune|342/401 slp|[from] Sandstorm","|-heal|p1a: Milotic|393/393|[from] item: Leftovers","|-heal|p2a: Suicune|367/401 slp|[from] item: Leftovers","|upkeep","|turn|85","||adding 10 for new turn","|","|t:|1752962198","|move|p1a: Milotic|Toxic||[still]","|-fail|p1a: Milotic","|-curestatus|p2a: Suicune|slp|[msg]","|move|p2a: Suicune|Surf|p1a: Milotic","|-resisted|p1a: Milotic","|-damage|p1a: Milotic|262/393","|","|-weather|Sandstorm|[upkeep]","|-damage|p2a: Suicune|342/401|[from] Sandstorm","|-damage|p1a: Milotic|238/393|[from] Sandstorm","|-heal|p1a: Milotic|262/393|[from] item: Leftovers","|-heal|p2a: Suicune|367/401|[from] item: Leftovers","|upkeep","|turn|86","||adding 10 for new turn","|","|t:|1752962202","|move|p2a: Suicune|Surf|p1a: Milotic","|-resisted|p1a: Milotic","|-damage|p1a: Milotic|141/393","|move|p1a: Milotic|Toxic|p2a: Suicune","|-status|p2a: Suicune|tox","|","|-weather|Sandstorm|[upkeep]","|-damage|p1a: Milotic|117/393|[from] Sandstorm","|-damage|p2a: Suicune|342/401 tox|[from] Sandstorm","|-heal|p1a: Milotic|141/393|[from] item: Leftovers","|-heal|p2a: Suicune|367/401 tox|[from] item: Leftovers","|-damage|p2a: Suicune|342/401 tox|[from] psn","|upkeep","|turn|87","||adding 10 for new turn","|","|t:|1752962207","|move|p1a: Milotic|Recover|p1a: Milotic","|-heal|p1a: Milotic|337/393","|move|p2a: Suicune|Rest|p2a: Suicune","|-status|p2a: Suicune|slp|[from] move: Rest","|-heal|p2a: Suicune|401/401 slp|[silent]","|","|-weather|Sandstorm|[upkeep]","|-damage|p2a: Suicune|376/401 slp|[from] Sandstorm","|-damage|p1a: Milotic|313/393|[from] Sandstorm","|-heal|p2a: Suicune|401/401 slp|[from] item: Leftovers","|-heal|p1a: Milotic|337/393|[from] item: Leftovers","|upkeep","|turn|88","||adding 10 for new turn","|","|t:|1752962211","|cant|p2a: Suicune|slp","|move|p1a: Milotic|Recover|p1a: Milotic","|-heal|p1a: Milotic|393/393","|","|-weather|Sandstorm|[upkeep]","|-damage|p2a: Suicune|376/401 slp|[from] Sandstorm","|-damage|p1a: Milotic|369/393|[from] Sandstorm","|-heal|p1a: Milotic|393/393|[from] item: Leftovers","|-heal|p2a: Suicune|401/401 slp|[from] item: Leftovers","|upkeep","|turn|89","||adding 10 for new turn","|","|t:|1752962215","|move|p1a: Milotic|Surf|p2a: Suicune","|-resisted|p2a: Suicune","|-damage|p2a: Suicune|384/401 slp","|cant|p2a: Suicune|slp","|","|-weather|Sandstorm|[upkeep]","|-damage|p1a: Milotic|369/393|[from] Sandstorm","|-damage|p2a: Suicune|359/401 slp|[from] Sandstorm","|-heal|p1a: Milotic|393/393|[from] item: Leftovers","|-heal|p2a: Suicune|384/401 slp|[from] item: Leftovers","|upkeep","|turn|90","||adding 10 for new turn","|","|t:|1752962219","|-curestatus|p2a: Suicune|slp|[msg]","|move|p2a: Suicune|Surf|p1a: Milotic","|-resisted|p1a: Milotic","|-damage|p1a: Milotic|274/393","|move|p1a: Milotic|Toxic|p2a: Suicune|[miss]","|-miss|p1a: Milotic|p2a: Suicune","|","|-weather|Sandstorm|[upkeep]","|-damage|p2a: Suicune|359/401|[from] Sandstorm","|-damage|p1a: Milotic|250/393|[from] Sandstorm","|-heal|p1a: Milotic|274/393|[from] item: Leftovers","|-heal|p2a: Suicune|384/401|[from] item: Leftovers","|upkeep","|turn|91","||adding 10 for new turn","|","|t:|1752962224","|move|p1a: Milotic|Recover|p1a: Milotic","|-heal|p1a: Milotic|393/393","|move|p2a: Suicune|Surf|p1a: Milotic","|-resisted|p1a: Milotic","|-damage|p1a: Milotic|274/393","|","|-weather|Sandstorm|[upkeep]","|-damage|p2a: Suicune|359/401|[from] Sandstorm","|-damage|p1a: Milotic|250/393|[from] Sandstorm","|-heal|p1a: Milotic|274/393|[from] item: Leftovers","|-heal|p2a: Suicune|384/401|[from] item: Leftovers","|upkeep","|turn|92","||adding 10 for new turn","|","|t:|1752962228","|move|p2a: Suicune|Surf|p1a: Milotic","|-resisted|p1a: Milotic","|-damage|p1a: Milotic|148/393","|move|p1a: Milotic|Recover|p1a: Milotic","|-heal|p1a: Milotic|344/393","|","|-weather|Sandstorm|[upkeep]","|-damage|p2a: Suicune|359/401|[from] Sandstorm","|-damage|p1a: Milotic|320/393|[from] Sandstorm","|-heal|p2a: Suicune|384/401|[from] item: Leftovers","|-heal|p1a: Milotic|344/393|[from] item: Leftovers","|upkeep","|turn|93","||adding 10 for new turn","|","|t:|1752962232","|move|p1a: Milotic|Toxic|p2a: Suicune|[miss]","|-miss|p1a: Milotic|p2a: Suicune","|move|p2a: Suicune|Surf|p1a: Milotic","|-resisted|p1a: Milotic","|-damage|p1a: Milotic|218/393","|","|-weather|Sandstorm|[upkeep]","|-damage|p1a: Milotic|194/393|[from] Sandstorm","|-damage|p2a: Suicune|359/401|[from] Sandstorm","|-heal|p1a: Milotic|218/393|[from] item: Leftovers","|-heal|p2a: Suicune|384/401|[from] item: Leftovers","|upkeep","|turn|94","||adding 10 for new turn","|","|t:|1752962236","|move|p2a: Suicune|Surf|p1a: Milotic","|-resisted|p1a: Milotic","|-damage|p1a: Milotic|93/393","|move|p1a: Milotic|Recover|p1a: Milotic","|-heal|p1a: Milotic|289/393","|","|-weather|Sandstorm|[upkeep]","|-damage|p1a: Milotic|265/393|[from] Sandstorm","|-damage|p2a: Suicune|359/401|[from] Sandstorm","|-heal|p2a: Suicune|384/401|[from] item: Leftovers","|-heal|p1a: Milotic|289/393|[from] item: Leftovers","|upkeep","|turn|95","||adding 10 for new turn","|","|t:|1752962241","|move|p2a: Suicune|Surf|p1a: Milotic","|-resisted|p1a: Milotic","|-damage|p1a: Milotic|153/393","|move|p1a: Milotic|Toxic|p2a: Suicune","|-status|p2a: Suicune|tox","|","|-weather|Sandstorm|[upkeep]","|-damage|p1a: Milotic|129/393|[from] Sandstorm","|-damage|p2a: Suicune|359/401 tox|[from] Sandstorm","|-heal|p1a: Milotic|153/393|[from] item: Leftovers","|-heal|p2a: Suicune|384/401 tox|[from] item: Leftovers","|-damage|p2a: Suicune|359/401 tox|[from] psn","|upkeep","|turn|96","||adding 10 for new turn","|","|t:|1752962245","|move|p1a: Milotic|Recover|p1a: Milotic","|-heal|p1a: Milotic|349/393","|move|p2a: Suicune|Rest|p2a: Suicune","|-status|p2a: Suicune|slp|[from] move: Rest","|-heal|p2a: Suicune|401/401 slp|[silent]","|","|-weather|Sandstorm|[upkeep]","|-damage|p1a: Milotic|325/393|[from] Sandstorm","|-damage|p2a: Suicune|376/401 slp|[from] Sandstorm","|-heal|p1a: Milotic|349/393|[from] item: Leftovers","|-heal|p2a: Suicune|401/401 slp|[from] item: Leftovers","|upkeep","|turn|97","||adding 10 for new turn","|","|t:|1752962249","|move|p1a: Milotic|Recover|p1a: Milotic","|-heal|p1a: Milotic|393/393","|cant|p2a: Suicune|slp","|","|-weather|Sandstorm|[upkeep]","|-damage|p2a: Suicune|376/401 slp|[from] Sandstorm","|-damage|p1a: Milotic|369/393|[from] Sandstorm","|-heal|p1a: Milotic|393/393|[from] item: Leftovers","|-heal|p2a: Suicune|401/401 slp|[from] item: Leftovers","|upkeep","|turn|98","||adding 10 for new turn","|","|t:|1752962253","|cant|p2a: Suicune|slp","|move|p1a: Milotic|Surf|p2a: Suicune","|-resisted|p2a: Suicune","|-damage|p2a: Suicune|386/401 slp","|","|-weather|Sandstorm|[upkeep]","|-damage|p1a: Milotic|369/393|[from] Sandstorm","|-damage|p2a: Suicune|361/401 slp|[from] Sandstorm","|-heal|p1a: Milotic|393/393|[from] item: Leftovers","|-heal|p2a: Suicune|386/401 slp|[from] item: Leftovers","|upkeep","|turn|99","||adding 10 for new turn","|","|t:|1752962258","|move|p1a: Milotic|Recover||[still]","|-fail|p1a: Milotic|heal","|-curestatus|p2a: Suicune|slp|[msg]","|move|p2a: Suicune|Ice Beam|p1a: Milotic","|-resisted|p1a: Milotic","|-damage|p1a: Milotic|303/393","|","|-weather|Sandstorm|[upkeep]","|-damage|p1a: Milotic|279/393|[from] Sandstorm","|-damage|p2a: Suicune|361/401|[from] Sandstorm","|-heal|p1a: Milotic|303/393|[from] item: Leftovers","|-heal|p2a: Suicune|386/401|[from] item: Leftovers","|upkeep","|turn|100","||adding 10 for new turn","|","|t:|1752962262","|move|p2a: Suicune|Rest|p2a: Suicune","|-status|p2a: Suicune|slp|[from] move: Rest","|-heal|p2a: Suicune|401/401 slp|[silent]","|move|p1a: Milotic|Recover|p1a: Milotic","|-heal|p1a: Milotic|393/393","|","|-weather|Sandstorm|[upkeep]","|-damage|p1a: Milotic|369/393|[from] Sandstorm","|-damage|p2a: Suicune|376/401 slp|[from] Sandstorm","|-heal|p1a: Milotic|393/393|[from] item: Leftovers","|-heal|p2a: Suicune|401/401 slp|[from] item: Leftovers","|upkeep","|turn|101","||adding 10 for new turn","|","|t:|1752962266","|move|p1a: Milotic|Surf|p2a: Suicune","|-resisted|p2a: Suicune","|-damage|p2a: Suicune|384/401 slp","|cant|p2a: Suicune|slp","|","|-weather|Sandstorm|[upkeep]","|-damage|p2a: Suicune|359/401 slp|[from] Sandstorm","|-damage|p1a: Milotic|369/393|[from] Sandstorm","|-heal|p2a: Suicune|384/401 slp|[from] item: Leftovers","|-heal|p1a: Milotic|393/393|[from] item: Leftovers","|upkeep","|turn|102","||adding 10 for new turn","|","|t:|1752962270","|move|p1a: Milotic|Surf|p2a: Suicune","|-resisted|p2a: Suicune","|-damage|p2a: Suicune|368/401 slp","|cant|p2a: Suicune|slp","|","|-weather|Sandstorm|[upkeep]","|-damage|p1a: Milotic|369/393|[from] Sandstorm","|-damage|p2a: Suicune|343/401 slp|[from] Sandstorm","|-heal|p2a: Suicune|368/401 slp|[from] item: Leftovers","|-heal|p1a: Milotic|393/393|[from] item: Leftovers","|upkeep","|turn|103","||adding 10 for new turn","|","|t:|1752962275","|-curestatus|p2a: Suicune|slp|[msg]","|move|p2a: Suicune|Ice Beam|p1a: Milotic","|-resisted|p1a: Milotic","|-damage|p1a: Milotic|306/393","|move|p1a: Milotic|Recover|p1a: Milotic","|-heal|p1a: Milotic|393/393","|","|-weather|Sandstorm|[upkeep]","|-damage|p1a: Milotic|369/393|[from] Sandstorm","|-damage|p2a: Suicune|343/401|[from] Sandstorm","|-heal|p2a: Suicune|368/401|[from] item: Leftovers","|-heal|p1a: Milotic|393/393|[from] item: Leftovers","|upkeep","|turn|104","||adding 10 for new turn","|","|t:|1752962279","|move|p2a: Suicune|Surf|p1a: Milotic","|-resisted|p1a: Milotic","|-damage|p1a: Milotic|264/393","|move|p1a: Milotic|Recover|p1a: Milotic","|-heal|p1a: Milotic|393/393","|","|-weather|Sandstorm|[upkeep]","|-damage|p1a: Milotic|369/393|[from] Sandstorm","|-damage|p2a: Suicune|343/401|[from] Sandstorm","|-heal|p1a: Milotic|393/393|[from] item: Leftovers","|-heal|p2a: Suicune|368/401|[from] item: Leftovers","|upkeep","|turn|105","||adding 10 for new turn","|","|t:|1752962283","|move|p2a: Suicune|Ice Beam|p1a: Milotic","|-resisted|p1a: Milotic","|-damage|p1a: Milotic|315/393","|move|p1a: Milotic|Recover|p1a: Milotic","|-heal|p1a: Milotic|393/393","|","|-weather|Sandstorm|[upkeep]","|-damage|p1a: Milotic|369/393|[from] Sandstorm","|-damage|p2a: Suicune|343/401|[from] Sandstorm","|-heal|p1a: Milotic|393/393|[from] item: Leftovers","|-heal|p2a: Suicune|368/401|[from] item: Leftovers","|upkeep","|turn|106","||adding 10 for new turn","|","|t:|1752962287","|move|p2a: Suicune|Ice Beam|p1a: Milotic","|-resisted|p1a: Milotic","|-damage|p1a: Milotic|309/393","|move|p1a: Milotic|Recover|p1a: Milotic","|-heal|p1a: Milotic|393/393","|","|-weather|Sandstorm|[upkeep]","|-damage|p2a: Suicune|343/401|[from] Sandstorm","|-damage|p1a: Milotic|369/393|[from] Sandstorm","|-heal|p2a: Suicune|368/401|[from] item: Leftovers","|-heal|p1a: Milotic|393/393|[from] item: Leftovers","|upkeep","|turn|107","||adding 10 for new turn","|","|t:|1752962292","|move|p2a: Suicune|Surf|p1a: Milotic","|-resisted|p1a: Milotic","|-damage|p1a: Milotic|257/393","|move|p1a: Milotic|Recover|p1a: Milotic","|-heal|p1a: Milotic|393/393","|","|-weather|Sandstorm|[upkeep]","|-damage|p1a: Milotic|369/393|[from] Sandstorm","|-damage|p2a: Suicune|343/401|[from] Sandstorm","|-heal|p1a: Milotic|393/393|[from] item: Leftovers","|-heal|p2a: Suicune|368/401|[from] item: Leftovers","|upkeep","|turn|108","||adding 10 for new turn","|","|t:|1752962296","|move|p2a: Suicune|Surf|p1a: Milotic","|-resisted|p1a: Milotic","|-damage|p1a: Milotic|262/393","|move|p1a: Milotic|Recover|p1a: Milotic","|-heal|p1a: Milotic|393/393","|","|-weather|Sandstorm|[upkeep]","|-damage|p2a: Suicune|343/401|[from] Sandstorm","|-damage|p1a: Milotic|369/393|[from] Sandstorm","|-heal|p1a: Milotic|393/393|[from] item: Leftovers","|-heal|p2a: Suicune|368/401|[from] item: Leftovers","|upkeep","|turn|109","||adding 10 for new turn","|","|t:|1752962300","|move|p1a: Milotic|Recover||[still]","|-fail|p1a: Milotic|heal","|move|p2a: Suicune|Surf|p1a: Milotic","|-resisted|p1a: Milotic","|-damage|p1a: Milotic|263/393","|","|-weather|Sandstorm|[upkeep]","|-damage|p1a: Milotic|239/393|[from] Sandstorm","|-damage|p2a: Suicune|343/401|[from] Sandstorm","|-heal|p2a: Suicune|368/401|[from] item: Leftovers","|-heal|p1a: Milotic|263/393|[from] item: Leftovers","|upkeep","|turn|110","||adding 10 for new turn","|","|t:|1752962304","|move|p1a: Milotic|Recover|p1a: Milotic","|-heal|p1a: Milotic|393/393","|move|p2a: Suicune|Calm Mind|p2a: Suicune","|-boost|p2a: Suicune|spa|1","|-boost|p2a: Suicune|spd|1","|","|-weather|Sandstorm|[upkeep]","|-damage|p2a: Suicune|343/401|[from] Sandstorm","|-damage|p1a: Milotic|369/393|[from] Sandstorm","|-heal|p2a: Suicune|368/401|[from] item: Leftovers","|-heal|p1a: Milotic|393/393|[from] item: Leftovers","|upkeep","|turn|111","||adding 10 for new turn","|","|t:|1752962308","|move|p2a: Suicune|Surf|p1a: Milotic","|-resisted|p1a: Milotic","|-damage|p1a: Milotic|249/393","|move|p1a: Milotic|Recover|p1a: Milotic","|-heal|p1a: Milotic|393/393","|","|-weather|Sandstorm|[upkeep]","|-damage|p1a: Milotic|369/393|[from] Sandstorm","|-damage|p2a: Suicune|343/401|[from] Sandstorm","|-heal|p1a: Milotic|393/393|[from] item: Leftovers","|-heal|p2a: Suicune|368/401|[from] item: Leftovers","|upkeep","|turn|112","||adding 10 for new turn","|","|t:|1752962312","|move|p2a: Suicune|Rest|p2a: Suicune","|-status|p2a: Suicune|slp|[from] move: Rest","|-heal|p2a: Suicune|401/401 slp|[silent]","|move|p1a: Milotic|Recover||[still]","|-fail|p1a: Milotic|heal","|","|-weather|Sandstorm|[upkeep]","|-damage|p2a: Suicune|376/401 slp|[from] Sandstorm","|-damage|p1a: Milotic|369/393|[from] Sandstorm","|-heal|p1a: Milotic|393/393|[from] item: Leftovers","|-heal|p2a: Suicune|401/401 slp|[from] item: Leftovers","|upkeep","|turn|113","||adding 10 for new turn","|","|t:|1752962317","|move|p1a: Milotic|Refresh||[still]","|-fail|p1a: Milotic","|cant|p2a: Suicune|slp","|","|-weather|Sandstorm|[upkeep]","|-damage|p1a: Milotic|369/393|[from] Sandstorm","|-damage|p2a: Suicune|376/401 slp|[from] Sandstorm","|-heal|p1a: Milotic|393/393|[from] item: Leftovers","|-heal|p2a: Suicune|401/401 slp|[from] item: Leftovers","|upkeep","|turn|114","||adding 10 for new turn","|","|t:|1752962321","|move|p1a: Milotic|Surf|p2a: Suicune","|-resisted|p2a: Suicune","|-damage|p2a: Suicune|386/401 slp","|cant|p2a: Suicune|slp","|","|-weather|Sandstorm|[upkeep]","|-damage|p2a: Suicune|361/401 slp|[from] Sandstorm","|-damage|p1a: Milotic|369/393|[from] Sandstorm","|-heal|p1a: Milotic|393/393|[from] item: Leftovers","|-heal|p2a: Suicune|386/401 slp|[from] item: Leftovers","|upkeep","|turn|115","||adding 10 for new turn","|","|t:|1752962325","|-curestatus|p2a: Suicune|slp|[msg]","|move|p2a: Suicune|Rest|p2a: Suicune","|-status|p2a: Suicune|slp|[from] move: Rest","|-heal|p2a: Suicune|401/401 slp|[silent]","|move|p1a: Milotic|Recover||[still]","|-fail|p1a: Milotic|heal","|","|-weather|Sandstorm|[upkeep]","|-damage|p1a: Milotic|369/393|[from] Sandstorm","|-damage|p2a: Suicune|376/401 slp|[from] Sandstorm","|-heal|p1a: Milotic|393/393|[from] item: Leftovers","|-heal|p2a: Suicune|401/401 slp|[from] item: Leftovers","|upkeep","|turn|116","||adding 10 for new turn","|","|t:|1752962329","|move|p1a: Milotic|Refresh||[still]","|-fail|p1a: Milotic","|cant|p2a: Suicune|slp","|","|-weather|Sandstorm|[upkeep]","|-damage|p1a: Milotic|369/393|[from] Sandstorm","|-damage|p2a: Suicune|376/401 slp|[from] Sandstorm","|-heal|p2a: Suicune|401/401 slp|[from] item: Leftovers","|-heal|p1a: Milotic|393/393|[from] item: Leftovers","|upkeep","|turn|117","||adding 10 for new turn","|","|t:|1752962333","|cant|p2a: Suicune|slp","|move|p1a: Milotic|Surf|p2a: Suicune","|-resisted|p2a: Suicune","|-damage|p2a: Suicune|386/401 slp","|","|-weather|Sandstorm|[upkeep]","|-damage|p2a: Suicune|361/401 slp|[from] Sandstorm","|-damage|p1a: Milotic|369/393|[from] Sandstorm","|-heal|p1a: Milotic|393/393|[from] item: Leftovers","|-heal|p2a: Suicune|386/401 slp|[from] item: Leftovers","|upkeep","|turn|118","||adding 10 for new turn","|","|t:|1752962338","|-curestatus|p2a: Suicune|slp|[msg]","|move|p2a: Suicune|Rest|p2a: Suicune","|-status|p2a: Suicune|slp|[from] move: Rest","|-heal|p2a: Suicune|401/401 slp|[silent]","|move|p1a: Milotic|Recover||[still]","|-fail|p1a: Milotic|heal","|","|-weather|Sandstorm|[upkeep]","|-damage|p2a: Suicune|376/401 slp|[from] Sandstorm","|-damage|p1a: Milotic|369/393|[from] Sandstorm","|-heal|p2a: Suicune|401/401 slp|[from] item: Leftovers","|-heal|p1a: Milotic|393/393|[from] item: Leftovers","|upkeep","|turn|119","||adding 10 for new turn","|","|t:|1752962342","|switch|p1a: Blissey|Blissey, F|661/661","|-damage|p1a: Blissey|496/661|[from] Spikes","|cant|p2a: Suicune|slp","|","|-weather|Sandstorm|[upkeep]","|-damage|p2a: Suicune|376/401 slp|[from] Sandstorm","|-damage|p1a: Blissey|455/661|[from] Sandstorm","|-heal|p2a: Suicune|401/401 slp|[from] item: Leftovers","|-heal|p1a: Blissey|496/661|[from] item: Leftovers","|upkeep","|turn|120","||adding 10 for new turn","|","|t:|1752962346","|cant|p2a: Suicune|slp","|move|p1a: Blissey|Seismic Toss|p2a: Suicune","|-damage|p2a: Suicune|301/401 slp","|","|-weather|Sandstorm|[upkeep]","|-damage|p2a: Suicune|276/401 slp|[from] Sandstorm","|-damage|p1a: Blissey|455/661|[from] Sandstorm","|-heal|p2a: Suicune|301/401 slp|[from] item: Leftovers","|-heal|p1a: Blissey|496/661|[from] item: Leftovers","|upkeep","|turn|121","||adding 10 for new turn","|","|t:|1752962350","|-curestatus|p2a: Suicune|slp|[msg]","|move|p2a: Suicune|Surf|p1a: Blissey","|-crit|p1a: Blissey","|-damage|p1a: Blissey|0 fnt","|faint|p1a: Blissey","||adding 5 to each for mid turn request","|","|t:|1752962354","|switch|p1a: Milotic|Milotic, F|393/393","|-damage|p1a: Milotic|295/393|[from] Spikes","|","|-weather|Sandstorm|[upkeep]","|-damage|p2a: Suicune|276/401|[from] Sandstorm","|-damage|p1a: Milotic|271/393|[from] Sandstorm","|-heal|p1a: Milotic|295/393|[from] item: Leftovers","|-heal|p2a: Suicune|301/401|[from] item: Leftovers","|upkeep","|turn|122","||adding 10 for new turn","|","|t:|1752962358","|move|p1a: Milotic|Recover|p1a: Milotic","|-heal|p1a: Milotic|393/393","|move|p2a: Suicune|Surf|p1a: Milotic","|-resisted|p1a: Milotic","|-damage|p1a: Milotic|234/393","|","|-weather|Sandstorm|[upkeep]","|-damage|p2a: Suicune|276/401|[from] Sandstorm","|-damage|p1a: Milotic|210/393|[from] Sandstorm","|-heal|p1a: Milotic|234/393|[from] item: Leftovers","|-heal|p2a: Suicune|301/401|[from] item: Leftovers","|upkeep","|turn|123","||adding 10 for new turn","|","|t:|1752962362","|move|p2a: Suicune|Surf|p1a: Milotic","|-resisted|p1a: Milotic","|-damage|p1a: Milotic|98/393","|move|p1a: Milotic|Recover|p1a: Milotic","|-heal|p1a: Milotic|294/393","|","|-weather|Sandstorm|[upkeep]","|-damage|p2a: Suicune|276/401|[from] Sandstorm","|-damage|p1a: Milotic|270/393|[from] Sandstorm","|-heal|p1a: Milotic|294/393|[from] item: Leftovers","|-heal|p2a: Suicune|301/401|[from] item: Leftovers","|upkeep","|turn|124","||adding 10 for new turn","|","|t:|1752962367","|move|p2a: Suicune|Surf|p1a: Milotic","|-resisted|p1a: Milotic","|-damage|p1a: Milotic|155/393","|move|p1a: Milotic|Recover|p1a: Milotic","|-heal|p1a: Milotic|351/393","|","|-weather|Sandstorm|[upkeep]","|-damage|p2a: Suicune|276/401|[from] Sandstorm","|-damage|p1a: Milotic|327/393|[from] Sandstorm","|-heal|p1a: Milotic|351/393|[from] item: Leftovers","|-heal|p2a: Suicune|301/401|[from] item: Leftovers","|upkeep","|turn|125","||adding 10 for new turn","|","|t:|1752962371","|move|p2a: Suicune|Rest|p2a: Suicune","|-status|p2a: Suicune|slp|[from] move: Rest","|-heal|p2a: Suicune|401/401 slp|[silent]","|move|p1a: Milotic|Recover|p1a: Milotic","|-heal|p1a: Milotic|393/393","|","|-weather|Sandstorm|[upkeep]","|-damage|p2a: Suicune|376/401 slp|[from] Sandstorm","|-damage|p1a: Milotic|369/393|[from] Sandstorm","|-heal|p2a: Suicune|401/401 slp|[from] item: Leftovers","|-heal|p1a: Milotic|393/393|[from] item: Leftovers","|upkeep","|turn|126","||adding 10 for new turn","|","|t:|1752962375","|cant|p2a: Suicune|slp","|move|p1a: Milotic|Refresh||[still]","|-fail|p1a: Milotic","|","|-weather|Sandstorm|[upkeep]","|-damage|p2a: Suicune|376/401 slp|[from] Sandstorm","|-damage|p1a: Milotic|369/393|[from] Sandstorm","|-heal|p1a: Milotic|393/393|[from] item: Leftovers","|-heal|p2a: Suicune|401/401 slp|[from] item: Leftovers","|upkeep","|turn|127","||adding 10 for new turn","|","|t:|1752962379","|move|p1a: Milotic|Refresh||[still]","|-fail|p1a: Milotic","|cant|p2a: Suicune|slp","|","|-weather|Sandstorm|[upkeep]","|-damage|p2a: Suicune|376/401 slp|[from] Sandstorm","|-damage|p1a: Milotic|369/393|[from] Sandstorm","|-heal|p2a: Suicune|401/401 slp|[from] item: Leftovers","|-heal|p1a: Milotic|393/393|[from] item: Leftovers","|upkeep","|turn|128","||adding 10 for new turn","|","|t:|1752962383","|move|p1a: Milotic|Recover||[still]","|-fail|p1a: Milotic|heal","|-curestatus|p2a: Suicune|slp|[msg]","|move|p2a: Suicune|Rest|p2a: Suicune","|-fail|p2a: Suicune|heal","|","|-weather|Sandstorm|[upkeep]","|-damage|p1a: Milotic|369/393|[from] Sandstorm","|-damage|p2a: Suicune|376/401|[from] Sandstorm","|-heal|p2a: Suicune|401/401|[from] item: Leftovers","|-heal|p1a: Milotic|393/393|[from] item: Leftovers","|upkeep","|turn|129","||adding 10 for new turn","|","|t:|1752962387","|move|p1a: Milotic|Toxic|p2a: Suicune","|-status|p2a: Suicune|tox","|move|p2a: Suicune|Rest|p2a: Suicune","|-fail|p2a: Suicune|heal","|","|-weather|Sandstorm|[upkeep]","|-damage|p2a: Suicune|376/401 tox|[from] Sandstorm","|-damage|p1a: Milotic|369/393|[from] Sandstorm","|-heal|p2a: Suicune|401/401 tox|[from] item: Leftovers","|-heal|p1a: Milotic|393/393|[from] item: Leftovers","|-damage|p2a: Suicune|376/401 tox|[from] psn","|upkeep","|turn|130","||adding 10 for new turn","|","|t:|1752962391","|switch|p2a: Blissey|Blissey, F|714/714","|-damage|p2a: Blissey|536/714|[from] Spikes","|move|p1a: Milotic|Surf|p2a: Blissey","|-damage|p2a: Blissey|445/714","|","|-weather|Sandstorm|[upkeep]","|-damage|p1a: Milotic|369/393|[from] Sandstorm","|-damage|p2a: Blissey|401/714|[from] Sandstorm","|-heal|p1a: Milotic|393/393|[from] item: Leftovers","|-heal|p2a: Blissey|445/714|[from] item: Leftovers","|upkeep","|turn|131","||adding 10 for new turn","|","|t:|1752962396","|move|p1a: Milotic|Surf|p2a: Blissey","|-damage|p2a: Blissey|355/714","|move|p2a: Blissey|Soft-Boiled|p2a: Blissey","|-heal|p2a: Blissey|712/714","|","|-weather|Sandstorm|[upkeep]","|-damage|p1a: Milotic|369/393|[from] Sandstorm","|-damage|p2a: Blissey|668/714|[from] Sandstorm","|-heal|p1a: Milotic|393/393|[from] item: Leftovers","|-heal|p2a: Blissey|712/714|[from] item: Leftovers","|upkeep","|turn|132","||adding 10 for new turn","|","|t:|1752962400","|move|p1a: Milotic|Surf|p2a: Blissey","|-damage|p2a: Blissey|631/714","|move|p2a: Blissey|Aromatherapy|p2a: Blissey","|-cureteam|p2a: Blissey|[from] move: Aromatherapy","|","|-weather|Sandstorm|[upkeep]","|-damage|p1a: Milotic|369/393|[from] Sandstorm","|-damage|p2a: Blissey|587/714|[from] Sandstorm","|-heal|p1a: Milotic|393/393|[from] item: Leftovers","|-heal|p2a: Blissey|631/714|[from] item: Leftovers","|upkeep","|turn|133","||adding 10 for new turn","|","|t:|1752962404","|switch|p2a: Suicune|Suicune|376/401","|-damage|p2a: Suicune|276/401|[from] Spikes","|-ability|p2a: Suicune|Pressure|[silent]","|move|p1a: Milotic|Refresh||[still]","|-fail|p1a: Milotic","|","|-weather|Sandstorm|[upkeep]","|-damage|p2a: Suicune|251/401|[from] Sandstorm","|-damage|p1a: Milotic|369/393|[from] Sandstorm","|-heal|p2a: Suicune|276/401|[from] item: Leftovers","|-heal|p1a: Milotic|393/393|[from] item: Leftovers","|upkeep","|turn|134","||adding 10 for new turn","|","|t:|1752962408","|move|p1a: Milotic|Surf|p2a: Suicune","|-resisted|p2a: Suicune","|-damage|p2a: Suicune|222/401","|move|p2a: Suicune|Calm Mind|p2a: Suicune","|-boost|p2a: Suicune|spa|1","|-boost|p2a: Suicune|spd|1","|","|-weather|Sandstorm|[upkeep]","|-damage|p2a: Suicune|197/401|[from] Sandstorm","|-damage|p1a: Milotic|369/393|[from] Sandstorm","|-heal|p1a: Milotic|393/393|[from] item: Leftovers","|-heal|p2a: Suicune|222/401|[from] item: Leftovers","|upkeep","|turn|135","||adding 10 for new turn","|","|t:|1752962413","|move|p1a: Milotic|Refresh||[still]","|-fail|p1a: Milotic","|move|p2a: Suicune|Calm Mind|p2a: Suicune","|-boost|p2a: Suicune|spa|1","|-boost|p2a: Suicune|spd|1","|","|-weather|Sandstorm|[upkeep]","|-damage|p1a: Milotic|369/393|[from] Sandstorm","|-damage|p2a: Suicune|197/401|[from] Sandstorm","|-heal|p1a: Milotic|393/393|[from] item: Leftovers","|-heal|p2a: Suicune|222/401|[from] item: Leftovers","|upkeep","|turn|136","||adding 10 for new turn","|","|t:|1752962417","|move|p2a: Suicune|Calm Mind|p2a: Suicune","|-boost|p2a: Suicune|spa|1","|-boost|p2a: Suicune|spd|1","|move|p1a: Milotic|Refresh||[still]","|-fail|p1a: Milotic","|","|-weather|Sandstorm|[upkeep]","|-damage|p1a: Milotic|369/393|[from] Sandstorm","|-damage|p2a: Suicune|197/401|[from] Sandstorm","|-heal|p1a: Milotic|393/393|[from] item: Leftovers","|-heal|p2a: Suicune|222/401|[from] item: Leftovers","|upkeep","|turn|137","||adding 10 for new turn","|","|t:|1752962421","|move|p1a: Milotic|Refresh||[still]","|-fail|p1a: Milotic","|move|p2a: Suicune|Calm Mind|p2a: Suicune","|-boost|p2a: Suicune|spa|1","|-boost|p2a: Suicune|spd|1","|","|-weather|Sandstorm|[upkeep]","|-damage|p2a: Suicune|197/401|[from] Sandstorm","|-damage|p1a: Milotic|369/393|[from] Sandstorm","|-heal|p1a: Milotic|393/393|[from] item: Leftovers","|-heal|p2a: Suicune|222/401|[from] item: Leftovers","|upkeep","|turn|138","||adding 10 for new turn","|","|t:|1752962425","|move|p2a: Suicune|Ice Beam|p1a: Milotic","|-resisted|p1a: Milotic","|-damage|p1a: Milotic|302/393","|move|p1a: Milotic|Refresh||[still]","|-fail|p1a: Milotic","|","|-weather|Sandstorm|[upkeep]","|-damage|p1a: Milotic|278/393|[from] Sandstorm","|-damage|p2a: Suicune|197/401|[from] Sandstorm","|-heal|p2a: Suicune|222/401|[from] item: Leftovers","|-heal|p1a: Milotic|302/393|[from] item: Leftovers","|upkeep","|turn|139","||adding 10 for new turn","|","|t:|1752962429","|move|p2a: Suicune|Ice Beam|p1a: Milotic","|-resisted|p1a: Milotic","|-damage|p1a: Milotic|220/393","|move|p1a: Milotic|Recover|p1a: Milotic","|-heal|p1a: Milotic|393/393","|","|-weather|Sandstorm|[upkeep]","|-damage|p2a: Suicune|197/401|[from] Sandstorm","|-damage|p1a: Milotic|369/393|[from] Sandstorm","|-heal|p2a: Suicune|222/401|[from] item: Leftovers","|-heal|p1a: Milotic|393/393|[from] item: Leftovers","|upkeep","|turn|140","||adding 10 for new turn","|","|t:|1752962433","|move|p1a: Milotic|Refresh||[still]","|-fail|p1a: Milotic","|move|p2a: Suicune|Ice Beam|p1a: Milotic","|-resisted|p1a: Milotic","|-damage|p1a: Milotic|313/393","|","|-weather|Sandstorm|[upkeep]","|-damage|p2a: Suicune|197/401|[from] Sandstorm","|-damage|p1a: Milotic|289/393|[from] Sandstorm","|-heal|p1a: Milotic|313/393|[from] item: Leftovers","|-heal|p2a: Suicune|222/401|[from] item: Leftovers","|upkeep","|turn|141","||adding 10 for new turn","|","|t:|1752962437","|move|p2a: Suicune|Ice Beam|p1a: Milotic","|-resisted|p1a: Milotic","|-crit|p1a: Milotic","|-damage|p1a: Milotic|144/393","|move|p1a: Milotic|Recover|p1a: Milotic","|-heal|p1a: Milotic|340/393","|","|-weather|Sandstorm|[upkeep]","|-damage|p2a: Suicune|197/401|[from] Sandstorm","|-damage|p1a: Milotic|316/393|[from] Sandstorm","|-heal|p1a: Milotic|340/393|[from] item: Leftovers","|-heal|p2a: Suicune|222/401|[from] item: Leftovers","|upkeep","|turn|142","||adding 10 for new turn","|","|t:|1752962441","|move|p1a: Milotic|Refresh||[still]","|-fail|p1a: Milotic","|move|p2a: Suicune|Ice Beam|p1a: Milotic","|-resisted|p1a: Milotic","|-damage|p1a: Milotic|252/393","|","|-weather|Sandstorm|[upkeep]","|-damage|p2a: Suicune|197/401|[from] Sandstorm","|-damage|p1a: Milotic|228/393|[from] Sandstorm","|-heal|p1a: Milotic|252/393|[from] item: Leftovers","|-heal|p2a: Suicune|222/401|[from] item: Leftovers","|upkeep","|turn|143","||adding 10 for new turn","|","|t:|1752962445","|move|p2a: Suicune|Ice Beam|p1a: Milotic","|-resisted|p1a: Milotic","|-damage|p1a: Milotic|164/393","|-status|p1a: Milotic|frz","|cant|p1a: Milotic|frz","|","|-weather|Sandstorm|[upkeep]","|-damage|p2a: Suicune|197/401|[from] Sandstorm","|-damage|p1a: Milotic|140/393 frz|[from] Sandstorm","|-heal|p1a: Milotic|164/393 frz|[from] item: Leftovers","|-heal|p2a: Suicune|222/401|[from] item: Leftovers","|upkeep","|turn|144","||adding 10 for new turn","|","|t:|1752962449","|-curestatus|p1a: Milotic|frz|[msg]","|move|p1a: Milotic|Recover|p1a: Milotic","|-heal|p1a: Milotic|360/393","|move|p2a: Suicune|Ice Beam|p1a: Milotic","|-resisted|p1a: Milotic","|-damage|p1a: Milotic|274/393","|","|-weather|Sandstorm|[upkeep]","|-damage|p2a: Suicune|197/401|[from] Sandstorm","|-damage|p1a: Milotic|250/393|[from] Sandstorm","|-heal|p2a: Suicune|222/401|[from] item: Leftovers","|-heal|p1a: Milotic|274/393|[from] item: Leftovers","|upkeep","|turn|145","||adding 10 for new turn","|","|t:|1752962453","|move|p2a: Suicune|Calm Mind|p2a: Suicune","|-boost|p2a: Suicune|spa|1","|-boost|p2a: Suicune|spd|1","|move|p1a: Milotic|Recover|p1a: Milotic","|-heal|p1a: Milotic|393/393","|","|-weather|Sandstorm|[upkeep]","|-damage|p1a: Milotic|369/393|[from] Sandstorm","|-damage|p2a: Suicune|197/401|[from] Sandstorm","|-heal|p2a: Suicune|222/401|[from] item: Leftovers","|-heal|p1a: Milotic|393/393|[from] item: Leftovers","|upkeep","|turn|146","||adding 10 for new turn","|","|t:|1752962457","|move|p1a: Milotic|Refresh||[still]","|-fail|p1a: Milotic","|move|p2a: Suicune|Calm Mind|p2a: Suicune","|-boost|p2a: Suicune|spa|1","|-boost|p2a: Suicune|spd|1","|","|-weather|Sandstorm|[upkeep]","|-damage|p1a: Milotic|369/393|[from] Sandstorm","|-damage|p2a: Suicune|197/401|[from] Sandstorm","|-heal|p2a: Suicune|222/401|[from] item: Leftovers","|-heal|p1a: Milotic|393/393|[from] item: Leftovers","|upkeep","|turn|147","||adding 10 for new turn","|","|t:|1752962461","|move|p2a: Suicune|Calm Mind|p2a: Suicune","|-boost|p2a: Suicune|spa|0","|-boost|p2a: Suicune|spd|0","|move|p1a: Milotic|Refresh||[still]","|-fail|p1a: Milotic","|","|-weather|Sandstorm|[upkeep]","|-damage|p1a: Milotic|369/393|[from] Sandstorm","|-damage|p2a: Suicune|197/401|[from] Sandstorm","|-heal|p2a: Suicune|222/401|[from] item: Leftovers","|-heal|p1a: Milotic|393/393|[from] item: Leftovers","|upkeep","|turn|148","||adding 10 for new turn","|","|t:|1752962465","|move|p2a: Suicune|Calm Mind|p2a: Suicune","|-boost|p2a: Suicune|spa|0","|-boost|p2a: Suicune|spd|0","|move|p1a: Milotic|Refresh||[still]","|-fail|p1a: Milotic","|","|-weather|Sandstorm|[upkeep]","|-damage|p2a: Suicune|197/401|[from] Sandstorm","|-damage|p1a: Milotic|369/393|[from] Sandstorm","|-heal|p2a: Suicune|222/401|[from] item: Leftovers","|-heal|p1a: Milotic|393/393|[from] item: Leftovers","|upkeep","|turn|149","||adding 10 for new turn","|","|t:|1752962469","|move|p1a: Milotic|Refresh||[still]","|-fail|p1a: Milotic","|move|p2a: Suicune|Ice Beam|p1a: Milotic","|-resisted|p1a: Milotic","|-damage|p1a: Milotic|282/393","|-status|p1a: Milotic|frz","|","|-weather|Sandstorm|[upkeep]","|-damage|p2a: Suicune|197/401|[from] Sandstorm","|-damage|p1a: Milotic|258/393 frz|[from] Sandstorm","|-heal|p2a: Suicune|222/401|[from] item: Leftovers","|-heal|p1a: Milotic|282/393 frz|[from] item: Leftovers","|upkeep","|turn|150","||adding 10 for new turn","|","|t:|1752962473","|move|p2a: Suicune|Ice Beam|p1a: Milotic","|-resisted|p1a: Milotic","|-damage|p1a: Milotic|170/393 frz","|cant|p1a: Milotic|frz","|","|-weather|Sandstorm|[upkeep]","|-damage|p1a: Milotic|146/393 frz|[from] Sandstorm","|-damage|p2a: Suicune|197/401|[from] Sandstorm","|-heal|p2a: Suicune|222/401|[from] item: Leftovers","|-heal|p1a: Milotic|170/393 frz|[from] item: Leftovers","|upkeep","|turn|151","||adding 10 for new turn","|","|t:|1752962477","|move|p2a: Suicune|Surf|p1a: Milotic","|-resisted|p1a: Milotic","|-damage|p1a: Milotic|9/393 frz","|cant|p1a: Milotic|frz","|","|-weather|Sandstorm|[upkeep]","|-damage|p1a: Milotic|0 fnt|[from] Sandstorm","|-damage|p2a: Suicune|197/401|[from] Sandstorm","|faint|p1a: Milotic","|-heal|p2a: Suicune|222/401|[from] item: Leftovers","|upkeep","||adding 5 to each for mid turn request","|","|t:|1752962481","|switch|p1a: Dugtrio|Dugtrio, M|211/211","|-damage|p1a: Dugtrio|159/211|[from] Spikes","|turn|152","||adding 10 for new turn","|","|t:|1752962487","|move|p1a: Dugtrio|Earthquake|p2a: Suicune","|-damage|p2a: Suicune|104/401","|move|p2a: Suicune|Calm Mind|p2a: Suicune","|-boost|p2a: Suicune|spa|0","|-boost|p2a: Suicune|spd|0","|","|-weather|Sandstorm|[upkeep]","|-damage|p2a: Suicune|79/401|[from] Sandstorm","|-heal|p2a: Suicune|104/401|[from] item: Leftovers","|upkeep","|turn|153","||adding 10 for new turn","|","|t:|1752962494","|move|p1a: Dugtrio|Earthquake|p2a: Suicune","|-damage|p2a: Suicune|0 fnt","|faint|p2a: Suicune","||adding 5 to each for mid turn request","|","|t:|1752962501","|switch|p2a: Blissey|Blissey, F|631/714","|-damage|p2a: Blissey|453/714|[from] Spikes","|","|-weather|Sandstorm|[upkeep]","|-damage|p2a: Blissey|409/714|[from] Sandstorm","|-heal|p2a: Blissey|453/714|[from] item: Leftovers","|upkeep","|turn|154","||adding 10 for new turn","|","|t:|1752962507","|move|p1a: Dugtrio|Earthquake|p2a: Blissey","|-damage|p2a: Blissey|121/714","|move|p2a: Blissey|Soft-Boiled|p2a: Blissey","|-heal|p2a: Blissey|478/714","|","|-weather|Sandstorm|[upkeep]","|-damage|p2a: Blissey|434/714|[from] Sandstorm","|-heal|p2a: Blissey|478/714|[from] item: Leftovers","|upkeep","|turn|155","||adding 10 for new turn","|","|t:|1752962514","|move|p1a: Dugtrio|Earthquake|p2a: Blissey","|-damage|p2a: Blissey|104/714","|move|p2a: Blissey|Soft-Boiled|p2a: Blissey","|-heal|p2a: Blissey|461/714","|","|-weather|Sandstorm|[upkeep]","|-damage|p2a: Blissey|417/714|[from] Sandstorm","|-heal|p2a: Blissey|461/714|[from] item: Leftovers","|upkeep","|turn|156","||adding 10 for new turn","|","|t:|1752962521","|move|p1a: Dugtrio|Earthquake|p2a: Blissey","|-crit|p2a: Blissey","|-damage|p2a: Blissey|0 fnt","|faint|p2a: Blissey","||adding 5 to each for mid turn request","|","|t:|1752962527","|switch|p2a: Snorlax|Snorlax, M|311/497","|-damage|p2a: Snorlax|187/497|[from] Spikes","|","|-weather|Sandstorm|[upkeep]","|-damage|p2a: Snorlax|156/497|[from] Sandstorm","|-heal|p2a: Snorlax|187/497|[from] item: Leftovers","|upkeep","|turn|157","||adding 10 for new turn","|","|t:|1752962532","|move|p1a: Dugtrio|Earthquake|p2a: Snorlax","|-damage|p2a: Snorlax|0 fnt","|faint|p2a: Snorlax","|","|win|foultestchallenge1",""],"p1rating":null,"p2rating":null,"endType":"normal","ladderError":true,"timestamp":"Sat Jul 19 2025 15:02:12 GMT-0700 (アメリカ太平洋夏時間)","roomid":"battle-gen3ou-994","format":"gen3ou"}