{"winner":"foultestchallenge1","seed":"sodium,29d1a2364d42b7cc092a1993cadf1062","turns":47,"p1":"foultestchallenge1","p2":"foultestacceptor1","p1team":[{"name":"Skarmory","species":"Skarmory","item":"Leftovers","ability":"Keen Eye","moves":["Spikes","Protect","Roar","Toxic"],"nature":"Careful","evs":{"hp":252,"atk":0,"def":8,"spa":0,"spd":248,"spe":0},"gender":"F","ivs":{"hp":31,"atk":0,"def":31,"spa":31,"spd":31,"spe":31},"level":100},{"name":"Blissey","species":"Blissey","item":"Leftovers","ability":"Natural Cure","moves":["Soft-Boiled","Ice Beam","Toxic","Fire Blast"],"nature":"Modest","evs":{"hp":0,"atk":0,"def":252,"spa":252,"spd":0,"spe":4},"gender":"F","ivs":{"hp":31,"atk":0,"def":31,"spa":31,"spd":31,"spe":31},"shiny":true,"level":100},{"name":"Tyranitar","species":"Tyranitar","item":"Leftovers","ability":"Sand Stream","moves":["Focus Punch","Rock Slide","Hidden Power Bug","Earthquake"],"nature":"Adamant","evs":{"hp":248,"atk":196,"def":12,"spa":0,"spd":52,"spe":0},"gender":"F","ivs":{"hp":31,"atk":30,"def":30,"spa":31,"spd":30,"spe":31},"happiness":255,"hpType":"Bug","pokeball":"","gigantamax":false,"dynamaxLevel":10,"teraType":"","level":100},{"name":"Swampert","species":"Swampert","item":"Leftovers","ability":"Torrent","moves":["Earthquake","Ice Beam","Hydro Pump","Protect"],"nature":"Relaxed","evs":{"hp":240,"atk":0,"def":136,"spa":40,"spd":48,"spe":44},"gender":"F","level":100,"ivs":{"hp":31,"atk":31,"def":31,"spa":31,"spd":31,"spe":31}},{"name":"Gengar","species":"Gengar","item":"Leftovers","ability":"Levitate","moves":["Will-O-Wisp","Thunderbolt","Ice Punch","Explosion"],"nature":"Timid","evs":{"hp":168,"atk":0,"def":0,"spa":0,"spd":164,"spe":176},"gender":"F","level":100,"ivs":{"hp":31,"atk":31,"def":31,"spa":31,"spd":31,"spe":31}},{"name":"Starmie","species":"Starmie","item":"Leftovers","ability":"Natural Cure","moves":["Hydro Pump","Ice Beam","Thunderbolt","Rapid Spin"],"nature":"Timid","evs":{"hp":4,"atk":0,"def":0,"spa":252,"spd":0,"spe":252},"gender":"N","ivs":{"hp":31,"atk":0,"def":31,"spa":31,"spd":31,"spe":31},"level":100}],"p2team":[{"name":"Tyranitar","species":"Tyranitar","item":"Leftovers","ability":"Sand Stream","moves":["Rock Slide","Earthquake","Hidden Power Bug","Roar"],"nature":"Adamant","evs":{"hp":184,"atk":196,"def":120,"spa":0,"spd":0,"spe":8},"gender":"F","ivs":{"hp":31,"atk":30,"def":30,"spa":31,"spd":30,"spe":31},"happiness":255,"hpType":"Bug","pokeball":"","gigantamax":false,"dynamaxLevel":10,"teraType":"","level":100},{"name":"Milotic","species":"Milotic","item":"Leftovers","ability":"Marvel Scale","moves":["Surf","Toxic","Recover","Refresh"],"nature":"Bold","evs":{"hp":248,"atk":0,"def":212,"spa":0,"spd":0,"spe":48},"gender":"M","ivs":{"hp":31,"atk":0,"def":31,"spa":31,"spd":31,"spe":31},"level":100},{"name":"Blissey","species":"Blissey","item":"Leftovers","ability":"Natural Cure","moves":["Seismic Toss","Ice Beam","Thunder Wave","Soft-Boiled"],"nature":"Bold","evs":{"hp":40,"atk":0,"def":244,"spa":208,"spd":0,"spe":16},"gender":"F","level":100,"ivs":{"hp":31,"atk":31,"def":31,"spa":31,"spd":31,"spe":31}},{"name":"Skarmory","species":"Skarmory","item":"Leftovers","ability":"Keen Eye","moves":["Drill Peck","Toxic","Spikes","Roar"],"nature":"Careful","evs":{"hp":248,"atk":0,"def":0,"spa":0,"spd":236,"spe":24},"gender":"M","level":100,"ivs":{"hp":31,"atk":31,"def":31,"spa":31,"spd":31,"spe":31}},{"name":"Claydol","species":"Claydol","item":"Leftovers","ability":"Levitate","moves":["Earthquake","Psychic","Refresh","Rapid Spin"],"nature":"Adamant","evs":{"hp":224,"atk":228,"def":0,"spa":36,"spd":0,"spe":20},"gender":"N","level":100,"ivs":{"hp":31,"atk":31,"def":31,"spa":31,"spd":31,"spe":31}},{"name":"Dugtrio","species":"Dugtrio","item":"Choice Band","ability":"Arena Trap","moves":["Earthquake","Aerial Ace","Hidden Power Bug","Screech"],"nature":"Jolly","evs":{"hp":0,"atk":252,"def":0,"spa":0,"spd":4,"spe":252},"gender":"F","ivs":{"hp":31,"atk":30,"def":30,"spa":31,"spd":30,"spe":31},"happiness":255,"hpType":"Bug","pokeball":"","gigantamax":false,"dynamaxLevel":10,"teraType":"","level":100}],"score":[1,0],"inputLog":[">version 372d05e49c92a79eecdf6c8dddb208bd1765c00f",">start {\"formatid\":\"gen3ou\",\"seed\":\"sodium,29d1a2364d42b7cc092a1993cadf1062\"}",">player p1 {\"name\":\"foultestchallenge1\",\"avatar\":\"1\",\"team\":\"Skarmory||Leftovers|KeenEye|Spikes,Protect,Roar,Toxic|Careful|252,,8,,248,|F|,0,,,,|||]Blissey||Leftovers|NaturalCure|SoftBoiled,IceBeam,Toxic,FireBlast|Modest|,,252,252,,4|F|,0,,,,|S||]Tyranitar||Leftovers|SandStream|FocusPunch,RockSlide,HiddenPowerBug,Earthquake|Adamant|248,196,12,,52,|F|,30,30,,30,|||,Bug,,,,]Swampert||Leftovers|Torrent|Earthquake,IceBeam,HydroPump,Protect|Relaxed|240,,136,40,48,44|F||||]Gengar||Leftovers|Levitate|WillOWisp,Thunderbolt,IcePunch,Explosion|Timid|168,,,,164,176|F||||]Starmie||Leftovers|NaturalCure|HydroPump,IceBeam,Thunderbolt,RapidSpin|Timid|4,,,252,,252|N|,0,,,,|||\",\"rating\":0}",">player p2 {\"name\":\"foultestacceptor1\",\"avatar\":\"169\",\"team\":\"Tyranitar||Leftovers|SandStream|RockSlide,Earthquake,HiddenPowerBug,Roar|Adamant|184,196,120,,,8|F|,30,30,,30,|||,Bug,,,,]Milotic||Leftovers|MarvelScale|Surf,Toxic,Recover,Refresh|Bold|248,,212,,,48|M|,0,,,,|||]Blissey||Leftovers|NaturalCure|SeismicToss,IceBeam,ThunderWave,SoftBoiled|Bold|40,,244,208,,16|F||||]Skarmory||Leftovers|KeenEye|DrillPeck,Toxic,Spikes,Roar|Careful|248,,,,236,24|M||||]Claydol||Leftovers|Levitate|Earthquake,Psychic,Refresh,RapidSpin|Adamant|224,228,,36,,20|N||||]Dugtrio||ChoiceBand|ArenaTrap|Earthquake,AerialAce,HiddenPowerBug,Screech|Jolly|,252,,,4,252|F|,30,30,,30,|||,Bug,,,,\",\"rating\":0}",">p1 move spikes",">p2 move rockslide",">p1 switch 4",">p2 move rockslide",">p1 move hydropump",">p2 switch 4",">p1 switch 6",">p2 move spikes",">p1 move thunderbolt",">p2 move toxic",">p1 move hydropump",">p2 move spikes",">p2 switch 3",">p1 switch 3",">p2 move seismictoss",">p1 move rockslide",">p2 move thunderwave",">p1 move focuspunch",">p2 move softboiled",">p2 switch 6",">p1 move earthquake",">p2 move earthquake",">p1 switch 3",">p1 move hydropump",">p2 move earthquake",">p1 switch 6",">p1 move icebeam",">p2 switch 2",">p1 move earthquake",">p2 move surf",">p1 move earthquake",">p2 move recover",">p1 move protect",">p2 move surf",">p1 move protect",">p2 move surf",">p1 move protect",">p2 move surf",">p1 move protect",">p2 move surf",">p1 move protect",">p2 move surf",">p1 move protect",">p2 move surf",">p1 move earthquake",">p2 move surf",">p1 move earthquake",">p2 move recover",">p1 move protect",">p2 move surf",">p1 move earthquake",">p2 move surf",">p1 move earthquake",">p2 move recover",">p1 move earthquake",">p2 move recover",">p1 move protect",">p2 move surf",">p1 switch 2",">p2 move surf",">p1 move softboiled",">p2 move toxic",">p1 move toxic",">p2 move surf",">p1 switch 4",">p2 move refresh",">p1 move spikes",">p2 move surf",">p1 move roar",">p2 move surf",">p1 move spikes",">p2 move rockslide",">p1 switch 2",">p1 move earthquake",">p2 move roar",">p1 move toxic",">p2 move rockslide",">p1 move softboiled",">p2 move earthquake",">p1 switch 4",">p1 move protect",">p2 move earthquake",">p1 move protect",">p2 move earthquake",">p1 move protect",">p2 move earthquake",">p2 switch 5",">p1 move hydropump",">p2 move earthquake",">p1 switch 5",">p1 move icepunch",">p2 move psychic",">p1 move icepunch",">p2 switch 4",">p1 move thunderbolt",">p2 move surf",">p2 switch 4",">p1 move icepunch",">p2 move psychic",">p1 move icepunch",">p2 move earthquake",">p2 switch 2",">p1 move icepunch",">p2 move aerialace"],"log":["|j|☆foultestchallenge1","|j|☆foultestacceptor1","|t:|1752978252","|gametype|singles","|player|p1|foultestchallenge1|1|","|player|p2|foultestacceptor1|169|","|teamsize|p1|6","|teamsize|p2|6","|gen|3","|tier|[Gen 3] OU","|rule|Sleep Clause Mod: Limit one foe put to sleep","|rule|Switch Priority Clause Mod: Faster Pokémon switch first","|rule|Species Clause: Limit one of each Pokémon","|rule|OHKO Clause: OHKO moves are banned","|rule|Evasion Items Clause: Evasion items are banned","|rule|Evasion Moves Clause: Evasion moves are banned","|rule|Endless Battle Clause: Forcing endless battles is banned","|rule|HP Percentage Mod: HP is shown in percentages","|rule|One Boost Passer Clause: Limit one Baton Passer that has a way to boost its stats","|rule|Freeze Clause Mod: Limit one foe frozen","|","|t:|1752978252","|start","|switch|p1a: Skarmory|Skarmory, F|334/334","|switch|p2a: Tyranitar|Tyranitar, F|387/387","|-weather|Sandstorm|[from] ability: Sand Stream|[of] p2a: Tyranitar","|turn|1","|inactive|Battle timer is ON: inactive players will automatically lose when time's up. (requested by foultestacceptor1)","|inactive|foultestchallenge1 also wants the timer to be on.","|","|t:|1752978260","|move|p1a: Skarmory|Spikes|p2a: Tyranitar","|-sidestart|p2: foultestacceptor1|Spikes","|move|p2a: Tyranitar|Rock Slide|p1a: Skarmory","|-damage|p1a: Skarmory|230/334","|","|-weather|Sandstorm|[upkeep]","|-heal|p1a: Skarmory|250/334|[from] item: Leftovers","|upkeep","|turn|2","||adding 10 for new turn","|","|t:|1752978268","|switch|p1a: Swampert|Swampert, F|401/401","|move|p2a: Tyranitar|Rock Slide|p1a: Swampert","|-resisted|p1a: Swampert","|-damage|p1a: Swampert|343/401","|","|-weather|Sandstorm|[upkeep]","|-heal|p1a: Swampert|368/401|[from] item: Leftovers","|upkeep","|turn|3","||adding 10 for new turn","|","|t:|1752978276","|switch|p2a: Skarmory|Skarmory, M|333/333","|move|p1a: Swampert|Hydro Pump|p2a: Skarmory","|-damage|p2a: Skarmory|215/333","|","|-weather|Sandstorm|[upkeep]","|-heal|p2a: Skarmory|235/333|[from] item: Leftovers","|-heal|p1a: Swampert|393/401|[from] item: Leftovers","|upkeep","|turn|4","||adding 10 for new turn","|","|t:|1752978285","|switch|p1a: Starmie|Starmie|262/262","|move|p2a: Skarmory|Spikes|p1a: Starmie","|-sidestart|p1: foultestchallenge1|Spikes","|","|-weather|Sandstorm|[upkeep]","|-damage|p1a: Starmie|246/262|[from] Sandstorm","|-heal|p1a: Starmie|262/262|[from] item: Leftovers","|-heal|p2a: Skarmory|255/333|[from] item: Leftovers","|upkeep","|turn|5","||adding 10 for new turn","|","|t:|1752978292","|move|p1a: Starmie|Thunderbolt|p2a: Skarmory","|-supereffective|p2a: Skarmory","|-damage|p2a: Skarmory|84/333","|move|p2a: Skarmory|Toxic|p1a: Starmie","|-status|p1a: Starmie|tox","|","|-weather|Sandstorm|[upkeep]","|-damage|p1a: Starmie|246/262 tox|[from] Sandstorm","|-heal|p1a: Starmie|262/262 tox|[from] item: Leftovers","|-damage|p1a: Starmie|246/262 tox|[from] psn","|-heal|p2a: Skarmory|104/333|[from] item: Leftovers","|upkeep","|turn|6","||adding 10 for new turn","|","|t:|1752978301","|move|p1a: Starmie|Hydro Pump|p2a: Skarmory","|-damage|p2a: Skarmory|0 fnt","|faint|p2a: Skarmory","||adding 5 to each for mid turn request","|","|t:|1752978308","|switch|p2a: Blissey|Blissey, F|661/661","|-damage|p2a: Blissey|579/661|[from] Spikes","|","|-weather|Sandstorm|[upkeep]","|-damage|p1a: Starmie|230/262 tox|[from] Sandstorm","|-damage|p2a: Blissey|538/661|[from] Sandstorm","|-heal|p1a: Starmie|246/262 tox|[from] item: Leftovers","|-damage|p1a: Starmie|214/262 tox|[from] psn","|-heal|p2a: Blissey|579/661|[from] item: Leftovers","|upkeep","|turn|7","||adding 10 for new turn","|","|t:|1752978316","|-curestatus|p1a: Starmie|tox|[from] ability: Natural Cure","|switch|p1a: Tyranitar|Tyranitar, F|403/403","|-damage|p1a: Tyranitar|353/403|[from] Spikes","|move|p2a: Blissey|Seismic Toss|p1a: Tyranitar","|-damage|p1a: Tyranitar|253/403","|","|-weather|Sandstorm|[upkeep]","|-damage|p2a: Blissey|538/661|[from] Sandstorm","|-heal|p1a: Tyranitar|278/403|[from] item: Leftovers","|-heal|p2a: Blissey|579/661|[from] item: Leftovers","|upkeep","|turn|8","||adding 10 for new turn","|","|t:|1752978324","|move|p1a: Tyranitar|Rock Slide|p2a: Blissey","|-damage|p2a: Blissey|312/661","|move|p2a: Blissey|Thunder Wave|p1a: Tyranitar","|-status|p1a: Tyranitar|par","|","|-weather|Sandstorm|[upkeep]","|-damage|p2a: Blissey|271/661|[from] Sandstorm","|-heal|p2a: Blissey|312/661|[from] item: Leftovers","|-heal|p1a: Tyranitar|303/403 par|[from] item: Leftovers","|upkeep","|turn|9","||adding 10 for new turn","|","|t:|1752978332","|-singleturn|p1a: Tyranitar|move: Focus Punch","|move|p2a: Blissey|Soft-Boiled|p2a: Blissey","|-heal|p2a: Blissey|642/661","|move|p1a: Tyranitar|Focus Punch|p2a: Blissey","|-supereffective|p2a: Blissey","|-damage|p2a: Blissey|0 fnt","|faint|p2a: Blissey","||adding 5 to each for mid turn request","|","|t:|1752978340","|switch|p2a: Dugtrio|Dugtrio, F|211/211","|-damage|p2a: Dugtrio|185/211|[from] Spikes","|","|-weather|Sandstorm|[upkeep]","|-heal|p1a: Tyranitar|328/403 par|[from] item: Leftovers","|upkeep","|turn|10","||adding 10 for new turn","|","|t:|1752978348","|move|p2a: Dugtrio|Earthquake|p1a: Tyranitar","|-supereffective|p1a: Tyranitar","|-damage|p1a: Tyranitar|0 fnt","|faint|p1a: Tyranitar","||adding 5 to each for mid turn request","|","|t:|1752978355","|switch|p1a: Starmie|Starmie|214/262","|-damage|p1a: Starmie|182/262|[from] Spikes","|","|-weather|Sandstorm|[upkeep]","|-damage|p1a: Starmie|166/262|[from] Sandstorm","|-heal|p1a: Starmie|182/262|[from] item: Leftovers","|upkeep","|turn|11","||adding 10 for new turn","|","|t:|1752978363","|move|p2a: Dugtrio|Earthquake|p1a: Starmie","|-damage|p1a: Starmie|0 fnt","|faint|p1a: Starmie","||adding 5 to each for mid turn request","|","|t:|1752978370","|switch|p1a: Swampert|Swampert, F|393/401","|-damage|p1a: Swampert|343/401|[from] Spikes","|","|-weather|Sandstorm|[upkeep]","|-heal|p1a: Swampert|368/401|[from] item: Leftovers","|upkeep","|turn|12","||adding 10 for new turn","|","|t:|1752978378","|switch|p2a: Milotic|Milotic, M|393/393","|-damage|p2a: Milotic|344/393|[from] Spikes","|move|p1a: Swampert|Ice Beam|p2a: Milotic","|-resisted|p2a: Milotic","|-damage|p2a: Milotic|317/393","|","|-weather|Sandstorm|[upkeep]","|-damage|p2a: Milotic|293/393|[from] Sandstorm","|-heal|p2a: Milotic|317/393|[from] item: Leftovers","|-heal|p1a: Swampert|393/401|[from] item: Leftovers","|upkeep","|turn|13","||adding 10 for new turn","|","|t:|1752978386","|move|p2a: Milotic|Surf|p1a: Swampert","|-damage|p1a: Swampert|286/401","|move|p1a: Swampert|Earthquake|p2a: Milotic","|-damage|p2a: Milotic|215/393","|","|-weather|Sandstorm|[upkeep]","|-damage|p2a: Milotic|191/393|[from] Sandstorm","|-heal|p2a: Milotic|215/393|[from] item: Leftovers","|-heal|p1a: Swampert|311/401|[from] item: Leftovers","|upkeep","|turn|14","||adding 10 for new turn","|","|t:|1752978394","|move|p2a: Milotic|Recover|p2a: Milotic","|-heal|p2a: Milotic|393/393","|move|p1a: Swampert|Earthquake|p2a: Milotic","|-damage|p2a: Milotic|272/393","|","|-weather|Sandstorm|[upkeep]","|-damage|p2a: Milotic|248/393|[from] Sandstorm","|-heal|p2a: Milotic|272/393|[from] item: Leftovers","|-heal|p1a: Swampert|336/401|[from] item: Leftovers","|upkeep","|turn|15","||adding 10 for new turn","|","|t:|1752978402","|move|p1a: Swampert|Protect|p1a: Swampert","|-singleturn|p1a: Swampert|Protect","|move|p2a: Milotic|Surf|p1a: Swampert","|-activate|p1a: Swampert|Protect","|","|-weather|Sandstorm|[upkeep]","|-damage|p2a: Milotic|248/393|[from] Sandstorm","|-heal|p2a: Milotic|272/393|[from] item: Leftovers","|-heal|p1a: Swampert|361/401|[from] item: Leftovers","|upkeep","|turn|16","||adding 10 for new turn","|","|t:|1752978409","|move|p1a: Swampert|Protect||[still]","|-fail|p1a: Swampert","|move|p2a: Milotic|Surf|p1a: Swampert","|-damage|p1a: Swampert|244/401","|","|-weather|Sandstorm|[upkeep]","|-damage|p2a: Milotic|248/393|[from] Sandstorm","|-heal|p2a: Milotic|272/393|[from] item: Leftovers","|-heal|p1a: Swampert|269/401|[from] item: Leftovers","|upkeep","|turn|17","||adding 10 for new turn","|","|t:|1752978417","|move|p1a: Swampert|Protect|p1a: Swampert","|-singleturn|p1a: Swampert|Protect","|move|p2a: Milotic|Surf|p1a: Swampert","|-activate|p1a: Swampert|Protect","|","|-weather|Sandstorm|[upkeep]","|-damage|p2a: Milotic|248/393|[from] Sandstorm","|-heal|p2a: Milotic|272/393|[from] item: Leftovers","|-heal|p1a: Swampert|294/401|[from] item: Leftovers","|upkeep","|turn|18","||adding 10 for new turn","|","|t:|1752978424","|move|p1a: Swampert|Protect||[still]","|-fail|p1a: Swampert","|move|p2a: Milotic|Surf|p1a: Swampert","|-damage|p1a: Swampert|187/401","|","|-weather|Sandstorm|[upkeep]","|-damage|p2a: Milotic|248/393|[from] Sandstorm","|-heal|p2a: Milotic|272/393|[from] item: Leftovers","|-heal|p1a: Swampert|212/401|[from] item: Leftovers","|upkeep","|turn|19","||adding 10 for new turn","|","|t:|1752978432","|move|p1a: Swampert|Protect|p1a: Swampert","|-singleturn|p1a: Swampert|Protect","|move|p2a: Milotic|Surf|p1a: Swampert","|-activate|p1a: Swampert|Protect","|","|-weather|Sandstorm|[upkeep]","|-damage|p2a: Milotic|248/393|[from] Sandstorm","|-heal|p2a: Milotic|272/393|[from] item: Leftovers","|-heal|p1a: Swampert|237/401|[from] item: Leftovers","|upkeep","|turn|20","||adding 10 for new turn","|","|t:|1752978440","|move|p1a: Swampert|Protect|p1a: Swampert","|-singleturn|p1a: Swampert|Protect","|move|p2a: Milotic|Surf|p1a: Swampert","|-activate|p1a: Swampert|Protect","|","|-weather|Sandstorm|[upkeep]","|-damage|p2a: Milotic|248/393|[from] Sandstorm","|-heal|p2a: Milotic|272/393|[from] item: Leftovers","|-heal|p1a: Swampert|262/401|[from] item: Leftovers","|upkeep","|turn|21","||adding 10 for new turn","|","|t:|1752978447","|move|p2a: Milotic|Surf|p1a: Swampert","|-damage|p1a: Swampert|150/401","|move|p1a: Swampert|Earthquake|p2a: Milotic","|-damage|p2a: Milotic|153/393","|","|-weather|Sandstorm|[upkeep]","|-damage|p2a: Milotic|129/393|[from] Sandstorm","|-heal|p2a: Milotic|153/393|[from] item: Leftovers","|-heal|p1a: Swampert|175/401|[from] item: Leftovers","|upkeep","|turn|22","||adding 10 for new turn","|","|t:|1752978455","|move|p2a: Milotic|Recover|p2a: Milotic","|-heal|p2a: Milotic|349/393","|move|p1a: Swampert|Earthquake|p2a: Milotic","|-damage|p2a: Milotic|241/393","|","|-weather|Sandstorm|[upkeep]","|-damage|p2a: Milotic|217/393|[from] Sandstorm","|-heal|p2a: Milotic|241/393|[from] item: Leftovers","|-heal|p1a: Swampert|200/401|[from] item: Leftovers","|upkeep","|turn|23","||adding 10 for new turn","|","|t:|1752978463","|move|p1a: Swampert|Protect|p1a: Swampert","|-singleturn|p1a: Swampert|Protect","|move|p2a: Milotic|Surf|p1a: Swampert","|-activate|p1a: Swampert|Protect","|","|-weather|Sandstorm|[upkeep]","|-damage|p2a: Milotic|217/393|[from] Sandstorm","|-heal|p2a: Milotic|241/393|[from] item: Leftovers","|-heal|p1a: Swampert|225/401|[from] item: Leftovers","|upkeep","|turn|24","||adding 10 for new turn","|","|t:|1752978471","|move|p2a: Milotic|Surf|p1a: Swampert","|-damage|p1a: Swampert|99/401","|move|p1a: Swampert|Earthquake|p2a: Milotic","|-damage|p2a: Milotic|128/393","|","|-weather|Sandstorm|[upkeep]","|-damage|p2a: Milotic|104/393|[from] Sandstorm","|-heal|p2a: Milotic|128/393|[from] item: Leftovers","|-heal|p1a: Swampert|124/401|[from] item: Leftovers","|upkeep","|turn|25","||adding 10 for new turn","|","|t:|1752978478","|move|p2a: Milotic|Recover|p2a: Milotic","|-heal|p2a: Milotic|324/393","|move|p1a: Swampert|Earthquake|p2a: Milotic","|-damage|p2a: Milotic|217/393","|","|-weather|Sandstorm|[upkeep]","|-damage|p2a: Milotic|193/393|[from] Sandstorm","|-heal|p2a: Milotic|217/393|[from] item: Leftovers","|-heal|p1a: Swampert|149/401|[from] item: Leftovers","|upkeep","|turn|26","||adding 10 for new turn","|","|t:|1752978486","|move|p2a: Milotic|Recover|p2a: Milotic","|-heal|p2a: Milotic|393/393","|move|p1a: Swampert|Earthquake|p2a: Milotic","|-damage|p2a: Milotic|289/393","|","|-weather|Sandstorm|[upkeep]","|-damage|p2a: Milotic|265/393|[from] Sandstorm","|-heal|p2a: Milotic|289/393|[from] item: Leftovers","|-heal|p1a: Swampert|174/401|[from] item: Leftovers","|upkeep","|turn|27","||adding 10 for new turn","|","|t:|1752978494","|move|p1a: Swampert|Protect|p1a: Swampert","|-singleturn|p1a: Swampert|Protect","|move|p2a: Milotic|Surf|p1a: Swampert","|-activate|p1a: Swampert|Protect","|","|-weather|Sandstorm|[upkeep]","|-damage|p2a: Milotic|265/393|[from] Sandstorm","|-heal|p2a: Milotic|289/393|[from] item: Leftovers","|-heal|p1a: Swampert|199/401|[from] item: Leftovers","|upkeep","|turn|28","||adding 10 for new turn","|","|t:|1752978501","|switch|p1a: Blissey|Blissey, F, shiny|651/651","|-damage|p1a: Blissey|570/651|[from] Spikes","|move|p2a: Milotic|Surf|p1a: Blissey","|-damage|p1a: Blissey|476/651","|","|-weather|Sandstorm|[upkeep]","|-damage|p2a: Milotic|265/393|[from] Sandstorm","|-damage|p1a: Blissey|436/651|[from] Sandstorm","|-heal|p2a: Milotic|289/393|[from] item: Leftovers","|-heal|p1a: Blissey|476/651|[from] item: Leftovers","|upkeep","|turn|29","||adding 10 for new turn","|","|t:|1752978509","|move|p2a: Milotic|Toxic|p1a: Blissey","|-status|p1a: Blissey|tox","|move|p1a: Blissey|Soft-Boiled|p1a: Blissey","|-heal|p1a: Blissey|651/651 tox","|","|-weather|Sandstorm|[upkeep]","|-damage|p2a: Milotic|265/393|[from] Sandstorm","|-damage|p1a: Blissey|611/651 tox|[from] Sandstorm","|-heal|p2a: Milotic|289/393|[from] item: Leftovers","|-heal|p1a: Blissey|651/651 tox|[from] item: Leftovers","|-damage|p1a: Blissey|611/651 tox|[from] psn","|upkeep","|turn|30","||adding 10 for new turn","|","|t:|1752978517","|move|p2a: Milotic|Surf|p1a: Blissey","|-damage|p1a: Blissey|524/651 tox","|move|p1a: Blissey|Toxic|p2a: Milotic","|-status|p2a: Milotic|tox","|","|-weather|Sandstorm|[upkeep]","|-damage|p2a: Milotic|265/393 tox|[from] Sandstorm","|-damage|p1a: Blissey|484/651 tox|[from] Sandstorm","|-heal|p2a: Milotic|289/393 tox|[from] item: Leftovers","|-damage|p2a: Milotic|265/393 tox|[from] psn","|-heal|p1a: Blissey|524/651 tox|[from] item: Leftovers","|-damage|p1a: Blissey|444/651 tox|[from] psn","|upkeep","|turn|31","||adding 10 for new turn","|","|t:|1752978525","|-curestatus|p1a: Blissey|tox|[from] ability: Natural Cure","|switch|p1a: Skarmory|Skarmory, F|250/334","|move|p2a: Milotic|Refresh|p2a: Milotic","|-curestatus|p2a: Milotic|tox|[msg]","|","|-weather|Sandstorm|[upkeep]","|-damage|p2a: Milotic|241/393|[from] Sandstorm","|-heal|p2a: Milotic|265/393|[from] item: Leftovers","|-heal|p1a: Skarmory|270/334|[from] item: Leftovers","|upkeep","|turn|32","||adding 10 for new turn","|","|t:|1752978532","|move|p2a: Milotic|Surf|p1a: Skarmory","|-damage|p1a: Skarmory|169/334","|move|p1a: Skarmory|Spikes|p2a: Milotic","|-sidestart|p2: foultestacceptor1|Spikes","|","|-weather|Sandstorm|[upkeep]","|-damage|p2a: Milotic|241/393|[from] Sandstorm","|-heal|p2a: Milotic|265/393|[from] item: Leftovers","|-heal|p1a: Skarmory|189/334|[from] item: Leftovers","|upkeep","|turn|33","||adding 10 for new turn","|","|t:|1752978540","|move|p2a: Milotic|Surf|p1a: Skarmory","|-damage|p1a: Skarmory|78/334","|move|p1a: Skarmory|Roar|p2a: Milotic","|drag|p2a: Tyranitar|Tyranitar, F|387/387","|-damage|p2a: Tyranitar|323/387|[from] Spikes","|","|-weather|Sandstorm|[upkeep]","|-heal|p1a: Skarmory|98/334|[from] item: Leftovers","|-heal|p2a: Tyranitar|347/387|[from] item: Leftovers","|upkeep","|turn|34","||adding 10 for new turn","|","|t:|1752978548","|move|p1a: Skarmory|Spikes|p2a: Tyranitar","|-sidestart|p2: foultestacceptor1|Spikes","|move|p2a: Tyranitar|Rock Slide|p1a: Skarmory","|-damage|p1a: Skarmory|0 fnt","|faint|p1a: Skarmory","||adding 5 to each for mid turn request","|","|t:|1752978555","|switch|p1a: Swampert|Swampert, F|199/401","|-damage|p1a: Swampert|149/401|[from] Spikes","|","|-weather|Sandstorm|[upkeep]","|-heal|p2a: Tyranitar|371/387|[from] item: Leftovers","|-heal|p1a: Swampert|174/401|[from] item: Leftovers","|upkeep","|turn|35","||adding 10 for new turn","|","|t:|1752978563","|move|p1a: Swampert|Earthquake|p2a: Tyranitar","|-supereffective|p2a: Tyranitar","|-damage|p2a: Tyranitar|171/387","|move|p2a: Tyranitar|Roar|p1a: Swampert","|drag|p1a: Blissey|Blissey, F, shiny|444/651","|-damage|p1a: Blissey|363/651|[from] Spikes","|","|-weather|Sandstorm|[upkeep]","|-damage|p1a: Blissey|323/651|[from] Sandstorm","|-heal|p2a: Tyranitar|195/387|[from] item: Leftovers","|-heal|p1a: Blissey|363/651|[from] item: Leftovers","|upkeep","|turn|36","||adding 10 for new turn","|","|t:|1752978571","|move|p2a: Tyranitar|Rock Slide|p1a: Blissey","|-damage|p1a: Blissey|73/651","|move|p1a: Blissey|Toxic|p2a: Tyranitar","|-status|p2a: Tyranitar|tox","|","|-weather|Sandstorm|[upkeep]","|-damage|p1a: Blissey|33/651|[from] Sandstorm","|-heal|p2a: Tyranitar|219/387 tox|[from] item: Leftovers","|-damage|p2a: Tyranitar|195/387 tox|[from] psn","|-heal|p1a: Blissey|73/651|[from] item: Leftovers","|upkeep","|turn|37","||adding 10 for new turn","|","|t:|1752978579","|move|p2a: Tyranitar|Earthquake|p1a: Blissey","|-damage|p1a: Blissey|0 fnt","|faint|p1a: Blissey","||adding 5 to each for mid turn request","|","|t:|1752978582","|switch|p1a: Swampert|Swampert, F|174/401","|-damage|p1a: Swampert|124/401|[from] Spikes","|","|-weather|Sandstorm|[upkeep]","|-heal|p2a: Tyranitar|219/387 tox|[from] item: Leftovers","|-damage|p2a: Tyranitar|171/387 tox|[from] psn","|-heal|p1a: Swampert|149/401|[from] item: Leftovers","|upkeep","|turn|38","||adding 10 for new turn","|","|t:|1752978587","|move|p1a: Swampert|Protect|p1a: Swampert","|-singleturn|p1a: Swampert|Protect","|move|p2a: Tyranitar|Earthquake|p1a: Swampert","|-activate|p1a: Swampert|Protect","|","|-weather|Sandstorm|[upkeep]","|-heal|p2a: Tyranitar|195/387 tox|[from] item: Leftovers","|-damage|p2a: Tyranitar|123/387 tox|[from] psn","|-heal|p1a: Swampert|174/401|[from] item: Leftovers","|upkeep","|turn|39","||adding 10 for new turn","|","|t:|1752978591","|move|p1a: Swampert|Protect||[still]","|-fail|p1a: Swampert","|move|p2a: Tyranitar|Earthquake|p1a: Swampert","|-damage|p1a: Swampert|54/401","|","|-weather|Sandstorm|[upkeep]","|-heal|p2a: Tyranitar|147/387 tox|[from] item: Leftovers","|-damage|p2a: Tyranitar|51/387 tox|[from] psn","|-heal|p1a: Swampert|79/401|[from] item: Leftovers","|upkeep","|turn|40","||adding 10 for new turn","|","|t:|1752978595","|move|p1a: Swampert|Protect|p1a: Swampert","|-singleturn|p1a: Swampert|Protect","|move|p2a: Tyranitar|Earthquake|p1a: Swampert","|-activate|p1a: Swampert|Protect","|","|-weather|Sandstorm|[upkeep]","|-heal|p2a: Tyranitar|75/387 tox|[from] item: Leftovers","|-damage|p2a: Tyranitar|0 fnt|[from] psn","|faint|p2a: Tyranitar","|-heal|p1a: Swampert|104/401|[from] item: Leftovers","|upkeep","||adding 5 to each for mid turn request","|","|t:|1752978599","|switch|p2a: Claydol|Claydol|317/317","|turn|41","||adding 10 for new turn","|","|t:|1752978606","|move|p2a: Claydol|Earthquake|p1a: Swampert","|-damage|p1a: Swampert|0 fnt","|faint|p1a: Swampert","||adding 5 to each for mid turn request","|","|t:|1752978613","|switch|p1a: Gengar|Gengar, F|303/303","|","|-weather|Sandstorm|[upkeep]","|-damage|p1a: Gengar|285/303|[from] Sandstorm","|-heal|p1a: Gengar|303/303|[from] item: Leftovers","|upkeep","|turn|42","||adding 10 for new turn","|","|t:|1752978620","|move|p1a: Gengar|Ice Punch|p2a: Claydol","|-supereffective|p2a: Claydol","|-damage|p2a: Claydol|188/317","|-status|p2a: Claydol|frz","|cant|p2a: Claydol|frz","|","|-weather|Sandstorm|[upkeep]","|-damage|p1a: Gengar|285/303|[from] Sandstorm","|-heal|p1a: Gengar|303/303|[from] item: Leftovers","|-heal|p2a: Claydol|207/317 frz|[from] item: Leftovers","|upkeep","|turn|43","||adding 10 for new turn","|","|t:|1752978628","|switch|p2a: Milotic|Milotic, M|265/393","|-damage|p2a: Milotic|167/393|[from] Spikes","|move|p1a: Gengar|Ice Punch|p2a: Milotic","|-resisted|p2a: Milotic","|-damage|p2a: Milotic|139/393","|","|-weather|Sandstorm|[upkeep]","|-damage|p1a: Gengar|285/303|[from] Sandstorm","|-damage|p2a: Milotic|115/393|[from] Sandstorm","|-heal|p1a: Gengar|303/303|[from] item: Leftovers","|-heal|p2a: Milotic|139/393|[from] item: Leftovers","|upkeep","|turn|44","||adding 10 for new turn","|","|t:|1752978635","|move|p1a: Gengar|Thunderbolt|p2a: Milotic","|-supereffective|p2a: Milotic","|-damage|p2a: Milotic|0 fnt","|faint|p2a: Milotic","||adding 5 to each for mid turn request","|","|t:|1752978642","|switch|p2a: Claydol|Claydol|207/317 frz","|","|-weather|Sandstorm|[upkeep]","|-damage|p1a: Gengar|285/303|[from] Sandstorm","|-heal|p1a: Gengar|303/303|[from] item: Leftovers","|-heal|p2a: Claydol|226/317 frz|[from] item: Leftovers","|upkeep","|turn|45","||adding 10 for new turn","|","|t:|1752978649","|move|p1a: Gengar|Ice Punch|p2a: Claydol","|-supereffective|p2a: Claydol","|-damage|p2a: Claydol|94/317 frz","|cant|p2a: Claydol|frz","|","|-weather|Sandstorm|[upkeep]","|-damage|p1a: Gengar|285/303|[from] Sandstorm","|-heal|p1a: Gengar|303/303|[from] item: Leftovers","|-heal|p2a: Claydol|113/317 frz|[from] item: Leftovers","|upkeep","|turn|46","||adding 10 for new turn","|","|t:|1752978656","|move|p1a: Gengar|Ice Punch|p2a: Claydol","|-supereffective|p2a: Claydol","|-damage|p2a: Claydol|0 fnt","|faint|p2a: Claydol","||adding 5 to each for mid turn request","|","|t:|1752978662","|switch|p2a: Dugtrio|Dugtrio, F|185/211","|-damage|p2a: Dugtrio|133/211|[from] Spikes","|","|-weather|Sandstorm|[upkeep]","|-damage|p1a: Gengar|285/303|[from] Sandstorm","|-heal|p1a: Gengar|303/303|[from] item: Leftovers","|upkeep","|turn|47","||adding 10 for new turn","|","|t:|1752978669","|move|p2a: Dugtrio|Aerial Ace|p1a: Gengar","|-damage|p1a: Gengar|184/303","|move|p1a: Gengar|Ice Punch|p2a: Dugtrio","|-supereffective|p2a: Dugtrio","|-damage|p2a: Dugtrio|0 fnt","|faint|p2a: Dugtrio","|","|win|foultestchallenge1",""],"p1rating":null,"p2rating":null,"endType":"normal","ladderError":true,"timestamp":"Sat Jul 19 2025 19:31:09 GMT-0700 (アメリカ太平洋夏時間)","roomid":"battle-gen3ou-1036","format":"gen3ou"}