{"winner":"foultestchallenge1","seed":"sodium,355e077a554850c5524dd9381feb5b80","turns":69,"p1":"foultestchallenge1","p2":"foultestacceptor1","p1team":[{"name":"Skarmory","species":"Skarmory","item":"Leftovers","ability":"Keen Eye","moves":["Spikes","Protect","Roar","Toxic"],"nature":"Careful","evs":{"hp":252,"atk":0,"def":8,"spa":0,"spd":248,"spe":0},"gender":"F","ivs":{"hp":31,"atk":0,"def":31,"spa":31,"spd":31,"spe":31},"level":100},{"name":"Blissey","species":"Blissey","item":"Leftovers","ability":"Natural Cure","moves":["Soft-Boiled","Ice Beam","Toxic","Fire Blast"],"nature":"Modest","evs":{"hp":0,"atk":0,"def":252,"spa":252,"spd":0,"spe":4},"gender":"F","ivs":{"hp":31,"atk":0,"def":31,"spa":31,"spd":31,"spe":31},"shiny":true,"level":100},{"name":"Tyranitar","species":"Tyranitar","item":"Leftovers","ability":"Sand Stream","moves":["Focus Punch","Rock Slide","Hidden Power Bug","Earthquake"],"nature":"Adamant","evs":{"hp":248,"atk":196,"def":12,"spa":0,"spd":52,"spe":0},"gender":"F","ivs":{"hp":31,"atk":30,"def":30,"spa":31,"spd":30,"spe":31},"happiness":255,"hpType":"Bug","pokeball":"","gigantamax":false,"dynamaxLevel":10,"teraType":"","level":100},{"name":"Swampert","species":"Swampert","item":"Leftovers","ability":"Torrent","moves":["Earthquake","Ice Beam","Hydro Pump","Protect"],"nature":"Relaxed","evs":{"hp":240,"atk":0,"def":136,"spa":40,"spd":48,"spe":44},"gender":"F","level":100,"ivs":{"hp":31,"atk":31,"def":31,"spa":31,"spd":31,"spe":31}},{"name":"Gengar","species":"Gengar","item":"Leftovers","ability":"Levitate","moves":["Will-O-Wisp","Thunderbolt","Ice Punch","Explosion"],"nature":"Timid","evs":{"hp":168,"atk":0,"def":0,"spa":0,"spd":164,"spe":176},"gender":"F","level":100,"ivs":{"hp":31,"atk":31,"def":31,"spa":31,"spd":31,"spe":31}},{"name":"Starmie","species":"Starmie","item":"Leftovers","ability":"Natural Cure","moves":["Hydro Pump","Ice Beam","Thunderbolt","Rapid Spin"],"nature":"Timid","evs":{"hp":4,"atk":0,"def":0,"spa":252,"spd":0,"spe":252},"gender":"N","ivs":{"hp":31,"atk":0,"def":31,"spa":31,"spd":31,"spe":31},"level":100}],"p2team":[{"name":"Metagross","species":"Metagross","item":"Leftovers","ability":"Clear Body","moves":["Meteor Mash","Earthquake","Agility","Explosion"],"nature":"Adamant","evs":{"hp":152,"atk":252,"def":0,"spa":0,"spd":0,"spe":104},"gender":"N","level":100,"ivs":{"hp":31,"atk":31,"def":31,"spa":31,"spd":31,"spe":31}},{"name":"Milotic","species":"Milotic","item":"Leftovers","ability":"Marvel Scale","moves":["Hypnosis","Surf","Ice Beam","Recover"],"nature":"Bold","evs":{"hp":248,"atk":0,"def":212,"spa":0,"spd":0,"spe":48},"gender":"M","ivs":{"hp":31,"atk":0,"def":31,"spa":31,"spd":31,"spe":31},"level":100},{"name":"Celebi","species":"Celebi","item":"Leftovers","ability":"Natural Cure","moves":["Swords Dance","Hidden Power Rock","Baton Pass","Recover"],"nature":"Jolly","evs":{"hp":240,"atk":0,"def":44,"spa":0,"spd":4,"spe":220},"gender":"N","ivs":{"hp":31,"atk":31,"def":30,"spa":31,"spd":30,"spe":30},"happiness":255,"hpType":"Rock","pokeball":"","gigantamax":false,"dynamaxLevel":10,"teraType":"","level":100},{"name":"Magneton","species":"Magneton","item":"Leftovers","ability":"Magnet Pull","moves":["Thunderbolt","Hidden Power Fire","Thunder Wave","Toxic"],"nature":"Timid","evs":{"hp":144,"atk":0,"def":0,"spa":112,"spd":0,"spe":252},"gender":"N","ivs":{"hp":31,"atk":2,"def":31,"spa":30,"spd":31,"spe":30},"happiness":255,"hpType":"Fire","pokeball":"","gigantamax":false,"dynamaxLevel":10,"teraType":"","level":100},{"name":"Heracross","species":"Heracross","item":"Leftovers","ability":"Guts","moves":["Megahorn","Rock Slide","Hidden Power Ghost","Brick Break"],"nature":"Adamant","evs":{"hp":144,"atk":16,"def":0,"spa":0,"spd":184,"spe":164},"gender":"F","ivs":{"hp":31,"atk":31,"def":30,"spa":31,"spd":30,"spe":31},"happiness":255,"hpType":"Ghost","pokeball":"","gigantamax":false,"dynamaxLevel":10,"teraType":"","level":100},{"name":"Gyarados","species":"Gyarados","item":"Leftovers","ability":"Intimidate","moves":["Hidden Power Flying","Double-Edge","Earthquake","Dragon Dance"],"nature":"Jolly","evs":{"hp":0,"atk":252,"def":4,"spa":0,"spd":0,"spe":252},"gender":"M","ivs":{"hp":30,"atk":30,"def":30,"spa":30,"spd":30,"spe":31},"happiness":255,"hpType":"Flying","pokeball":"","gigantamax":false,"dynamaxLevel":10,"teraType":"","level":100}],"score":[2,0],"inputLog":[">version 372d05e49c92a79eecdf6c8dddb208bd1765c00f",">start {\"formatid\":\"gen3ou\",\"seed\":\"sodium,355e077a554850c5524dd9381feb5b80\"}",">player p1 {\"name\":\"foultestchallenge1\",\"avatar\":\"1\",\"team\":\"Skarmory||Leftovers|KeenEye|Spikes,Protect,Roar,Toxic|Careful|252,,8,,248,|F|,0,,,,|||]Blissey||Leftovers|NaturalCure|SoftBoiled,IceBeam,Toxic,FireBlast|Modest|,,252,252,,4|F|,0,,,,|S||]Tyranitar||Leftovers|SandStream|FocusPunch,RockSlide,HiddenPowerBug,Earthquake|Adamant|248,196,12,,52,|F|,30,30,,30,|||,Bug,,,,]Swampert||Leftovers|Torrent|Earthquake,IceBeam,HydroPump,Protect|Relaxed|240,,136,40,48,44|F||||]Gengar||Leftovers|Levitate|WillOWisp,Thunderbolt,IcePunch,Explosion|Timid|168,,,,164,176|F||||]Starmie||Leftovers|NaturalCure|HydroPump,IceBeam,Thunderbolt,RapidSpin|Timid|4,,,252,,252|N|,0,,,,|||\",\"rating\":0}",">player p2 {\"name\":\"foultestacceptor1\",\"avatar\":\"1\",\"team\":\"Metagross||Leftovers|ClearBody|MeteorMash,Earthquake,Agility,Explosion|Adamant|152,252,,,,104|N||||]Milotic||Leftovers|MarvelScale|Hypnosis,Surf,IceBeam,Recover|Bold|248,,212,,,48|M|,0,,,,|||]Celebi||Leftovers|NaturalCure|SwordsDance,HiddenPowerRock,BatonPass,Recover|Jolly|240,,44,,4,220|N|,,30,,30,30|||,Rock,,,,]Magneton||Leftovers|MagnetPull|Thunderbolt,HiddenPowerFire,ThunderWave,Toxic|Timid|144,,,112,,252|N|,2,,30,,30|||,Fire,,,,]Heracross||Leftovers|Guts|Megahorn,RockSlide,HiddenPowerGhost,BrickBreak|Adamant|144,16,,,184,164|F|,,30,,30,|||,Ghost,,,,]Gyarados||Leftovers|Intimidate|HiddenPowerFlying,DoubleEdge,Earthquake,DragonDance|Jolly|,252,4,,,252|M|30,30,30,30,30,|||,Flying,,,,\",\"rating\":0}",">p1 move spikes",">p2 switch 4",">p1 move protect",">p2 move thunderbolt",">p1 move protect",">p2 move thunderbolt",">p1 move protect",">p2 move thunderbolt",">p1 move protect",">p2 move thunderbolt",">p1 move protect",">p2 move thunderbolt",">p1 switch 4",">p1 move earthquake",">p2 switch 6",">p1 switch 3",">p2 move dragondance",">p1 move rockslide",">p2 move earthquake",">p2 switch 4",">p1 switch 3",">p2 move meteormash",">p1 move earthquake",">p2 move explosion",">p1 switch 2",">p2 switch 2",">p1 move icebeam",">p2 move hypnosis",">p1 move icebeam",">p2 move surf",">p1 move icebeam",">p2 move surf",">p1 move softboiled",">p2 move hypnosis",">p1 move softboiled",">p2 move surf",">p1 move softboiled",">p2 move surf",">p1 move softboiled",">p2 switch 5",">p1 move fireblast",">p2 move brickbreak",">p1 switch 5",">p2 move brickbreak",">p1 move icepunch",">p2 move hiddenpower",">p1 move thunderbolt",">p2 switch 6",">p1 move explosion",">p2 move thunderbolt",">p1 switch 5",">p1 move softboiled",">p2 move thunderbolt",">p1 move fireblast",">p2 switch 5",">p1 move softboiled",">p2 move recover",">p1 move icebeam",">p2 move hypnosis",">p1 move icebeam",">p2 move hypnosis",">p1 switch 6",">p2 move surf",">p1 move thunderbolt",">p2 move recover",">p1 move thunderbolt",">p2 move surf",">p1 move thunderbolt",">p2 move recover",">p1 move thunderbolt",">p2 move recover",">p1 move thunderbolt",">p2 move recover",">p1 move thunderbolt",">p2 move surf",">p1 move thunderbolt",">p2 move recover",">p1 move thunderbolt",">p2 move surf",">p1 switch 6",">p1 move toxic",">p2 move recover",">p1 move icebeam",">p2 move recover",">p1 move fireblast",">p2 move recover",">p1 move icebeam",">p2 move recover",">p1 move icebeam",">p2 switch 5",">p2 switch 5",">p1 move icebeam",">p2 move recover",">p1 move icebeam",">p2 move recover",">p1 move icebeam",">p2 move recover",">p1 move toxic",">p2 switch 6",">p2 switch 6",">p1 move fireblast",">p2 move recover",">p1 move toxic",">p2 move hypnosis",">p1 move icebeam",">p2 move hypnosis",">p1 move icebeam",">p2 switch 3",">p1 move fireblast",">p2 move swordsdance",">p1 switch 3",">p2 move hiddenpower",">p1 switch 3",">p2 move hiddenpower",">p1 move icebeam",">p2 move hiddenpower",">p1 move softboiled",">p2 move hiddenpower",">p1 move softboiled",">p2 move recover",">p1 move toxic",">p2 move batonpass",">p2 switch 3",">p1 move icebeam",">p2 move recover",">p1 move toxic",">p2 move recover",">p1 move toxic",">p2 move hypnosis",">p1 move toxic",">p2 move recover",">p1 move icebeam",">p2 switch 3",">p2 switch 3",">p1 move icebeam",">p2 move recover",">p1 move fireblast",">p2 move recover",">p1 move icebeam",">p2 move icebeam",">p1 switch 3",">p2 move recover",">p1 move earthquake",">p2 move recover",">p1 move focuspunch",">p2 move recover",">p1 move focuspunch",">p2 move recover"],"log":["|j|☆foultestchallenge1","|j|☆foultestacceptor1","|t:|1752924659","|gametype|singles","|player|p1|foultestchallenge1|1|","|player|p2|foultestacceptor1|1|","|teamsize|p1|6","|teamsize|p2|6","|gen|3","|tier|[Gen 3] OU","|rule|Sleep Clause Mod: Limit one foe put to sleep","|rule|Switch Priority Clause Mod: Faster Pokémon switch first","|rule|Species Clause: Limit one of each Pokémon","|rule|OHKO Clause: OHKO moves are banned","|rule|Evasion Items Clause: Evasion items are banned","|rule|Evasion Moves Clause: Evasion moves are banned","|rule|Endless Battle Clause: Forcing endless battles is banned","|rule|HP Percentage Mod: HP is shown in percentages","|rule|One Boost Passer Clause: Limit one Baton Passer that has a way to boost its stats","|rule|Freeze Clause Mod: Limit one foe frozen","|","|t:|1752924659","|start","|switch|p1a: Skarmory|Skarmory, F|334/334","|switch|p2a: Metagross|Metagross|339/339","|turn|1","|inactive|Battle timer is ON: inactive players will automatically lose when time's up. (requested by foultestacceptor1)","|inactive|foultestchallenge1 also wants the timer to be on.","|","|t:|1752924660","|switch|p2a: Magneton|Magneton|277/277","|move|p1a: Skarmory|Spikes|p2a: Magneton","|-sidestart|p2: foultestacceptor1|Spikes","|","|upkeep","|turn|2","||adding 10 for new turn","|","|t:|1752924661","|move|p1a: Skarmory|Protect|p1a: Skarmory","|-singleturn|p1a: Skarmory|Protect","|move|p2a: Magneton|Thunderbolt|p1a: Skarmory","|-activate|p1a: Skarmory|Protect","|","|upkeep","|turn|3","||adding 10 for new turn","|","|t:|1752924662","|move|p1a: Skarmory|Protect|p1a: Skarmory","|-singleturn|p1a: Skarmory|Protect","|move|p2a: Magneton|Thunderbolt|p1a: Skarmory","|-activate|p1a: Skarmory|Protect","|","|upkeep","|turn|4","||adding 10 for new turn","|","|t:|1752924663","|move|p1a: Skarmory|Protect||[still]","|-fail|p1a: Skarmory","|move|p2a: Magneton|Thunderbolt|p1a: Skarmory","|-supereffective|p1a: Skarmory","|-damage|p1a: Skarmory|81/334","|","|-heal|p1a: Skarmory|101/334|[from] item: Leftovers","|upkeep","|turn|5","||adding 10 for new turn","|","|t:|1752924664","|move|p1a: Skarmory|Protect|p1a: Skarmory","|-singleturn|p1a: Skarmory|Protect","|move|p2a: Magneton|Thunderbolt|p1a: Skarmory","|-activate|p1a: Skarmory|Protect","|","|-heal|p1a: Skarmory|121/334|[from] item: Leftovers","|upkeep","|turn|6","||adding 10 for new turn","|","|t:|1752924665","|move|p1a: Skarmory|Protect||[still]","|-fail|p1a: Skarmory","|move|p2a: Magneton|Thunderbolt|p1a: Skarmory","|-supereffective|p1a: Skarmory","|-crit|p1a: Skarmory","|-damage|p1a: Skarmory|0 fnt","|faint|p1a: Skarmory","||adding 5 to each for mid turn request","|","|t:|1752924666","|switch|p1a: Swampert|Swampert, F|401/401","|","|upkeep","|turn|7","||adding 10 for new turn","|","|t:|1752924667","|switch|p2a: Gyarados|Gyarados, M|330/330","|-ability|p2a: Gyarados|Intimidate|boost","|-unboost|p1a: Swampert|atk|1","|move|p1a: Swampert|Earthquake|p2a: Gyarados","|-immune|p2a: Gyarados","|","|upkeep","|turn|8","||adding 10 for new turn","|","|t:|1752924668","|switch|p1a: Tyranitar|Tyranitar, F|403/403","|-weather|Sandstorm|[from] ability: Sand Stream|[of] p1a: Tyranitar","|move|p2a: Gyarados|Dragon Dance|p2a: Gyarados","|-boost|p2a: Gyarados|atk|1","|-boost|p2a: Gyarados|spe|1","|","|-weather|Sandstorm|[upkeep]","|-damage|p2a: Gyarados|310/330|[from] Sandstorm","|-heal|p2a: Gyarados|330/330|[from] item: Leftovers","|upkeep","|turn|9","||adding 10 for new turn","|","|t:|1752924669","|move|p2a: Gyarados|Earthquake|p1a: Tyranitar","|-supereffective|p1a: Tyranitar","|-damage|p1a: Tyranitar|109/403","|move|p1a: Tyranitar|Rock Slide|p2a: Gyarados","|-supereffective|p2a: Gyarados","|-crit|p2a: Gyarados","|-damage|p2a: Gyarados|0 fnt","|faint|p2a: Gyarados","||adding 5 to each for mid turn request","|","|t:|1752924670","|switch|p2a: Metagross|Metagross|339/339","|-damage|p2a: Metagross|297/339|[from] Spikes","|","|-weather|Sandstorm|[upkeep]","|-heal|p2a: Metagross|318/339|[from] item: Leftovers","|-heal|p1a: Tyranitar|134/403|[from] item: Leftovers","|upkeep","|turn|10","||adding 10 for new turn","|","|t:|1752924671","|switch|p1a: Swampert|Swampert, F|401/401","|move|p2a: Metagross|Meteor Mash|p1a: Swampert|[miss]","|-miss|p2a: Metagross|p1a: Swampert","|","|-weather|Sandstorm|[upkeep]","|-heal|p2a: Metagross|339/339|[from] item: Leftovers","|upkeep","|turn|11","||adding 10 for new turn","|","|t:|1752924672","|move|p2a: Metagross|Explosion|p1a: Swampert","|-damage|p1a: Swampert|0 fnt","|faint|p2a: Metagross","|faint|p1a: Swampert","||adding 5 to each for mid turn request","|","|t:|1752924673","|switch|p2a: Milotic|Milotic, M|393/393","|switch|p1a: Blissey|Blissey, F, shiny|651/651","|-damage|p2a: Milotic|344/393|[from] Spikes","|","|-weather|Sandstorm|[upkeep]","|-damage|p2a: Milotic|320/393|[from] Sandstorm","|-damage|p1a: Blissey|611/651|[from] Sandstorm","|-heal|p2a: Milotic|344/393|[from] item: Leftovers","|-heal|p1a: Blissey|651/651|[from] item: Leftovers","|upkeep","|turn|12","||adding 10 for new turn","|","|t:|1752924674","|move|p2a: Milotic|Hypnosis|p1a: Blissey","|-status|p1a: Blissey|slp|[from] move: Hypnosis","|cant|p1a: Blissey|slp","|","|-weather|Sandstorm|[upkeep]","|-damage|p2a: Milotic|320/393|[from] Sandstorm","|-damage|p1a: Blissey|611/651 slp|[from] Sandstorm","|-heal|p2a: Milotic|344/393|[from] item: Leftovers","|-heal|p1a: Blissey|651/651 slp|[from] item: Leftovers","|upkeep","|turn|13","||adding 10 for new turn","|","|t:|1752924675","|move|p2a: Milotic|Surf|p1a: Blissey","|-damage|p1a: Blissey|563/651 slp","|cant|p1a: Blissey|slp","|","|-weather|Sandstorm|[upkeep]","|-damage|p2a: Milotic|320/393|[from] Sandstorm","|-damage|p1a: Blissey|523/651 slp|[from] Sandstorm","|-heal|p2a: Milotic|344/393|[from] item: Leftovers","|-heal|p1a: Blissey|563/651 slp|[from] item: Leftovers","|upkeep","|turn|14","||adding 10 for new turn","|","|t:|1752924676","|move|p2a: Milotic|Surf|p1a: Blissey","|-damage|p1a: Blissey|483/651 slp","|-curestatus|p1a: Blissey|slp|[msg]","|move|p1a: Blissey|Ice Beam|p2a: Milotic","|-resisted|p2a: Milotic","|-damage|p2a: Milotic|308/393","|","|-weather|Sandstorm|[upkeep]","|-damage|p2a: Milotic|284/393|[from] Sandstorm","|-damage|p1a: Blissey|443/651|[from] Sandstorm","|-heal|p2a: Milotic|308/393|[from] item: Leftovers","|-heal|p1a: Blissey|483/651|[from] item: Leftovers","|upkeep","|turn|15","||adding 10 for new turn","|","|t:|1752924677","|move|p2a: Milotic|Hypnosis|p1a: Blissey","|-status|p1a: Blissey|slp|[from] move: Hypnosis","|cant|p1a: Blissey|slp","|","|-weather|Sandstorm|[upkeep]","|-damage|p2a: Milotic|284/393|[from] Sandstorm","|-damage|p1a: Blissey|443/651 slp|[from] Sandstorm","|-heal|p2a: Milotic|308/393|[from] item: Leftovers","|-heal|p1a: Blissey|483/651 slp|[from] item: Leftovers","|upkeep","|turn|16","||adding 10 for new turn","|","|t:|1752924678","|move|p2a: Milotic|Surf|p1a: Blissey","|-damage|p1a: Blissey|392/651 slp","|cant|p1a: Blissey|slp","|","|-weather|Sandstorm|[upkeep]","|-damage|p2a: Milotic|284/393|[from] Sandstorm","|-damage|p1a: Blissey|352/651 slp|[from] Sandstorm","|-heal|p2a: Milotic|308/393|[from] item: Leftovers","|-heal|p1a: Blissey|392/651 slp|[from] item: Leftovers","|upkeep","|turn|17","||adding 10 for new turn","|","|t:|1752924679","|move|p2a: Milotic|Surf|p1a: Blissey","|-damage|p1a: Blissey|312/651 slp","|cant|p1a: Blissey|slp","|","|-weather|Sandstorm|[upkeep]","|-damage|p2a: Milotic|284/393|[from] Sandstorm","|-damage|p1a: Blissey|272/651 slp|[from] Sandstorm","|-heal|p2a: Milotic|308/393|[from] item: Leftovers","|-heal|p1a: Blissey|312/651 slp|[from] item: Leftovers","|upkeep","|turn|18","||adding 10 for new turn","|","|t:|1752924680","|switch|p2a: Heracross|Heracross, F|337/337","|-damage|p2a: Heracross|295/337|[from] Spikes","|-curestatus|p1a: Blissey|slp|[msg]","|move|p1a: Blissey|Soft-Boiled|p1a: Blissey","|-heal|p1a: Blissey|637/651","|","|-weather|Sandstorm|[upkeep]","|-damage|p2a: Heracross|274/337|[from] Sandstorm","|-damage|p1a: Blissey|597/651|[from] Sandstorm","|-heal|p2a: Heracross|295/337|[from] item: Leftovers","|-heal|p1a: Blissey|637/651|[from] item: Leftovers","|upkeep","|turn|19","||adding 10 for new turn","|","|t:|1752924681","|move|p2a: Heracross|Brick Break|p1a: Blissey","|-supereffective|p1a: Blissey","|-damage|p1a: Blissey|184/651","|move|p1a: Blissey|Fire Blast|p2a: Heracross","|-supereffective|p2a: Heracross","|-damage|p2a: Heracross|120/337","|","|-weather|Sandstorm|[upkeep]","|-damage|p2a: Heracross|99/337|[from] Sandstorm","|-damage|p1a: Blissey|144/651|[from] Sandstorm","|-heal|p2a: Heracross|120/337|[from] item: Leftovers","|-heal|p1a: Blissey|184/651|[from] item: Leftovers","|upkeep","|turn|20","||adding 10 for new turn","|","|t:|1752924682","|switch|p1a: Gengar|Gengar, F|303/303","|move|p2a: Heracross|Brick Break|p1a: Gengar","|-immune|p1a: Gengar","|","|-weather|Sandstorm|[upkeep]","|-damage|p1a: Gengar|285/303|[from] Sandstorm","|-damage|p2a: Heracross|99/337|[from] Sandstorm","|-heal|p1a: Gengar|303/303|[from] item: Leftovers","|-heal|p2a: Heracross|120/337|[from] item: Leftovers","|upkeep","|turn|21","||adding 10 for new turn","|","|t:|1752924683","|move|p1a: Gengar|Ice Punch|p2a: Heracross","|-damage|p2a: Heracross|50/337","|move|p2a: Heracross|Hidden Power|p1a: Gengar","|-supereffective|p1a: Gengar","|-damage|p1a: Gengar|72/303","|","|-weather|Sandstorm|[upkeep]","|-damage|p1a: Gengar|54/303|[from] Sandstorm","|-damage|p2a: Heracross|29/337|[from] Sandstorm","|-heal|p1a: Gengar|72/303|[from] item: Leftovers","|-heal|p2a: Heracross|50/337|[from] item: Leftovers","|upkeep","|turn|22","||adding 10 for new turn","|","|t:|1752924684","|switch|p2a: Magneton|Magneton|277/277","|-damage|p2a: Magneton|243/277|[from] Spikes","|move|p1a: Gengar|Thunderbolt|p2a: Magneton","|-resisted|p2a: Magneton","|-damage|p2a: Magneton|178/277","|","|-weather|Sandstorm|[upkeep]","|-damage|p1a: Gengar|54/303|[from] Sandstorm","|-heal|p1a: Gengar|72/303|[from] item: Leftovers","|-heal|p2a: Magneton|195/277|[from] item: Leftovers","|upkeep","|turn|23","||adding 10 for new turn","|","|t:|1752924685","|move|p1a: Gengar|Explosion|p2a: Magneton","|-resisted|p2a: Magneton","|-damage|p2a: Magneton|65/277","|faint|p1a: Gengar","||adding 5 to each for mid turn request","|","|t:|1752924686","|switch|p1a: Blissey|Blissey, F, shiny|184/651","|","|-weather|Sandstorm|[upkeep]","|-damage|p1a: Blissey|144/651|[from] Sandstorm","|-heal|p2a: Magneton|82/277|[from] item: Leftovers","|-heal|p1a: Blissey|184/651|[from] item: Leftovers","|upkeep","|turn|24","||adding 10 for new turn","|","|t:|1752924687","|move|p2a: Magneton|Thunderbolt|p1a: Blissey","|-damage|p1a: Blissey|79/651","|move|p1a: Blissey|Soft-Boiled|p1a: Blissey","|-heal|p1a: Blissey|404/651","|","|-weather|Sandstorm|[upkeep]","|-damage|p1a: Blissey|364/651|[from] Sandstorm","|-heal|p2a: Magneton|99/277|[from] item: Leftovers","|-heal|p1a: Blissey|404/651|[from] item: Leftovers","|upkeep","|turn|25","||adding 10 for new turn","|","|t:|1752924688","|switch|p2a: Milotic|Milotic, M|308/393","|-damage|p2a: Milotic|259/393|[from] Spikes","|move|p1a: Blissey|Fire Blast|p2a: Milotic","|-resisted|p2a: Milotic","|-damage|p2a: Milotic|214/393","|","|-weather|Sandstorm|[upkeep]","|-damage|p2a: Milotic|190/393|[from] Sandstorm","|-damage|p1a: Blissey|364/651|[from] Sandstorm","|-heal|p2a: Milotic|214/393|[from] item: Leftovers","|-heal|p1a: Blissey|404/651|[from] item: Leftovers","|upkeep","|turn|26","||adding 10 for new turn","|","|t:|1752924688","|move|p2a: Milotic|Recover|p2a: Milotic","|-heal|p2a: Milotic|393/393","|move|p1a: Blissey|Soft-Boiled|p1a: Blissey","|-heal|p1a: Blissey|651/651","|","|-weather|Sandstorm|[upkeep]","|-damage|p2a: Milotic|369/393|[from] Sandstorm","|-damage|p1a: Blissey|611/651|[from] Sandstorm","|-heal|p2a: Milotic|393/393|[from] item: Leftovers","|-heal|p1a: Blissey|651/651|[from] item: Leftovers","|upkeep","|turn|27","||adding 10 for new turn","|","|t:|1752924689","|move|p2a: Milotic|Hypnosis|p1a: Blissey|[miss]","|-miss|p2a: Milotic|p1a: Blissey","|move|p1a: Blissey|Ice Beam|p2a: Milotic","|-resisted|p2a: Milotic","|-damage|p2a: Milotic|358/393","|","|-weather|Sandstorm|[upkeep]","|-damage|p2a: Milotic|334/393|[from] Sandstorm","|-damage|p1a: Blissey|611/651|[from] Sandstorm","|-heal|p2a: Milotic|358/393|[from] item: Leftovers","|-heal|p1a: Blissey|651/651|[from] item: Leftovers","|upkeep","|turn|28","||adding 10 for new turn","|","|t:|1752924690","|move|p2a: Milotic|Hypnosis|p1a: Blissey","|-status|p1a: Blissey|slp|[from] move: Hypnosis","|cant|p1a: Blissey|slp","|","|-weather|Sandstorm|[upkeep]","|-damage|p2a: Milotic|334/393|[from] Sandstorm","|-damage|p1a: Blissey|611/651 slp|[from] Sandstorm","|-heal|p2a: Milotic|358/393|[from] item: Leftovers","|-heal|p1a: Blissey|651/651 slp|[from] item: Leftovers","|upkeep","|turn|29","||adding 10 for new turn","|","|t:|1752924691","|-curestatus|p1a: Blissey|slp|[from] ability: Natural Cure","|switch|p1a: Starmie|Starmie|262/262","|move|p2a: Milotic|Surf|p1a: Starmie","|-resisted|p1a: Starmie","|-damage|p1a: Starmie|194/262","|","|-weather|Sandstorm|[upkeep]","|-damage|p1a: Starmie|178/262|[from] Sandstorm","|-damage|p2a: Milotic|334/393|[from] Sandstorm","|-heal|p1a: Starmie|194/262|[from] item: Leftovers","|-heal|p2a: Milotic|358/393|[from] item: Leftovers","|upkeep","|turn|30","||adding 10 for new turn","|","|t:|1752924692","|move|p1a: Starmie|Thunderbolt|p2a: Milotic","|-supereffective|p2a: Milotic","|-damage|p2a: Milotic|194/393","|move|p2a: Milotic|Recover|p2a: Milotic","|-heal|p2a: Milotic|390/393","|","|-weather|Sandstorm|[upkeep]","|-damage|p1a: Starmie|178/262|[from] Sandstorm","|-damage|p2a: Milotic|366/393|[from] Sandstorm","|-heal|p1a: Starmie|194/262|[from] item: Leftovers","|-heal|p2a: Milotic|390/393|[from] item: Leftovers","|upkeep","|turn|31","||adding 10 for new turn","|","|t:|1752924693","|move|p1a: Starmie|Thunderbolt|p2a: Milotic","|-supereffective|p2a: Milotic","|-damage|p2a: Milotic|246/393","|move|p2a: Milotic|Surf|p1a: Starmie","|-resisted|p1a: Starmie","|-damage|p1a: Starmie|129/262","|","|-weather|Sandstorm|[upkeep]","|-damage|p1a: Starmie|113/262|[from] Sandstorm","|-damage|p2a: Milotic|222/393|[from] Sandstorm","|-heal|p1a: Starmie|129/262|[from] item: Leftovers","|-heal|p2a: Milotic|246/393|[from] item: Leftovers","|upkeep","|turn|32","||adding 10 for new turn","|","|t:|1752924694","|move|p1a: Starmie|Thunderbolt|p2a: Milotic","|-supereffective|p2a: Milotic","|-damage|p2a: Milotic|80/393","|move|p2a: Milotic|Recover|p2a: Milotic","|-heal|p2a: Milotic|276/393","|","|-weather|Sandstorm|[upkeep]","|-damage|p1a: Starmie|113/262|[from] Sandstorm","|-damage|p2a: Milotic|252/393|[from] Sandstorm","|-heal|p1a: Starmie|129/262|[from] item: Leftovers","|-heal|p2a: Milotic|276/393|[from] item: Leftovers","|upkeep","|turn|33","||adding 10 for new turn","|","|t:|1752924695","|move|p1a: Starmie|Thunderbolt|p2a: Milotic","|-supereffective|p2a: Milotic","|-damage|p2a: Milotic|118/393","|move|p2a: Milotic|Recover|p2a: Milotic","|-heal|p2a: Milotic|314/393","|","|-weather|Sandstorm|[upkeep]","|-damage|p1a: Starmie|113/262|[from] Sandstorm","|-damage|p2a: Milotic|290/393|[from] Sandstorm","|-heal|p1a: Starmie|129/262|[from] item: Leftovers","|-heal|p2a: Milotic|314/393|[from] item: Leftovers","|upkeep","|turn|34","||adding 10 for new turn","|","|t:|1752924696","|move|p1a: Starmie|Thunderbolt|p2a: Milotic","|-supereffective|p2a: Milotic","|-damage|p2a: Milotic|148/393","|move|p2a: Milotic|Recover|p2a: Milotic","|-heal|p2a: Milotic|344/393","|","|-weather|Sandstorm|[upkeep]","|-damage|p1a: Starmie|113/262|[from] Sandstorm","|-damage|p2a: Milotic|320/393|[from] Sandstorm","|-heal|p1a: Starmie|129/262|[from] item: Leftovers","|-heal|p2a: Milotic|344/393|[from] item: Leftovers","|upkeep","|turn|35","||adding 10 for new turn","|","|t:|1752924697","|move|p1a: Starmie|Thunderbolt|p2a: Milotic","|-supereffective|p2a: Milotic","|-damage|p2a: Milotic|181/393","|move|p2a: Milotic|Surf|p1a: Starmie","|-resisted|p1a: Starmie","|-damage|p1a: Starmie|64/262","|","|-weather|Sandstorm|[upkeep]","|-damage|p1a: Starmie|48/262|[from] Sandstorm","|-damage|p2a: Milotic|157/393|[from] Sandstorm","|-heal|p1a: Starmie|64/262|[from] item: Leftovers","|-heal|p2a: Milotic|181/393|[from] item: Leftovers","|upkeep","|turn|36","||adding 10 for new turn","|","|t:|1752924697","|move|p1a: Starmie|Thunderbolt|p2a: Milotic","|-supereffective|p2a: Milotic","|-damage|p2a: Milotic|13/393","|move|p2a: Milotic|Recover|p2a: Milotic","|-heal|p2a: Milotic|209/393","|","|-weather|Sandstorm|[upkeep]","|-damage|p1a: Starmie|48/262|[from] Sandstorm","|-damage|p2a: Milotic|185/393|[from] Sandstorm","|-heal|p1a: Starmie|64/262|[from] item: Leftovers","|-heal|p2a: Milotic|209/393|[from] item: Leftovers","|upkeep","|turn|37","||adding 10 for new turn","|","|t:|1752924698","|move|p1a: Starmie|Thunderbolt|p2a: Milotic","|-supereffective|p2a: Milotic","|-damage|p2a: Milotic|60/393","|move|p2a: Milotic|Surf|p1a: Starmie","|-resisted|p1a: Starmie","|-damage|p1a: Starmie|0 fnt","|faint|p1a: Starmie","||adding 5 to each for mid turn request","|","|t:|1752924699","|switch|p1a: Blissey|Blissey, F, shiny|651/651","|","|-weather|Sandstorm|[upkeep]","|-damage|p2a: Milotic|36/393|[from] Sandstorm","|-damage|p1a: Blissey|611/651|[from] Sandstorm","|-heal|p2a: Milotic|60/393|[from] item: Leftovers","|-heal|p1a: Blissey|651/651|[from] item: Leftovers","|upkeep","|turn|38","||adding 10 for new turn","|","|t:|1752924700","|move|p2a: Milotic|Recover|p2a: Milotic","|-heal|p2a: Milotic|256/393","|move|p1a: Blissey|Toxic|p2a: Milotic","|-status|p2a: Milotic|tox","|","|-weather|Sandstorm|[upkeep]","|-damage|p2a: Milotic|232/393 tox|[from] Sandstorm","|-damage|p1a: Blissey|611/651|[from] Sandstorm","|-heal|p2a: Milotic|256/393 tox|[from] item: Leftovers","|-damage|p2a: Milotic|232/393 tox|[from] psn","|-heal|p1a: Blissey|651/651|[from] item: Leftovers","|upkeep","|turn|39","||adding 10 for new turn","|","|t:|1752924700","|move|p2a: Milotic|Recover|p2a: Milotic","|-heal|p2a: Milotic|393/393 tox","|move|p1a: Blissey|Ice Beam|p2a: Milotic","|-resisted|p2a: Milotic","|-crit|p2a: Milotic","|-damage|p2a: Milotic|323/393 tox","|","|-weather|Sandstorm|[upkeep]","|-damage|p2a: Milotic|299/393 tox|[from] Sandstorm","|-damage|p1a: Blissey|611/651|[from] Sandstorm","|-heal|p2a: Milotic|323/393 tox|[from] item: Leftovers","|-damage|p2a: Milotic|275/393 tox|[from] psn","|-heal|p1a: Blissey|651/651|[from] item: Leftovers","|upkeep","|turn|40","||adding 10 for new turn","|","|t:|1752924701","|move|p2a: Milotic|Recover|p2a: Milotic","|-heal|p2a: Milotic|393/393 tox","|move|p1a: Blissey|Fire Blast|p2a: Milotic","|-resisted|p2a: Milotic","|-damage|p2a: Milotic|348/393 tox","|","|-weather|Sandstorm|[upkeep]","|-damage|p2a: Milotic|324/393 tox|[from] Sandstorm","|-damage|p1a: Blissey|611/651|[from] Sandstorm","|-heal|p2a: Milotic|348/393 tox|[from] item: Leftovers","|-damage|p2a: Milotic|276/393 tox|[from] psn","|-heal|p1a: Blissey|651/651|[from] item: Leftovers","|upkeep","|turn|41","||adding 10 for new turn","|","|t:|1752924702","|move|p2a: Milotic|Recover|p2a: Milotic","|-heal|p2a: Milotic|393/393 tox","|move|p1a: Blissey|Ice Beam|p2a: Milotic","|-resisted|p2a: Milotic","|-damage|p2a: Milotic|355/393 tox","|","|-weather|Sandstorm|[upkeep]","|-damage|p2a: Milotic|331/393 tox|[from] Sandstorm","|-damage|p1a: Blissey|611/651|[from] Sandstorm","|-heal|p2a: Milotic|355/393 tox|[from] item: Leftovers","|-damage|p2a: Milotic|259/393 tox|[from] psn","|-heal|p1a: Blissey|651/651|[from] item: Leftovers","|upkeep","|turn|42","||adding 10 for new turn","|","|t:|1752924703","|switch|p2a: Magneton|Magneton|99/277","|-damage|p2a: Magneton|65/277|[from] Spikes","|move|p1a: Blissey|Ice Beam|p2a: Magneton","|-resisted|p2a: Magneton","|-crit|p2a: Magneton","|-damage|p2a: Magneton|0 fnt","|faint|p2a: Magneton","||adding 5 to each for mid turn request","|","|t:|1752924704","|switch|p2a: Milotic|Milotic, M|259/393 tox","|-damage|p2a: Milotic|210/393 tox|[from] Spikes","|","|-weather|Sandstorm|[upkeep]","|-damage|p2a: Milotic|186/393 tox|[from] Sandstorm","|-damage|p1a: Blissey|611/651|[from] Sandstorm","|-heal|p2a: Milotic|210/393 tox|[from] item: Leftovers","|-damage|p2a: Milotic|186/393 tox|[from] psn","|-heal|p1a: Blissey|651/651|[from] item: Leftovers","|upkeep","|turn|43","||adding 10 for new turn","|","|t:|1752924704","|move|p2a: Milotic|Recover|p2a: Milotic","|-heal|p2a: Milotic|382/393 tox","|move|p1a: Blissey|Ice Beam|p2a: Milotic","|-resisted|p2a: Milotic","|-damage|p2a: Milotic|344/393 tox","|","|-weather|Sandstorm|[upkeep]","|-damage|p2a: Milotic|320/393 tox|[from] Sandstorm","|-damage|p1a: Blissey|611/651|[from] Sandstorm","|-heal|p2a: Milotic|344/393 tox|[from] item: Leftovers","|-damage|p2a: Milotic|296/393 tox|[from] psn","|-heal|p1a: Blissey|651/651|[from] item: Leftovers","|upkeep","|turn|44","||adding 10 for new turn","|","|t:|1752924705","|move|p2a: Milotic|Recover|p2a: Milotic","|-heal|p2a: Milotic|393/393 tox","|move|p1a: Blissey|Ice Beam|p2a: Milotic","|-resisted|p2a: Milotic","|-damage|p2a: Milotic|359/393 tox","|","|-weather|Sandstorm|[upkeep]","|-damage|p2a: Milotic|335/393 tox|[from] Sandstorm","|-damage|p1a: Blissey|611/651|[from] Sandstorm","|-heal|p2a: Milotic|359/393 tox|[from] item: Leftovers","|-damage|p2a: Milotic|287/393 tox|[from] psn","|-heal|p1a: Blissey|651/651|[from] item: Leftovers","|upkeep","|turn|45","||adding 10 for new turn","|","|t:|1752924706","|move|p2a: Milotic|Recover|p2a: Milotic","|-heal|p2a: Milotic|393/393 tox","|move|p1a: Blissey|Ice Beam|p2a: Milotic","|-resisted|p2a: Milotic","|-damage|p2a: Milotic|355/393 tox","|","|-weather|Sandstorm|[upkeep]","|-damage|p2a: Milotic|331/393 tox|[from] Sandstorm","|-damage|p1a: Blissey|611/651|[from] Sandstorm","|-heal|p2a: Milotic|355/393 tox|[from] item: Leftovers","|-damage|p2a: Milotic|259/393 tox|[from] psn","|-heal|p1a: Blissey|651/651|[from] item: Leftovers","|upkeep","|turn|46","||adding 10 for new turn","|","|t:|1752924707","|switch|p2a: Heracross|Heracross, F|50/337","|-damage|p2a: Heracross|8/337|[from] Spikes","|move|p1a: Blissey|Toxic|p2a: Heracross","|-status|p2a: Heracross|tox","|","|-weather|Sandstorm|[upkeep]","|-damage|p2a: Heracross|0 fnt|[from] Sandstorm","|-damage|p1a: Blissey|611/651|[from] Sandstorm","|faint|p2a: Heracross","|-heal|p1a: Blissey|651/651|[from] item: Leftovers","|upkeep","||adding 5 to each for mid turn request","|","|t:|1752924707","|switch|p2a: Milotic|Milotic, M|259/393 tox","|-damage|p2a: Milotic|210/393 tox|[from] Spikes","|turn|47","||adding 10 for new turn","|","|t:|1752924708","|move|p2a: Milotic|Recover|p2a: Milotic","|-heal|p2a: Milotic|393/393 tox","|move|p1a: Blissey|Fire Blast|p2a: Milotic|[miss]","|-miss|p1a: Blissey|p2a: Milotic","|","|-weather|Sandstorm|[upkeep]","|-damage|p2a: Milotic|369/393 tox|[from] Sandstorm","|-damage|p1a: Blissey|611/651|[from] Sandstorm","|-heal|p2a: Milotic|393/393 tox|[from] item: Leftovers","|-damage|p2a: Milotic|369/393 tox|[from] psn","|-heal|p1a: Blissey|651/651|[from] item: Leftovers","|upkeep","|turn|48","||adding 10 for new turn","|","|t:|1752924709","|move|p2a: Milotic|Hypnosis|p1a: Blissey|[miss]","|-miss|p2a: Milotic|p1a: Blissey","|move|p1a: Blissey|Toxic|p2a: Milotic","|-fail|p2a: Milotic|tox","|","|-weather|Sandstorm|[upkeep]","|-damage|p2a: Milotic|345/393 tox|[from] Sandstorm","|-damage|p1a: Blissey|611/651|[from] Sandstorm","|-heal|p2a: Milotic|369/393 tox|[from] item: Leftovers","|-damage|p2a: Milotic|321/393 tox|[from] psn","|-heal|p1a: Blissey|651/651|[from] item: Leftovers","|upkeep","|turn|49","||adding 10 for new turn","|","|t:|1752924710","|move|p2a: Milotic|Hypnosis|p1a: Blissey","|-status|p1a: Blissey|slp|[from] move: Hypnosis","|cant|p1a: Blissey|slp","|","|-weather|Sandstorm|[upkeep]","|-damage|p2a: Milotic|297/393 tox|[from] Sandstorm","|-damage|p1a: Blissey|611/651 slp|[from] Sandstorm","|-heal|p2a: Milotic|321/393 tox|[from] item: Leftovers","|-damage|p2a: Milotic|249/393 tox|[from] psn","|-heal|p1a: Blissey|651/651 slp|[from] item: Leftovers","|upkeep","|turn|50","||adding 10 for new turn","|","|t:|1752924710","|switch|p2a: Celebi|Celebi|401/401","|-damage|p2a: Celebi|351/401|[from] Spikes","|cant|p1a: Blissey|slp","|","|-weather|Sandstorm|[upkeep]","|-damage|p2a: Celebi|326/401|[from] Sandstorm","|-damage|p1a: Blissey|611/651 slp|[from] Sandstorm","|-heal|p2a: Celebi|351/401|[from] item: Leftovers","|-heal|p1a: Blissey|651/651 slp|[from] item: Leftovers","|upkeep","|turn|51","||adding 10 for new turn","|","|t:|1752924711","|move|p2a: Celebi|Swords Dance|p2a: Celebi","|-boost|p2a: Celebi|atk|2","|cant|p1a: Blissey|slp","|","|-weather|Sandstorm|[upkeep]","|-damage|p2a: Celebi|326/401|[from] Sandstorm","|-damage|p1a: Blissey|611/651 slp|[from] Sandstorm","|-heal|p2a: Celebi|351/401|[from] item: Leftovers","|-heal|p1a: Blissey|651/651 slp|[from] item: Leftovers","|upkeep","|turn|52","||adding 10 for new turn","|","|t:|1752924712","|-curestatus|p1a: Blissey|slp|[from] ability: Natural Cure","|switch|p1a: Tyranitar|Tyranitar, F|134/403","|move|p2a: Celebi|Hidden Power|p1a: Tyranitar","|-damage|p1a: Tyranitar|33/403","|","|-weather|Sandstorm|[upkeep]","|-damage|p2a: Celebi|326/401|[from] Sandstorm","|-heal|p2a: Celebi|351/401|[from] item: Leftovers","|-heal|p1a: Tyranitar|58/403|[from] item: Leftovers","|upkeep","|turn|53","||adding 10 for new turn","|","|t:|1752924713","|switch|p1a: Blissey|Blissey, F, shiny|651/651","|move|p2a: Celebi|Hidden Power|p1a: Blissey","|-damage|p1a: Blissey|447/651","|","|-weather|Sandstorm|[upkeep]","|-damage|p2a: Celebi|326/401|[from] Sandstorm","|-damage|p1a: Blissey|407/651|[from] Sandstorm","|-heal|p2a: Celebi|351/401|[from] item: Leftovers","|-heal|p1a: Blissey|447/651|[from] item: Leftovers","|upkeep","|turn|54","||adding 10 for new turn","|","|t:|1752924714","|move|p2a: Celebi|Hidden Power|p1a: Blissey","|-damage|p1a: Blissey|238/651","|move|p1a: Blissey|Ice Beam|p2a: Celebi","|-supereffective|p2a: Celebi","|-damage|p2a: Celebi|171/401","|","|-weather|Sandstorm|[upkeep]","|-damage|p2a: Celebi|146/401|[from] Sandstorm","|-damage|p1a: Blissey|198/651|[from] Sandstorm","|-heal|p2a: Celebi|171/401|[from] item: Leftovers","|-heal|p1a: Blissey|238/651|[from] item: Leftovers","|upkeep","|turn|55","||adding 10 for new turn","|","|t:|1752924715","|move|p2a: Celebi|Hidden Power|p1a: Blissey","|-damage|p1a: Blissey|34/651","|move|p1a: Blissey|Soft-Boiled|p1a: Blissey","|-heal|p1a: Blissey|359/651","|","|-weather|Sandstorm|[upkeep]","|-damage|p2a: Celebi|146/401|[from] Sandstorm","|-damage|p1a: Blissey|319/651|[from] Sandstorm","|-heal|p2a: Celebi|171/401|[from] item: Leftovers","|-heal|p1a: Blissey|359/651|[from] item: Leftovers","|upkeep","|turn|56","||adding 10 for new turn","|","|t:|1752924715","|move|p2a: Celebi|Recover|p2a: Celebi","|-heal|p2a: Celebi|371/401","|move|p1a: Blissey|Soft-Boiled|p1a: Blissey","|-heal|p1a: Blissey|651/651","|","|-weather|Sandstorm|[upkeep]","|-damage|p2a: Celebi|346/401|[from] Sandstorm","|-damage|p1a: Blissey|611/651|[from] Sandstorm","|-heal|p2a: Celebi|371/401|[from] item: Leftovers","|-heal|p1a: Blissey|651/651|[from] item: Leftovers","|upkeep","|turn|57","||adding 10 for new turn","|","|t:|1752924716","|move|p2a: Celebi|Baton Pass|p2a: Celebi","||adding 5 to each for mid turn request","|","|t:|1752924717","|switch|p2a: Milotic|Milotic, M|249/393 tox|[from] Baton Pass","|-damage|p2a: Milotic|200/393 tox|[from] Spikes","|move|p1a: Blissey|Toxic|p2a: Milotic|[miss]","|-miss|p1a: Blissey|p2a: Milotic","|","|-weather|Sandstorm|[upkeep]","|-damage|p2a: Milotic|176/393 tox|[from] Sandstorm","|-damage|p1a: Blissey|611/651|[from] Sandstorm","|-heal|p2a: Milotic|200/393 tox|[from] item: Leftovers","|-damage|p2a: Milotic|176/393 tox|[from] psn","|-heal|p1a: Blissey|651/651|[from] item: Leftovers","|upkeep","|turn|58","||adding 10 for new turn","|","|t:|1752924718","|move|p2a: Milotic|Recover|p2a: Milotic","|-heal|p2a: Milotic|372/393 tox","|move|p1a: Blissey|Ice Beam|p2a: Milotic","|-resisted|p2a: Milotic","|-damage|p2a: Milotic|338/393 tox","|","|-weather|Sandstorm|[upkeep]","|-damage|p2a: Milotic|314/393 tox|[from] Sandstorm","|-damage|p1a: Blissey|611/651|[from] Sandstorm","|-heal|p2a: Milotic|338/393 tox|[from] item: Leftovers","|-damage|p2a: Milotic|290/393 tox|[from] psn","|-heal|p1a: Blissey|651/651|[from] item: Leftovers","|upkeep","|turn|59","||adding 10 for new turn","|","|t:|1752924718","|move|p2a: Milotic|Recover|p2a: Milotic","|-heal|p2a: Milotic|393/393 tox","|move|p1a: Blissey|Toxic|p2a: Milotic","|-fail|p2a: Milotic|tox","|","|-weather|Sandstorm|[upkeep]","|-damage|p2a: Milotic|369/393 tox|[from] Sandstorm","|-damage|p1a: Blissey|611/651|[from] Sandstorm","|-heal|p2a: Milotic|393/393 tox|[from] item: Leftovers","|-damage|p2a: Milotic|321/393 tox|[from] psn","|-heal|p1a: Blissey|651/651|[from] item: Leftovers","|upkeep","|turn|60","||adding 10 for new turn","|","|t:|1752924719","|move|p2a: Milotic|Hypnosis|p1a: Blissey|[miss]","|-miss|p2a: Milotic|p1a: Blissey","|move|p1a: Blissey|Toxic|p2a: Milotic","|-fail|p2a: Milotic|tox","|","|-weather|Sandstorm|[upkeep]","|-damage|p2a: Milotic|297/393 tox|[from] Sandstorm","|-damage|p1a: Blissey|611/651|[from] Sandstorm","|-heal|p2a: Milotic|321/393 tox|[from] item: Leftovers","|-damage|p2a: Milotic|225/393 tox|[from] psn","|-heal|p1a: Blissey|651/651|[from] item: Leftovers","|upkeep","|turn|61","||adding 10 for new turn","|","|t:|1752924720","|move|p2a: Milotic|Recover|p2a: Milotic","|-heal|p2a: Milotic|393/393 tox","|move|p1a: Blissey|Toxic|p2a: Milotic|[miss]","|-miss|p1a: Blissey|p2a: Milotic","|","|-weather|Sandstorm|[upkeep]","|-damage|p2a: Milotic|369/393 tox|[from] Sandstorm","|-damage|p1a: Blissey|611/651|[from] Sandstorm","|-heal|p2a: Milotic|393/393 tox|[from] item: Leftovers","|-damage|p2a: Milotic|273/393 tox|[from] psn","|-heal|p1a: Blissey|651/651|[from] item: Leftovers","|upkeep","|turn|62","||adding 10 for new turn","|","|t:|1752924721","|switch|p2a: Celebi|Celebi|371/401","|-damage|p2a: Celebi|321/401|[from] Spikes","|move|p1a: Blissey|Ice Beam|p2a: Celebi","|-supereffective|p2a: Celebi","|-crit|p2a: Celebi","|-damage|p2a: Celebi|0 fnt","|faint|p2a: Celebi","||adding 5 to each for mid turn request","|","|t:|1752924721","|switch|p2a: Milotic|Milotic, M|273/393 tox","|-damage|p2a: Milotic|224/393 tox|[from] Spikes","|","|-weather|Sandstorm|[upkeep]","|-damage|p2a: Milotic|200/393 tox|[from] Sandstorm","|-damage|p1a: Blissey|611/651|[from] Sandstorm","|-heal|p2a: Milotic|224/393 tox|[from] item: Leftovers","|-damage|p2a: Milotic|200/393 tox|[from] psn","|-heal|p1a: Blissey|651/651|[from] item: Leftovers","|upkeep","|turn|63","||adding 10 for new turn","|","|t:|1752924722","|move|p2a: Milotic|Recover|p2a: Milotic","|-heal|p2a: Milotic|393/393 tox","|move|p1a: Blissey|Ice Beam|p2a: Milotic","|-resisted|p2a: Milotic","|-damage|p2a: Milotic|356/393 tox","|","|-weather|Sandstorm|[upkeep]","|-damage|p2a: Milotic|332/393 tox|[from] Sandstorm","|-damage|p1a: Blissey|611/651|[from] Sandstorm","|-heal|p2a: Milotic|356/393 tox|[from] item: Leftovers","|-damage|p2a: Milotic|308/393 tox|[from] psn","|-heal|p1a: Blissey|651/651|[from] item: Leftovers","|upkeep","|turn|64","||adding 10 for new turn","|","|t:|1752924723","|move|p2a: Milotic|Recover|p2a: Milotic","|-heal|p2a: Milotic|393/393 tox","|move|p1a: Blissey|Fire Blast|p2a: Milotic|[miss]","|-miss|p1a: Blissey|p2a: Milotic","|","|-weather|Sandstorm|[upkeep]","|-damage|p2a: Milotic|369/393 tox|[from] Sandstorm","|-damage|p1a: Blissey|611/651|[from] Sandstorm","|-heal|p2a: Milotic|393/393 tox|[from] item: Leftovers","|-damage|p2a: Milotic|321/393 tox|[from] psn","|-heal|p1a: Blissey|651/651|[from] item: Leftovers","|upkeep","|turn|65","||adding 10 for new turn","|","|t:|1752924723","|move|p2a: Milotic|Ice Beam|p1a: Blissey","|-damage|p1a: Blissey|596/651","|move|p1a: Blissey|Ice Beam|p2a: Milotic","|-resisted|p2a: Milotic","|-damage|p2a: Milotic|283/393 tox","|","|-weather|Sandstorm|[upkeep]","|-damage|p2a: Milotic|259/393 tox|[from] Sandstorm","|-damage|p1a: Blissey|556/651|[from] Sandstorm","|-heal|p2a: Milotic|283/393 tox|[from] item: Leftovers","|-damage|p2a: Milotic|187/393 tox|[from] psn","|-heal|p1a: Blissey|596/651|[from] item: Leftovers","|upkeep","|turn|66","||adding 10 for new turn","|","|t:|1752924724","|switch|p1a: Tyranitar|Tyranitar, F|58/403","|move|p2a: Milotic|Recover|p2a: Milotic","|-heal|p2a: Milotic|383/393 tox","|","|-weather|Sandstorm|[upkeep]","|-damage|p2a: Milotic|359/393 tox|[from] Sandstorm","|-heal|p2a: Milotic|383/393 tox|[from] item: Leftovers","|-damage|p2a: Milotic|263/393 tox|[from] psn","|-heal|p1a: Tyranitar|83/403|[from] item: Leftovers","|upkeep","|turn|67","||adding 10 for new turn","|","|t:|1752924725","|move|p2a: Milotic|Recover|p2a: Milotic","|-heal|p2a: Milotic|393/393 tox","|move|p1a: Tyranitar|Earthquake|p2a: Milotic","|-damage|p2a: Milotic|314/393 tox","|","|-weather|Sandstorm|[upkeep]","|-damage|p2a: Milotic|290/393 tox|[from] Sandstorm","|-heal|p2a: Milotic|314/393 tox|[from] item: Leftovers","|-damage|p2a: Milotic|170/393 tox|[from] psn","|-heal|p1a: Tyranitar|108/403|[from] item: Leftovers","|upkeep","|turn|68","||adding 10 for new turn","|","|t:|1752924726","|-singleturn|p1a: Tyranitar|move: Focus Punch","|move|p2a: Milotic|Recover|p2a: Milotic","|-heal|p2a: Milotic|366/393 tox","|move|p1a: Tyranitar|Focus Punch|p2a: Milotic","|-damage|p2a: Milotic|258/393 tox","|","|-weather|Sandstorm|[upkeep]","|-damage|p2a: Milotic|234/393 tox|[from] Sandstorm","|-heal|p2a: Milotic|258/393 tox|[from] item: Leftovers","|-damage|p2a: Milotic|90/393 tox|[from] psn","|-heal|p1a: Tyranitar|133/403|[from] item: Leftovers","|upkeep","|turn|69","||adding 10 for new turn","|","|t:|1752924727","|-singleturn|p1a: Tyranitar|move: Focus Punch","|move|p2a: Milotic|Recover|p2a: Milotic","|-heal|p2a: Milotic|286/393 tox","|move|p1a: Tyranitar|Focus Punch|p2a: Milotic","|-damage|p2a: Milotic|169/393 tox","|","|-weather|Sandstorm|[upkeep]","|-damage|p2a: Milotic|145/393 tox|[from] Sandstorm","|-heal|p2a: Milotic|169/393 tox|[from] item: Leftovers","|-damage|p2a: Milotic|0 fnt|[from] psn","|faint|p2a: Milotic","|","|win|foultestchallenge1",""],"p1rating":null,"p2rating":null,"endType":"normal","ladderError":true,"timestamp":"Sat Jul 19 2025 04:32:07 GMT-0700 (アメリカ太平洋夏時間)","roomid":"battle-gen3ou-951","format":"gen3ou"}