{"winner":"foultestchallenge1","seed":"sodium,0dc091a170ea283a9478c386af8e0cf5","turns":46,"p1":"foultestchallenge1","p2":"foultestacceptor1","p1team":[{"name":"Skarmory","species":"Skarmory","item":"Leftovers","ability":"Keen Eye","moves":["Spikes","Roar","Toxic","Protect"],"nature":"Careful","evs":{"hp":252,"atk":0,"def":0,"spa":0,"spd":252,"spe":4},"gender":"M","ivs":{"hp":31,"atk":0,"def":31,"spa":31,"spd":31,"spe":31},"level":100},{"name":"Jolteon","species":"Jolteon","item":"Leftovers","ability":"Volt Absorb","moves":["Thunderbolt","Thunder Wave","Hidden Power Grass","Baton Pass"],"nature":"Timid","evs":{"hp":4,"atk":0,"def":0,"spa":252,"spd":0,"spe":252},"gender":"M","ivs":{"hp":31,"atk":2,"def":31,"spa":30,"spd":31,"spe":31},"happiness":255,"hpType":"Grass","pokeball":"","gigantamax":false,"dynamaxLevel":10,"teraType":"","level":100},{"name":"Tyranitar","species":"Tyranitar","item":"Leftovers","ability":"Sand Stream","moves":["Focus Punch","Earthquake","Hidden Power Bug","Rock Slide"],"nature":"Adamant","evs":{"hp":252,"atk":252,"def":4,"spa":0,"spd":0,"spe":0},"gender":"F","ivs":{"hp":31,"atk":31,"def":31,"spa":31,"spd":30,"spe":30},"happiness":255,"hpType":"Bug","pokeball":"","gigantamax":false,"dynamaxLevel":10,"teraType":"","level":100},{"name":"Gengar","species":"Gengar","item":"Leftovers","ability":"Levitate","moves":["Ice Punch","Fire Punch","Hidden Power Grass","Explosion"],"nature":"Hasty","evs":{"hp":40,"atk":0,"def":0,"spa":252,"spd":0,"spe":216},"gender":"F","ivs":{"hp":31,"atk":30,"def":31,"spa":30,"spd":31,"spe":31},"happiness":255,"hpType":"Grass","pokeball":"","gigantamax":false,"dynamaxLevel":10,"teraType":"","level":100},{"name":"Metagross","species":"Metagross","item":"Choice Band","ability":"Clear Body","moves":["Meteor Mash","Earthquake","Rock Slide","Explosion"],"nature":"Adamant","evs":{"hp":68,"atk":252,"def":0,"spa":0,"spd":0,"spe":188},"gender":"N","level":100,"ivs":{"hp":31,"atk":31,"def":31,"spa":31,"spd":31,"spe":31}},{"name":"Starmie","species":"Starmie","item":"Leftovers","ability":"Natural Cure","moves":["Hydro Pump","Thunderbolt","Ice Beam","Psychic"],"nature":"Timid","evs":{"hp":4,"atk":0,"def":0,"spa":252,"spd":0,"spe":252},"gender":"N","ivs":{"hp":31,"atk":0,"def":31,"spa":31,"spd":31,"spe":31},"level":100}],"p2team":[{"name":"Skarmory","species":"Skarmory","item":"Leftovers","ability":"Keen Eye","moves":["Spikes","Roar","Toxic","Protect"],"nature":"Careful","evs":{"hp":252,"atk":0,"def":0,"spa":0,"spd":252,"spe":4},"gender":"M","ivs":{"hp":31,"atk":0,"def":31,"spa":31,"spd":31,"spe":31},"level":100},{"name":"Jolteon","species":"Jolteon","item":"Leftovers","ability":"Volt Absorb","moves":["Thunderbolt","Thunder Wave","Hidden Power Grass","Baton Pass"],"nature":"Timid","evs":{"hp":4,"atk":0,"def":0,"spa":252,"spd":0,"spe":252},"gender":"F","ivs":{"hp":31,"atk":2,"def":31,"spa":30,"spd":31,"spe":31},"happiness":255,"hpType":"Grass","pokeball":"","gigantamax":false,"dynamaxLevel":10,"teraType":"","level":100},{"name":"Tyranitar","species":"Tyranitar","item":"Leftovers","ability":"Sand Stream","moves":["Focus Punch","Earthquake","Hidden Power Bug","Rock Slide"],"nature":"Adamant","evs":{"hp":252,"atk":252,"def":4,"spa":0,"spd":0,"spe":0},"gender":"F","ivs":{"hp":31,"atk":31,"def":31,"spa":31,"spd":30,"spe":30},"happiness":255,"hpType":"Bug","pokeball":"","gigantamax":false,"dynamaxLevel":10,"teraType":"","level":100},{"name":"Gengar","species":"Gengar","item":"Leftovers","ability":"Levitate","moves":["Ice Punch","Fire Punch","Hidden Power Grass","Explosion"],"nature":"Hasty","evs":{"hp":40,"atk":0,"def":0,"spa":252,"spd":0,"spe":216},"gender":"M","ivs":{"hp":31,"atk":30,"def":31,"spa":30,"spd":31,"spe":31},"happiness":255,"hpType":"Grass","pokeball":"","gigantamax":false,"dynamaxLevel":10,"teraType":"","level":100},{"name":"Metagross","species":"Metagross","item":"Choice Band","ability":"Clear Body","moves":["Meteor Mash","Earthquake","Rock Slide","Explosion"],"nature":"Adamant","evs":{"hp":68,"atk":252,"def":0,"spa":0,"spd":0,"spe":188},"gender":"N","level":100,"ivs":{"hp":31,"atk":31,"def":31,"spa":31,"spd":31,"spe":31}},{"name":"Starmie","species":"Starmie","item":"Leftovers","ability":"Natural Cure","moves":["Hydro Pump","Thunderbolt","Ice Beam","Psychic"],"nature":"Timid","evs":{"hp":4,"atk":0,"def":0,"spa":252,"spd":0,"spe":252},"gender":"N","ivs":{"hp":31,"atk":0,"def":31,"spa":31,"spd":31,"spe":31},"level":100}],"score":[2,0],"inputLog":[">version 372d05e49c92a79eecdf6c8dddb208bd1765c00f",">start {\"formatid\":\"gen3ou\",\"seed\":\"sodium,0dc091a170ea283a9478c386af8e0cf5\"}",">player p1 {\"name\":\"foultestchallenge1\",\"avatar\":\"266\",\"team\":\"Skarmory||Leftovers|KeenEye|Spikes,Roar,Toxic,Protect|Careful|252,,,,252,4|M|,0,,,,|||]Jolteon||Leftovers|VoltAbsorb|Thunderbolt,ThunderWave,HiddenPowerGrass,BatonPass|Timid|4,,,252,,252|M|,2,,30,,|||,Grass,,,,]Tyranitar||Leftovers|SandStream|FocusPunch,Earthquake,HiddenPowerBug,RockSlide|Adamant|252,252,4,,,|F|,,,,30,30|||,Bug,,,,]Gengar||Leftovers|Levitate|IcePunch,FirePunch,HiddenPowerGrass,Explosion|Hasty|40,,,252,,216|F|,30,,30,,|||,Grass,,,,]Metagross||ChoiceBand|ClearBody|MeteorMash,Earthquake,RockSlide,Explosion|Adamant|68,252,,,,188|N||||]Starmie||Leftovers|NaturalCure|HydroPump,Thunderbolt,IceBeam,Psychic|Timid|4,,,252,,252|N|,0,,,,|||\",\"rating\":0}",">player p2 {\"name\":\"foultestacceptor1\",\"avatar\":\"169\",\"team\":\"Skarmory||Leftovers|KeenEye|Spikes,Roar,Toxic,Protect|Careful|252,,,,252,4|M|,0,,,,|||]Jolteon||Leftovers|VoltAbsorb|Thunderbolt,ThunderWave,HiddenPowerGrass,BatonPass|Timid|4,,,252,,252|F|,2,,30,,|||,Grass,,,,]Tyranitar||Leftovers|SandStream|FocusPunch,Earthquake,HiddenPowerBug,RockSlide|Adamant|252,252,4,,,|F|,,,,30,30|||,Bug,,,,]Gengar||Leftovers|Levitate|IcePunch,FirePunch,HiddenPowerGrass,Explosion|Hasty|40,,,252,,216|M|,30,,30,,|||,Grass,,,,]Metagross||ChoiceBand|ClearBody|MeteorMash,Earthquake,RockSlide,Explosion|Adamant|68,252,,,,188|N||||]Starmie||Leftovers|NaturalCure|HydroPump,Thunderbolt,IceBeam,Psychic|Timid|4,,,252,,252|N|,0,,,,|||\",\"rating\":0}",">p1 move spikes",">p2 move spikes",">p1 move spikes",">p2 move spikes",">p1 move spikes",">p2 move spikes",">p1 move roar",">p2 move roar",">p1 switch 4",">p2 move thunderbolt",">p1 move hiddenpower",">p2 move hydropump",">p1 switch 4",">p2 move hydropump",">p1 move roar",">p2 move thunderbolt",">p1 switch 2",">p2 move thunderbolt",">p1 move thunderwave",">p2 move thunderwave",">p1 move hiddenpower",">p2 move hiddenpower",">p1 move hiddenpower",">p2 move hiddenpower",">p1 move hiddenpower",">p2 move hiddenpower",">p1 move hiddenpower",">p2 move hiddenpower",">p1 move hiddenpower",">p2 move hiddenpower",">p1 move hiddenpower",">p2 move hiddenpower",">p1 switch 3",">p1 move rockslide",">p2 switch 6",">p1 move rockslide",">p2 move protect",">p1 move focuspunch",">p2 move roar",">p1 move icebeam",">p2 move protect",">p1 move icebeam",">p2 switch 4",">p1 move psychic",">p2 move hiddenpower",">p2 switch 5",">p1 move hydropump",">p2 move earthquake",">p1 switch 4",">p1 move icepunch",">p2 move earthquake",">p2 switch 3",">p1 move hiddenpower",">p2 move rockslide",">p1 switch 5",">p1 move meteormash",">p2 switch 2",">p2 switch 4",">p1 move rockslide",">p2 move protect",">p1 move rockslide",">p2 move protect",">p1 move rockslide",">p2 move protect",">p1 move rockslide",">p2 move protect",">p1 move rockslide",">p2 move protect",">p1 move rockslide",">p2 move protect",">p1 move rockslide",">p2 move protect",">p1 move rockslide",">p2 move protect",">p1 move rockslide",">p2 move roar",">p1 move roar",">p2 move roar",">p1 move roar",">p2 move focuspunch",">p1 switch 6",">p1 move hiddenpower",">p2 switch 2",">p1 move focuspunch",">p2 move protect",">p1 move focuspunch",">p2 move protect",">p1 move rockslide",">p2 move protect",">p1 move focuspunch",">p2 switch 2",">p2 switch 6",">p1 move rockslide",">p2 move thunderwave",">p2 switch 2",">p1 move rockslide",">p2 move protect",">p1 move focuspunch",">p2 move protect",">p1 move focuspunch",">p2 move protect"],"log":["|j|☆foultestchallenge1","|j|☆foultestacceptor1","|t:|1752917063","|gametype|singles","|player|p1|foultestchallenge1|266|","|player|p2|foultestacceptor1|169|","|teamsize|p1|6","|teamsize|p2|6","|gen|3","|tier|[Gen 3] OU","|rule|Sleep Clause Mod: Limit one foe put to sleep","|rule|Switch Priority Clause Mod: Faster Pokémon switch first","|rule|Species Clause: Limit one of each Pokémon","|rule|OHKO Clause: OHKO moves are banned","|rule|Evasion Items Clause: Evasion items are banned","|rule|Evasion Moves Clause: Evasion moves are banned","|rule|Endless Battle Clause: Forcing endless battles is banned","|rule|HP Percentage Mod: HP is shown in percentages","|rule|One Boost Passer Clause: Limit one Baton Passer that has a way to boost its stats","|rule|Freeze Clause Mod: Limit one foe frozen","|","|t:|1752917063","|start","|switch|p1a: Skarmory|Skarmory, M|334/334","|switch|p2a: Skarmory|Skarmory, M|334/334","|turn|1","|inactive|Battle timer is ON: inactive players will automatically lose when time's up. (requested by foultestchallenge1)","|inactive|foultestacceptor1 also wants the timer to be on.","|","|t:|1752917064","|move|p1a: Skarmory|Spikes|p2a: Skarmory","|-sidestart|p2: foultestacceptor1|Spikes","|move|p2a: Skarmory|Spikes|p1a: Skarmory","|-sidestart|p1: foultestchallenge1|Spikes","|","|upkeep","|turn|2","|","|t:|1752917065","|move|p2a: Skarmory|Spikes|p1a: Skarmory","|-sidestart|p1: foultestchallenge1|Spikes","|move|p1a: Skarmory|Spikes|p2a: Skarmory","|-sidestart|p2: foultestacceptor1|Spikes","|","|upkeep","|turn|3","||adding 10 for new turn","|","|t:|1752917066","|move|p1a: Skarmory|Spikes|p2a: Skarmory","|-sidestart|p2: foultestacceptor1|Spikes","|move|p2a: Skarmory|Spikes|p1a: Skarmory","|-sidestart|p1: foultestchallenge1|Spikes","|","|upkeep","|turn|4","||adding 10 for new turn","|","|t:|1752917067","|move|p1a: Skarmory|Roar|p2a: Skarmory","|drag|p2a: Starmie|Starmie|262/262","|-damage|p2a: Starmie|197/262|[from] Spikes","|","|-heal|p2a: Starmie|213/262|[from] item: Leftovers","|upkeep","|turn|5","||adding 10 for new turn","|","|t:|1752917068","|switch|p1a: Gengar|Gengar, F|271/271","|move|p2a: Starmie|Thunderbolt|p1a: Gengar","|-damage|p1a: Gengar|154/271","|","|-heal|p2a: Starmie|229/262|[from] item: Leftovers","|-heal|p1a: Gengar|170/271|[from] item: Leftovers","|upkeep","|turn|6","||adding 10 for new turn","|","|t:|1752917069","|move|p2a: Starmie|Hydro Pump|p1a: Gengar|[miss]","|-miss|p2a: Starmie|p1a: Gengar","|move|p1a: Gengar|Hidden Power|p2a: Starmie","|-supereffective|p2a: Starmie","|-damage|p2a: Starmie|21/262","|","|-heal|p2a: Starmie|37/262|[from] item: Leftovers","|-heal|p1a: Gengar|186/271|[from] item: Leftovers","|upkeep","|turn|7","||adding 10 for new turn","|","|t:|1752917070","|switch|p1a: Skarmory|Skarmory, M|334/334","|move|p2a: Starmie|Hydro Pump|p1a: Skarmory","|-damage|p1a: Skarmory|179/334","|","|-heal|p2a: Starmie|53/262|[from] item: Leftovers","|-heal|p1a: Skarmory|199/334|[from] item: Leftovers","|upkeep","|turn|8","||adding 10 for new turn","|","|t:|1752917071","|move|p2a: Starmie|Thunderbolt|p1a: Skarmory","|-supereffective|p1a: Skarmory","|-damage|p1a: Skarmory|13/334","|move|p1a: Skarmory|Roar|p2a: Starmie","|drag|p2a: Jolteon|Jolteon, F|272/272","|-damage|p2a: Jolteon|204/272|[from] Spikes","|","|-heal|p2a: Jolteon|221/272|[from] item: Leftovers","|-heal|p1a: Skarmory|33/334|[from] item: Leftovers","|upkeep","|turn|9","||adding 10 for new turn","|","|t:|1752917072","|switch|p1a: Jolteon|Jolteon, M|272/272","|-damage|p1a: Jolteon|204/272|[from] Spikes","|move|p2a: Jolteon|Thunderbolt|p1a: Jolteon","|-heal|p1a: Jolteon|272/272|[from] ability: Volt Absorb|[of] p2a: Jolteon","|","|-heal|p2a: Jolteon|238/272|[from] item: Leftovers","|upkeep","|turn|10","||adding 10 for new turn","|","|t:|1752917073","|move|p1a: Jolteon|Thunder Wave|p2a: Jolteon","|-status|p2a: Jolteon|par","|move|p2a: Jolteon|Thunder Wave|p1a: Jolteon","|-status|p1a: Jolteon|par","|","|-heal|p2a: Jolteon|255/272 par|[from] item: Leftovers","|upkeep","|turn|11","||adding 10 for new turn","|","|t:|1752917074","|cant|p1a: Jolteon|par","|move|p2a: Jolteon|Hidden Power|p1a: Jolteon","|-damage|p1a: Jolteon|196/272 par","|","|-heal|p1a: Jolteon|213/272 par|[from] item: Leftovers","|-heal|p2a: Jolteon|272/272 par|[from] item: Leftovers","|upkeep","|turn|12","||adding 10 for new turn","|","|t:|1752917075","|move|p1a: Jolteon|Hidden Power|p2a: Jolteon","|-damage|p2a: Jolteon|197/272 par","|move|p2a: Jolteon|Hidden Power|p1a: Jolteon","|-damage|p1a: Jolteon|129/272 par","|","|-heal|p1a: Jolteon|146/272 par|[from] item: Leftovers","|-heal|p2a: Jolteon|214/272 par|[from] item: Leftovers","|upkeep","|turn|13","||adding 10 for new turn","|","|t:|1752917076","|move|p2a: Jolteon|Hidden Power|p1a: Jolteon","|-damage|p1a: Jolteon|62/272 par","|cant|p1a: Jolteon|par","|","|-heal|p1a: Jolteon|79/272 par|[from] item: Leftovers","|-heal|p2a: Jolteon|231/272 par|[from] item: Leftovers","|upkeep","|turn|14","||adding 10 for new turn","|","|t:|1752917077","|cant|p1a: Jolteon|par","|cant|p2a: Jolteon|par","|","|-heal|p2a: Jolteon|248/272 par|[from] item: Leftovers","|-heal|p1a: Jolteon|96/272 par|[from] item: Leftovers","|upkeep","|turn|15","||adding 10 for new turn","|","|t:|1752917078","|move|p1a: Jolteon|Hidden Power|p2a: Jolteon","|-damage|p2a: Jolteon|165/272 par","|move|p2a: Jolteon|Hidden Power|p1a: Jolteon","|-damage|p1a: Jolteon|13/272 par","|","|-heal|p1a: Jolteon|30/272 par|[from] item: Leftovers","|-heal|p2a: Jolteon|182/272 par|[from] item: Leftovers","|upkeep","|turn|16","||adding 10 for new turn","|","|t:|1752917079","|move|p2a: Jolteon|Hidden Power|p1a: Jolteon","|-damage|p1a: Jolteon|0 fnt","|faint|p1a: Jolteon","||adding 5 to each for mid turn request","|","|t:|1752917079","|switch|p1a: Tyranitar|Tyranitar, F|404/404","|-damage|p1a: Tyranitar|303/404|[from] Spikes","|-weather|Sandstorm|[from] ability: Sand Stream|[of] p1a: Tyranitar","|","|-weather|Sandstorm|[upkeep]","|-damage|p2a: Jolteon|165/272 par|[from] Sandstorm","|-heal|p1a: Tyranitar|328/404|[from] item: Leftovers","|-heal|p2a: Jolteon|182/272 par|[from] item: Leftovers","|upkeep","|turn|17","||adding 10 for new turn","|","|t:|1752917080","|switch|p2a: Skarmory|Skarmory, M|334/334","|move|p1a: Tyranitar|Rock Slide|p2a: Skarmory","|-crit|p2a: Skarmory","|-damage|p2a: Skarmory|116/334","|","|-weather|Sandstorm|[upkeep]","|-heal|p2a: Skarmory|136/334|[from] item: Leftovers","|-heal|p1a: Tyranitar|353/404|[from] item: Leftovers","|upkeep","|turn|18","||adding 10 for new turn","|","|t:|1752917082","|move|p2a: Skarmory|Protect|p2a: Skarmory","|-singleturn|p2a: Skarmory|Protect","|move|p1a: Tyranitar|Rock Slide|p2a: Skarmory","|-activate|p2a: Skarmory|Protect","|","|-weather|Sandstorm|[upkeep]","|-heal|p2a: Skarmory|156/334|[from] item: Leftovers","|-heal|p1a: Tyranitar|378/404|[from] item: Leftovers","|upkeep","|turn|19","||adding 10 for new turn","|","|t:|1752917082","|-singleturn|p1a: Tyranitar|move: Focus Punch","|move|p1a: Tyranitar|Focus Punch|p2a: Skarmory","|-damage|p2a: Skarmory|17/334","|move|p2a: Skarmory|Roar|p1a: Tyranitar","|drag|p1a: Starmie|Starmie|262/262","|-damage|p1a: Starmie|197/262|[from] Spikes","|","|-weather|Sandstorm|[upkeep]","|-damage|p1a: Starmie|181/262|[from] Sandstorm","|-heal|p1a: Starmie|197/262|[from] item: Leftovers","|-heal|p2a: Skarmory|37/334|[from] item: Leftovers","|upkeep","|turn|20","||adding 10 for new turn","|","|t:|1752917084","|move|p2a: Skarmory|Protect|p2a: Skarmory","|-singleturn|p2a: Skarmory|Protect","|move|p1a: Starmie|Ice Beam|p2a: Skarmory","|-activate|p2a: Skarmory|Protect","|","|-weather|Sandstorm|[upkeep]","|-damage|p1a: Starmie|181/262|[from] Sandstorm","|-heal|p1a: Starmie|197/262|[from] item: Leftovers","|-heal|p2a: Skarmory|57/334|[from] item: Leftovers","|upkeep","|turn|21","||adding 10 for new turn","|","|t:|1752917085","|switch|p2a: Gengar|Gengar, M|271/271","|move|p1a: Starmie|Ice Beam|p2a: Gengar","|-damage|p2a: Gengar|149/271","|","|-weather|Sandstorm|[upkeep]","|-damage|p1a: Starmie|181/262|[from] Sandstorm","|-damage|p2a: Gengar|133/271|[from] Sandstorm","|-heal|p1a: Starmie|197/262|[from] item: Leftovers","|-heal|p2a: Gengar|149/271|[from] item: Leftovers","|upkeep","|turn|22","||adding 10 for new turn","|","|t:|1752917086","|move|p1a: Starmie|Psychic|p2a: Gengar","|-supereffective|p2a: Gengar","|-damage|p2a: Gengar|0 fnt","|faint|p2a: Gengar","||adding 5 to each for mid turn request","|","|t:|1752917087","|switch|p2a: Metagross|Metagross|318/318","|-damage|p2a: Metagross|239/318|[from] Spikes","|","|-weather|Sandstorm|[upkeep]","|-damage|p1a: Starmie|181/262|[from] Sandstorm","|-heal|p1a: Starmie|197/262|[from] item: Leftovers","|upkeep","|turn|23","||adding 10 for new turn","|","|t:|1752917088","|move|p1a: Starmie|Hydro Pump|p2a: Metagross","|-damage|p2a: Metagross|31/318","|move|p2a: Metagross|Earthquake|p1a: Starmie","|-damage|p1a: Starmie|0 fnt","|faint|p1a: Starmie","||adding 5 to each for mid turn request","|","|t:|1752917089","|switch|p1a: Gengar|Gengar, F|186/271","|","|-weather|Sandstorm|[upkeep]","|-damage|p1a: Gengar|170/271|[from] Sandstorm","|-heal|p1a: Gengar|186/271|[from] item: Leftovers","|upkeep","|turn|24","||adding 10 for new turn","|","|t:|1752917090","|move|p1a: Gengar|Ice Punch|p2a: Metagross","|-resisted|p2a: Metagross","|-damage|p2a: Metagross|0 fnt","|faint|p2a: Metagross","||adding 5 to each for mid turn request","|","|t:|1752917090","|switch|p2a: Tyranitar|Tyranitar, F|404/404","|-damage|p2a: Tyranitar|303/404|[from] Spikes","|","|-weather|Sandstorm|[upkeep]","|-damage|p1a: Gengar|170/271|[from] Sandstorm","|-heal|p1a: Gengar|186/271|[from] item: Leftovers","|-heal|p2a: Tyranitar|328/404|[from] item: Leftovers","|upkeep","|turn|25","||adding 10 for new turn","|","|t:|1752917092","|move|p1a: Gengar|Hidden Power|p2a: Tyranitar","|-supereffective|p2a: Tyranitar","|-damage|p2a: Tyranitar|170/404","|move|p2a: Tyranitar|Rock Slide|p1a: Gengar","|-damage|p1a: Gengar|0 fnt","|faint|p1a: Gengar","||adding 5 to each for mid turn request","|","|t:|1752917093","|switch|p1a: Metagross|Metagross|318/318","|-damage|p1a: Metagross|239/318|[from] Spikes","|","|-weather|Sandstorm|[upkeep]","|-heal|p2a: Tyranitar|195/404|[from] item: Leftovers","|upkeep","|turn|26","||adding 10 for new turn","|","|t:|1752917094","|switch|p2a: Starmie|Starmie|53/262","|-damage|p2a: Starmie|0 fnt|[from] Spikes","|faint|p2a: Starmie","||adding 5 to each for mid turn request","|","|t:|1752917094","|switch|p2a: Skarmory|Skarmory, M|57/334","|","|-weather|Sandstorm|[upkeep]","|-heal|p2a: Skarmory|77/334|[from] item: Leftovers","|upkeep","|turn|27","||adding 10 for new turn","|","|t:|1752917095","|move|p2a: Skarmory|Protect|p2a: Skarmory","|-singleturn|p2a: Skarmory|Protect","|move|p1a: Metagross|Rock Slide|p2a: Skarmory","|-activate|p2a: Skarmory|Protect","|","|-weather|Sandstorm|[upkeep]","|-heal|p2a: Skarmory|97/334|[from] item: Leftovers","|upkeep","|turn|28","||adding 10 for new turn","|","|t:|1752917096","|move|p2a: Skarmory|Protect|p2a: Skarmory","|-singleturn|p2a: Skarmory|Protect","|move|p1a: Metagross|Rock Slide|p2a: Skarmory","|-activate|p2a: Skarmory|Protect","|","|-weather|Sandstorm|[upkeep]","|-heal|p2a: Skarmory|117/334|[from] item: Leftovers","|upkeep","|turn|29","||adding 10 for new turn","|","|t:|1752917097","|move|p2a: Skarmory|Protect||[still]","|-fail|p2a: Skarmory","|move|p1a: Metagross|Rock Slide|p2a: Skarmory","|-damage|p2a: Skarmory|10/334","|","|-weather|Sandstorm|[upkeep]","|-heal|p2a: Skarmory|30/334|[from] item: Leftovers","|upkeep","|turn|30","||adding 10 for new turn","|","|t:|1752917098","|move|p2a: Skarmory|Protect|p2a: Skarmory","|-singleturn|p2a: Skarmory|Protect","|move|p1a: Metagross|Rock Slide|p2a: Skarmory","|-activate|p2a: Skarmory|Protect","|","|-weather|Sandstorm|[upkeep]","|-heal|p2a: Skarmory|50/334|[from] item: Leftovers","|upkeep","|turn|31","||adding 10 for new turn","|","|t:|1752917099","|move|p2a: Skarmory|Protect|p2a: Skarmory","|-singleturn|p2a: Skarmory|Protect","|move|p1a: Metagross|Rock Slide|p2a: Skarmory","|-activate|p2a: Skarmory|Protect","|","|-weather|Sandstorm|[upkeep]","|-heal|p2a: Skarmory|70/334|[from] item: Leftovers","|upkeep","|turn|32","||adding 10 for new turn","|","|t:|1752917100","|move|p2a: Skarmory|Protect|p2a: Skarmory","|-singleturn|p2a: Skarmory|Protect","|move|p1a: Metagross|Rock Slide|p2a: Skarmory","|-activate|p2a: Skarmory|Protect","|","|-weather|Sandstorm|[upkeep]","|-heal|p2a: Skarmory|90/334|[from] item: Leftovers","|upkeep","|turn|33","||adding 10 for new turn","|","|t:|1752917101","|move|p2a: Skarmory|Protect||[still]","|-fail|p2a: Skarmory","|move|p1a: Metagross|Rock Slide|p2a: Skarmory|[miss]","|-miss|p1a: Metagross|p2a: Skarmory","|","|-weather|Sandstorm|[upkeep]","|-heal|p2a: Skarmory|110/334|[from] item: Leftovers","|upkeep","|turn|34","||adding 10 for new turn","|","|t:|1752917102","|move|p2a: Skarmory|Protect|p2a: Skarmory","|-singleturn|p2a: Skarmory|Protect","|move|p1a: Metagross|Rock Slide|p2a: Skarmory","|-activate|p2a: Skarmory|Protect","|","|-weather|Sandstorm|[upkeep]","|-heal|p2a: Skarmory|130/334|[from] item: Leftovers","|upkeep","|turn|35","||adding 10 for new turn","|","|t:|1752917102","|move|p1a: Metagross|Rock Slide|p2a: Skarmory|[miss]","|-miss|p1a: Metagross|p2a: Skarmory","|move|p2a: Skarmory|Roar|p1a: Metagross","|drag|p1a: Skarmory|Skarmory, M|33/334","|","|-weather|Sandstorm|[upkeep]","|-heal|p2a: Skarmory|150/334|[from] item: Leftovers","|-heal|p1a: Skarmory|53/334|[from] item: Leftovers","|upkeep","|turn|36","||adding 10 for new turn","|","|t:|1752917103","|move|p1a: Skarmory|Roar|p2a: Skarmory","|drag|p2a: Tyranitar|Tyranitar, F|195/404","|-damage|p2a: Tyranitar|94/404|[from] Spikes","|","|-weather|Sandstorm|[upkeep]","|-heal|p1a: Skarmory|73/334|[from] item: Leftovers","|-heal|p2a: Tyranitar|119/404|[from] item: Leftovers","|upkeep","|turn|37","||adding 10 for new turn","|","|t:|1752917104","|-singleturn|p2a: Tyranitar|move: Focus Punch","|move|p2a: Tyranitar|Focus Punch|p1a: Skarmory","|-damage|p1a: Skarmory|0 fnt","|faint|p1a: Skarmory","||adding 5 to each for mid turn request","|","|t:|1752917105","|switch|p1a: Tyranitar|Tyranitar, F|378/404","|-damage|p1a: Tyranitar|277/404|[from] Spikes","|","|-weather|Sandstorm|[upkeep]","|-heal|p2a: Tyranitar|144/404|[from] item: Leftovers","|-heal|p1a: Tyranitar|302/404|[from] item: Leftovers","|upkeep","|turn|38","||adding 10 for new turn","|","|t:|1752917106","|switch|p2a: Skarmory|Skarmory, M|150/334","|move|p1a: Tyranitar|Hidden Power|p2a: Skarmory","|-resisted|p2a: Skarmory","|-damage|p2a: Skarmory|134/334","|","|-weather|Sandstorm|[upkeep]","|-heal|p2a: Skarmory|154/334|[from] item: Leftovers","|-heal|p1a: Tyranitar|327/404|[from] item: Leftovers","|upkeep","|turn|39","||adding 10 for new turn","|","|t:|1752917107","|-singleturn|p1a: Tyranitar|move: Focus Punch","|move|p2a: Skarmory|Protect|p2a: Skarmory","|-singleturn|p2a: Skarmory|Protect","|move|p1a: Tyranitar|Focus Punch|p2a: Skarmory","|-activate|p2a: Skarmory|Protect","|","|-weather|Sandstorm|[upkeep]","|-heal|p2a: Skarmory|174/334|[from] item: Leftovers","|-heal|p1a: Tyranitar|352/404|[from] item: Leftovers","|upkeep","|turn|40","||adding 10 for new turn","|","|t:|1752917108","|-singleturn|p1a: Tyranitar|move: Focus Punch","|move|p2a: Skarmory|Protect||[still]","|-fail|p2a: Skarmory","|move|p1a: Tyranitar|Focus Punch|p2a: Skarmory","|-damage|p2a: Skarmory|17/334","|","|-weather|Sandstorm|[upkeep]","|-heal|p2a: Skarmory|37/334|[from] item: Leftovers","|-heal|p1a: Tyranitar|377/404|[from] item: Leftovers","|upkeep","|turn|41","||adding 10 for new turn","|","|t:|1752917109","|move|p2a: Skarmory|Protect|p2a: Skarmory","|-singleturn|p2a: Skarmory|Protect","|move|p1a: Tyranitar|Rock Slide|p2a: Skarmory","|-activate|p2a: Skarmory|Protect","|","|-weather|Sandstorm|[upkeep]","|-heal|p2a: Skarmory|57/334|[from] item: Leftovers","|-heal|p1a: Tyranitar|402/404|[from] item: Leftovers","|upkeep","|turn|42","||adding 10 for new turn","|","|t:|1752917109","|-singleturn|p1a: Tyranitar|move: Focus Punch","|switch|p2a: Tyranitar|Tyranitar, F|144/404","|-damage|p2a: Tyranitar|43/404|[from] Spikes","|move|p1a: Tyranitar|Focus Punch|p2a: Tyranitar","|-supereffective|p2a: Tyranitar","|-damage|p2a: Tyranitar|0 fnt","|faint|p2a: Tyranitar","||adding 5 to each for mid turn request","|","|t:|1752917110","|switch|p2a: Jolteon|Jolteon, F|182/272 par","|-damage|p2a: Jolteon|114/272 par|[from] Spikes","|","|-weather|Sandstorm|[upkeep]","|-damage|p2a: Jolteon|97/272 par|[from] Sandstorm","|-heal|p1a: Tyranitar|404/404|[from] item: Leftovers","|-heal|p2a: Jolteon|114/272 par|[from] item: Leftovers","|upkeep","|turn|43","||adding 10 for new turn","|","|t:|1752917111","|move|p1a: Tyranitar|Rock Slide|p2a: Jolteon","|-damage|p2a: Jolteon|0 fnt","|faint|p2a: Jolteon","||adding 5 to each for mid turn request","|","|t:|1752917112","|switch|p2a: Skarmory|Skarmory, M|57/334","|","|-weather|Sandstorm|[upkeep]","|-heal|p2a: Skarmory|77/334|[from] item: Leftovers","|upkeep","|turn|44","||adding 10 for new turn","|","|t:|1752917112","|move|p2a: Skarmory|Protect|p2a: Skarmory","|-singleturn|p2a: Skarmory|Protect","|move|p1a: Tyranitar|Rock Slide|p2a: Skarmory","|-activate|p2a: Skarmory|Protect","|","|-weather|Sandstorm|[upkeep]","|-heal|p2a: Skarmory|97/334|[from] item: Leftovers","|upkeep","|turn|45","||adding 10 for new turn","|","|t:|1752917113","|-singleturn|p1a: Tyranitar|move: Focus Punch","|move|p2a: Skarmory|Protect|p2a: Skarmory","|-singleturn|p2a: Skarmory|Protect","|move|p1a: Tyranitar|Focus Punch|p2a: Skarmory","|-activate|p2a: Skarmory|Protect","|","|-weather|Sandstorm|[upkeep]","|-heal|p2a: Skarmory|117/334|[from] item: Leftovers","|upkeep","|turn|46","||adding 10 for new turn","|","|t:|1752917114","|-singleturn|p1a: Tyranitar|move: Focus Punch","|move|p2a: Skarmory|Protect||[still]","|-fail|p2a: Skarmory","|move|p1a: Tyranitar|Focus Punch|p2a: Skarmory","|-damage|p2a: Skarmory|0 fnt","|faint|p2a: Skarmory","|","|win|foultestchallenge1",""],"p1rating":null,"p2rating":null,"endType":"normal","ladderError":true,"timestamp":"Sat Jul 19 2025 02:25:14 GMT-0700 (アメリカ太平洋夏時間)","roomid":"battle-gen3ou-880","format":"gen3ou"}