{"winner":"foultestacceptor1","seed":"sodium,6339cdf9c70bcf74f00b3a239ef1d3d4","turns":48,"p1":"foultestchallenge1","p2":"foultestacceptor1","p1team":[{"name":"Metagross","species":"Metagross","item":"Leftovers","ability":"Clear Body","moves":["Meteor Mash","Earthquake","Agility","Explosion"],"nature":"Adamant","evs":{"hp":152,"atk":252,"def":0,"spa":0,"spd":0,"spe":104},"gender":"N","level":100,"ivs":{"hp":31,"atk":31,"def":31,"spa":31,"spd":31,"spe":31}},{"name":"Milotic","species":"Milotic","item":"Leftovers","ability":"Marvel Scale","moves":["Hypnosis","Surf","Ice Beam","Recover"],"nature":"Bold","evs":{"hp":248,"atk":0,"def":212,"spa":0,"spd":0,"spe":48},"gender":"F","ivs":{"hp":31,"atk":0,"def":31,"spa":31,"spd":31,"spe":31},"level":100},{"name":"Celebi","species":"Celebi","item":"Leftovers","ability":"Natural Cure","moves":["Swords Dance","Hidden Power Rock","Baton Pass","Recover"],"nature":"Jolly","evs":{"hp":240,"atk":0,"def":44,"spa":0,"spd":4,"spe":220},"gender":"N","ivs":{"hp":31,"atk":31,"def":30,"spa":31,"spd":30,"spe":30},"happiness":255,"hpType":"Rock","pokeball":"","gigantamax":false,"dynamaxLevel":10,"teraType":"","level":100},{"name":"Magneton","species":"Magneton","item":"Leftovers","ability":"Magnet Pull","moves":["Thunderbolt","Hidden Power Fire","Thunder Wave","Toxic"],"nature":"Timid","evs":{"hp":144,"atk":0,"def":0,"spa":112,"spd":0,"spe":252},"gender":"N","ivs":{"hp":31,"atk":2,"def":31,"spa":30,"spd":31,"spe":30},"happiness":255,"hpType":"Fire","pokeball":"","gigantamax":false,"dynamaxLevel":10,"teraType":"","level":100},{"name":"Heracross","species":"Heracross","item":"Leftovers","ability":"Guts","moves":["Megahorn","Rock Slide","Hidden Power Ghost","Brick Break"],"nature":"Adamant","evs":{"hp":144,"atk":16,"def":0,"spa":0,"spd":184,"spe":164},"gender":"M","ivs":{"hp":31,"atk":31,"def":30,"spa":31,"spd":30,"spe":31},"happiness":255,"hpType":"Ghost","pokeball":"","gigantamax":false,"dynamaxLevel":10,"teraType":"","level":100},{"name":"Gyarados","species":"Gyarados","item":"Leftovers","ability":"Intimidate","moves":["Hidden Power Flying","Double-Edge","Earthquake","Dragon Dance"],"nature":"Jolly","evs":{"hp":0,"atk":252,"def":4,"spa":0,"spd":0,"spe":252},"gender":"M","ivs":{"hp":30,"atk":30,"def":30,"spa":30,"spd":30,"spe":31},"happiness":255,"hpType":"Flying","pokeball":"","gigantamax":false,"dynamaxLevel":10,"teraType":"","level":100}],"p2team":[{"name":"Skarmory","species":"Skarmory","item":"Leftovers","ability":"Keen Eye","moves":["Spikes","Roar","Toxic","Protect"],"nature":"Careful","evs":{"hp":252,"atk":0,"def":0,"spa":0,"spd":252,"spe":4},"gender":"F","ivs":{"hp":31,"atk":0,"def":31,"spa":31,"spd":31,"spe":31},"level":100},{"name":"Jolteon","species":"Jolteon","item":"Leftovers","ability":"Volt Absorb","moves":["Thunderbolt","Thunder Wave","Hidden Power Grass","Baton Pass"],"nature":"Timid","evs":{"hp":4,"atk":0,"def":0,"spa":252,"spd":0,"spe":252},"gender":"F","ivs":{"hp":31,"atk":2,"def":31,"spa":30,"spd":31,"spe":31},"happiness":255,"hpType":"Grass","pokeball":"","gigantamax":false,"dynamaxLevel":10,"teraType":"","level":100},{"name":"Tyranitar","species":"Tyranitar","item":"Leftovers","ability":"Sand Stream","moves":["Focus Punch","Earthquake","Hidden Power Bug","Rock Slide"],"nature":"Adamant","evs":{"hp":252,"atk":252,"def":4,"spa":0,"spd":0,"spe":0},"gender":"F","ivs":{"hp":31,"atk":31,"def":31,"spa":31,"spd":30,"spe":30},"happiness":255,"hpType":"Bug","pokeball":"","gigantamax":false,"dynamaxLevel":10,"teraType":"","level":100},{"name":"Gengar","species":"Gengar","item":"Leftovers","ability":"Levitate","moves":["Ice Punch","Fire Punch","Hidden Power Grass","Explosion"],"nature":"Hasty","evs":{"hp":40,"atk":0,"def":0,"spa":252,"spd":0,"spe":216},"gender":"M","ivs":{"hp":31,"atk":30,"def":31,"spa":30,"spd":31,"spe":31},"happiness":255,"hpType":"Grass","pokeball":"","gigantamax":false,"dynamaxLevel":10,"teraType":"","level":100},{"name":"Metagross","species":"Metagross","item":"Choice Band","ability":"Clear Body","moves":["Meteor Mash","Earthquake","Rock Slide","Explosion"],"nature":"Adamant","evs":{"hp":68,"atk":252,"def":0,"spa":0,"spd":0,"spe":188},"gender":"N","level":100,"ivs":{"hp":31,"atk":31,"def":31,"spa":31,"spd":31,"spe":31}},{"name":"Starmie","species":"Starmie","item":"Leftovers","ability":"Natural Cure","moves":["Hydro Pump","Thunderbolt","Ice Beam","Psychic"],"nature":"Timid","evs":{"hp":4,"atk":0,"def":0,"spa":252,"spd":0,"spe":252},"gender":"N","ivs":{"hp":31,"atk":0,"def":31,"spa":31,"spd":31,"spe":31},"level":100}],"score":[0,1],"inputLog":[">version 372d05e49c92a79eecdf6c8dddb208bd1765c00f",">start {\"formatid\":\"gen3ou\",\"seed\":\"sodium,6339cdf9c70bcf74f00b3a239ef1d3d4\"}",">player p1 {\"name\":\"foultestchallenge1\",\"avatar\":\"1\",\"team\":\"Metagross||Leftovers|ClearBody|MeteorMash,Earthquake,Agility,Explosion|Adamant|152,252,,,,104|N||||]Milotic||Leftovers|MarvelScale|Hypnosis,Surf,IceBeam,Recover|Bold|248,,212,,,48|F|,0,,,,|||]Celebi||Leftovers|NaturalCure|SwordsDance,HiddenPowerRock,BatonPass,Recover|Jolly|240,,44,,4,220|N|,,30,,30,30|||,Rock,,,,]Magneton||Leftovers|MagnetPull|Thunderbolt,HiddenPowerFire,ThunderWave,Toxic|Timid|144,,,112,,252|N|,2,,30,,30|||,Fire,,,,]Heracross||Leftovers|Guts|Megahorn,RockSlide,HiddenPowerGhost,BrickBreak|Adamant|144,16,,,184,164|M|,,30,,30,|||,Ghost,,,,]Gyarados||Leftovers|Intimidate|HiddenPowerFlying,DoubleEdge,Earthquake,DragonDance|Jolly|,252,4,,,252|M|30,30,30,30,30,|||,Flying,,,,\",\"rating\":0}",">player p2 {\"name\":\"foultestacceptor1\",\"avatar\":\"169\",\"team\":\"Skarmory||Leftovers|KeenEye|Spikes,Roar,Toxic,Protect|Careful|252,,,,252,4|F|,0,,,,|||]Jolteon||Leftovers|VoltAbsorb|Thunderbolt,ThunderWave,HiddenPowerGrass,BatonPass|Timid|4,,,252,,252|F|,2,,30,,|||,Grass,,,,]Tyranitar||Leftovers|SandStream|FocusPunch,Earthquake,HiddenPowerBug,RockSlide|Adamant|252,252,4,,,|F|,,,,30,30|||,Bug,,,,]Gengar||Leftovers|Levitate|IcePunch,FirePunch,HiddenPowerGrass,Explosion|Hasty|40,,,252,,216|M|,30,,30,,|||,Grass,,,,]Metagross||ChoiceBand|ClearBody|MeteorMash,Earthquake,RockSlide,Explosion|Adamant|68,252,,,,188|N||||]Starmie||Leftovers|NaturalCure|HydroPump,Thunderbolt,IceBeam,Psychic|Timid|4,,,252,,252|N|,0,,,,|||\",\"rating\":0}",">p1 switch 4",">p2 move spikes",">p1 move thunderbolt",">p2 move spikes",">p1 move hiddenpower",">p2 move spikes",">p2 switch 3",">p1 move thunderbolt",">p2 move earthquake",">p1 switch 4",">p1 move meteormash",">p2 switch 5",">p1 move earthquake",">p2 move earthquake",">p1 switch 6",">p1 switch 2",">p2 switch 6",">p1 move recover",">p2 move thunderbolt",">p1 move recover",">p2 move thunderbolt",">p1 move surf",">p2 move thunderbolt",">p1 move recover",">p2 move thunderbolt",">p1 move recover",">p2 move thunderbolt",">p1 move recover",">p2 move thunderbolt",">p1 move recover",">p2 move thunderbolt",">p1 move surf",">p2 move thunderbolt",">p1 move recover",">p2 move thunderbolt",">p1 move recover",">p2 move thunderbolt",">p1 move recover",">p2 move thunderbolt",">p1 move surf",">p2 move thunderbolt",">p1 move recover",">p2 move thunderbolt",">p1 move recover",">p2 move thunderbolt",">p1 move recover",">p2 move thunderbolt",">p1 move recover",">p2 move thunderbolt",">p1 move recover",">p2 move thunderbolt",">p1 move surf",">p2 move thunderbolt",">p2 switch 2",">p1 move hypnosis",">p2 move thunderbolt",">p1 switch 5",">p1 move megahorn",">p2 move batonpass",">p2 switch 6",">p1 move brickbreak",">p2 move explosion",">p2 switch 4",">p1 move hiddenpower",">p2 move firepunch",">p1 switch 2",">p2 move firepunch",">p1 switch 2",">p2 move explosion",">p1 switch 3",">p2 switch 6",">p1 move hiddenpower",">p2 move thunderwave",">p1 move recover",">p2 move thunderbolt",">p1 move recover",">p2 move thunderbolt",">p1 move recover",">p2 switch 5",">p1 move batonpass",">p2 move rockslide",">p1 switch 2",">p1 move earthquake",">p2 move rockslide",">p1 move earthquake",">p2 move earthquake",">p2 switch 5",">p1 switch 2",">p2 move thunderbolt",">p1 move recover",">p2 move thunderbolt",">p1 move swordsdance",">p2 move thunderwave",">p1 move swordsdance",">p2 move thunderbolt",">p1 move recover",">p2 move thunderbolt",">p1 move hiddenpower",">p2 move thunderbolt",">p1 move recover",">p2 move thunderbolt",">p1 move recover",">p2 move thunderbolt",">p1 move recover",">p2 move thunderbolt",">p1 switch 2",">p1 move hiddenpower",">p2 move thunderbolt"],"log":["|j|☆foultestchallenge1","|j|☆foultestacceptor1","|t:|1752970944","|gametype|singles","|player|p1|foultestchallenge1|1|","|player|p2|foultestacceptor1|169|","|teamsize|p1|6","|teamsize|p2|6","|gen|3","|tier|[Gen 3] OU","|rule|Sleep Clause Mod: Limit one foe put to sleep","|rule|Switch Priority Clause Mod: Faster Pokémon switch first","|rule|Species Clause: Limit one of each Pokémon","|rule|OHKO Clause: OHKO moves are banned","|rule|Evasion Items Clause: Evasion items are banned","|rule|Evasion Moves Clause: Evasion moves are banned","|rule|Endless Battle Clause: Forcing endless battles is banned","|rule|HP Percentage Mod: HP is shown in percentages","|rule|One Boost Passer Clause: Limit one Baton Passer that has a way to boost its stats","|rule|Freeze Clause Mod: Limit one foe frozen","|","|t:|1752970944","|start","|switch|p1a: Metagross|Metagross|339/339","|switch|p2a: Skarmory|Skarmory, F|334/334","|turn|1","|inactive|Battle timer is ON: inactive players will automatically lose when time's up. (requested by foultestchallenge1)","|inactive|foultestacceptor1 also wants the timer to be on.","|","|t:|1752970953","|switch|p1a: Magneton|Magneton|277/277","|move|p2a: Skarmory|Spikes|p1a: Magneton","|-sidestart|p1: foultestchallenge1|Spikes","|","|upkeep","|turn|2","||adding 10 for new turn","|","|t:|1752970961","|move|p1a: Magneton|Thunderbolt|p2a: Skarmory","|-supereffective|p2a: Skarmory","|-damage|p2a: Skarmory|69/334","|move|p2a: Skarmory|Spikes|p1a: Magneton","|-sidestart|p1: foultestchallenge1|Spikes","|","|-heal|p2a: Skarmory|89/334|[from] item: Leftovers","|upkeep","|turn|3","||adding 10 for new turn","|","|t:|1752970969","|move|p1a: Magneton|Hidden Power|p2a: Skarmory","|-supereffective|p2a: Skarmory","|-damage|p2a: Skarmory|0 fnt","|faint|p2a: Skarmory","||adding 5 to each for mid turn request","|","|t:|1752970977","|switch|p2a: Tyranitar|Tyranitar, F|404/404","|-weather|Sandstorm|[from] ability: Sand Stream|[of] p2a: Tyranitar","|","|-weather|Sandstorm|[upkeep]","|upkeep","|turn|4","||adding 10 for new turn","|","|t:|1752970985","|move|p1a: Magneton|Thunderbolt|p2a: Tyranitar","|-damage|p2a: Tyranitar|267/404","|move|p2a: Tyranitar|Earthquake|p1a: Magneton","|-supereffective|p1a: Magneton","|-damage|p1a: Magneton|0 fnt","|faint|p1a: Magneton","||adding 5 to each for mid turn request","|","|t:|1752970993","|switch|p1a: Metagross|Metagross|339/339","|-damage|p1a: Metagross|283/339|[from] Spikes","|","|-weather|Sandstorm|[upkeep]","|-heal|p1a: Metagross|304/339|[from] item: Leftovers","|-heal|p2a: Tyranitar|292/404|[from] item: Leftovers","|upkeep","|turn|5","||adding 10 for new turn","|","|t:|1752971000","|switch|p2a: Metagross|Metagross|318/318","|move|p1a: Metagross|Meteor Mash|p2a: Metagross","|-resisted|p2a: Metagross","|-damage|p2a: Metagross|239/318","|","|-weather|Sandstorm|[upkeep]","|-heal|p1a: Metagross|325/339|[from] item: Leftovers","|upkeep","|turn|6","||adding 10 for new turn","|","|t:|1752971009","|move|p2a: Metagross|Earthquake|p1a: Metagross","|-supereffective|p1a: Metagross","|-damage|p1a: Metagross|0 fnt","|faint|p1a: Metagross","||adding 5 to each for mid turn request","|","|t:|1752971016","|switch|p1a: Gyarados|Gyarados, M|330/330","|-ability|p1a: Gyarados|Intimidate|boost","|-fail|p2a: Metagross|unboost|[from] ability: Clear Body|[of] p2a: Metagross","|","|-weather|Sandstorm|[upkeep]","|-damage|p1a: Gyarados|310/330|[from] Sandstorm","|-heal|p1a: Gyarados|330/330|[from] item: Leftovers","|upkeep","|turn|7","||adding 10 for new turn","|","|t:|1752971024","|switch|p1a: Milotic|Milotic, F|393/393","|-damage|p1a: Milotic|328/393|[from] Spikes","|switch|p2a: Starmie|Starmie|262/262","|","|-weather|Sandstorm|[upkeep]","|-damage|p2a: Starmie|246/262|[from] Sandstorm","|-damage|p1a: Milotic|304/393|[from] Sandstorm","|-heal|p2a: Starmie|262/262|[from] item: Leftovers","|-heal|p1a: Milotic|328/393|[from] item: Leftovers","|upkeep","|turn|8","||adding 10 for new turn","|","|t:|1752971032","|move|p2a: Starmie|Thunderbolt|p1a: Milotic","|-supereffective|p1a: Milotic","|-damage|p1a: Milotic|169/393","|move|p1a: Milotic|Recover|p1a: Milotic","|-heal|p1a: Milotic|365/393","|","|-weather|Sandstorm|[upkeep]","|-damage|p2a: Starmie|246/262|[from] Sandstorm","|-damage|p1a: Milotic|341/393|[from] Sandstorm","|-heal|p2a: Starmie|262/262|[from] item: Leftovers","|-heal|p1a: Milotic|365/393|[from] item: Leftovers","|upkeep","|turn|9","||adding 10 for new turn","|","|t:|1752971040","|move|p2a: Starmie|Thunderbolt|p1a: Milotic","|-supereffective|p1a: Milotic","|-damage|p1a: Milotic|212/393","|move|p1a: Milotic|Recover|p1a: Milotic","|-heal|p1a: Milotic|393/393","|","|-weather|Sandstorm|[upkeep]","|-damage|p2a: Starmie|246/262|[from] Sandstorm","|-damage|p1a: Milotic|369/393|[from] Sandstorm","|-heal|p2a: Starmie|262/262|[from] item: Leftovers","|-heal|p1a: Milotic|393/393|[from] item: Leftovers","|upkeep","|turn|10","||adding 10 for new turn","|","|t:|1752971048","|move|p2a: Starmie|Thunderbolt|p1a: Milotic","|-supereffective|p1a: Milotic","|-damage|p1a: Milotic|230/393","|move|p1a: Milotic|Surf|p2a: Starmie","|-resisted|p2a: Starmie","|-damage|p2a: Starmie|196/262","|","|-weather|Sandstorm|[upkeep]","|-damage|p2a: Starmie|180/262|[from] Sandstorm","|-damage|p1a: Milotic|206/393|[from] Sandstorm","|-heal|p2a: Starmie|196/262|[from] item: Leftovers","|-heal|p1a: Milotic|230/393|[from] item: Leftovers","|upkeep","|turn|11","||adding 10 for new turn","|","|t:|1752971056","|move|p2a: Starmie|Thunderbolt|p1a: Milotic","|-supereffective|p1a: Milotic","|-damage|p1a: Milotic|66/393","|move|p1a: Milotic|Recover|p1a: Milotic","|-heal|p1a: Milotic|262/393","|","|-weather|Sandstorm|[upkeep]","|-damage|p2a: Starmie|180/262|[from] Sandstorm","|-damage|p1a: Milotic|238/393|[from] Sandstorm","|-heal|p2a: Starmie|196/262|[from] item: Leftovers","|-heal|p1a: Milotic|262/393|[from] item: Leftovers","|upkeep","|turn|12","||adding 10 for new turn","|","|t:|1752971064","|move|p2a: Starmie|Thunderbolt|p1a: Milotic","|-supereffective|p1a: Milotic","|-damage|p1a: Milotic|118/393","|move|p1a: Milotic|Recover|p1a: Milotic","|-heal|p1a: Milotic|314/393","|","|-weather|Sandstorm|[upkeep]","|-damage|p2a: Starmie|180/262|[from] Sandstorm","|-damage|p1a: Milotic|290/393|[from] Sandstorm","|-heal|p2a: Starmie|196/262|[from] item: Leftovers","|-heal|p1a: Milotic|314/393|[from] item: Leftovers","|upkeep","|turn|13","||adding 10 for new turn","|","|t:|1752971072","|move|p2a: Starmie|Thunderbolt|p1a: Milotic","|-supereffective|p1a: Milotic","|-damage|p1a: Milotic|153/393","|move|p1a: Milotic|Recover|p1a: Milotic","|-heal|p1a: Milotic|349/393","|","|-weather|Sandstorm|[upkeep]","|-damage|p2a: Starmie|180/262|[from] Sandstorm","|-damage|p1a: Milotic|325/393|[from] Sandstorm","|-heal|p2a: Starmie|196/262|[from] item: Leftovers","|-heal|p1a: Milotic|349/393|[from] item: Leftovers","|upkeep","|turn|14","||adding 10 for new turn","|","|t:|1752971080","|move|p2a: Starmie|Thunderbolt|p1a: Milotic","|-supereffective|p1a: Milotic","|-damage|p1a: Milotic|190/393","|move|p1a: Milotic|Recover|p1a: Milotic","|-heal|p1a: Milotic|386/393","|","|-weather|Sandstorm|[upkeep]","|-damage|p2a: Starmie|180/262|[from] Sandstorm","|-damage|p1a: Milotic|362/393|[from] Sandstorm","|-heal|p2a: Starmie|196/262|[from] item: Leftovers","|-heal|p1a: Milotic|386/393|[from] item: Leftovers","|upkeep","|turn|15","||adding 10 for new turn","|","|t:|1752971088","|move|p2a: Starmie|Thunderbolt|p1a: Milotic","|-supereffective|p1a: Milotic","|-damage|p1a: Milotic|239/393","|move|p1a: Milotic|Surf|p2a: Starmie","|-resisted|p2a: Starmie","|-damage|p2a: Starmie|127/262","|","|-weather|Sandstorm|[upkeep]","|-damage|p2a: Starmie|111/262|[from] Sandstorm","|-damage|p1a: Milotic|215/393|[from] Sandstorm","|-heal|p2a: Starmie|127/262|[from] item: Leftovers","|-heal|p1a: Milotic|239/393|[from] item: Leftovers","|upkeep","|turn|16","||adding 10 for new turn","|","|t:|1752971096","|move|p2a: Starmie|Thunderbolt|p1a: Milotic","|-supereffective|p1a: Milotic","|-damage|p1a: Milotic|93/393","|move|p1a: Milotic|Recover|p1a: Milotic","|-heal|p1a: Milotic|289/393","|","|-weather|Sandstorm|[upkeep]","|-damage|p2a: Starmie|111/262|[from] Sandstorm","|-damage|p1a: Milotic|265/393|[from] Sandstorm","|-heal|p2a: Starmie|127/262|[from] item: Leftovers","|-heal|p1a: Milotic|289/393|[from] item: Leftovers","|upkeep","|turn|17","||adding 10 for new turn","|","|t:|1752971104","|move|p2a: Starmie|Thunderbolt|p1a: Milotic","|-supereffective|p1a: Milotic","|-damage|p1a: Milotic|131/393","|move|p1a: Milotic|Recover|p1a: Milotic","|-heal|p1a: Milotic|327/393","|","|-weather|Sandstorm|[upkeep]","|-damage|p2a: Starmie|111/262|[from] Sandstorm","|-damage|p1a: Milotic|303/393|[from] Sandstorm","|-heal|p2a: Starmie|127/262|[from] item: Leftovers","|-heal|p1a: Milotic|327/393|[from] item: Leftovers","|upkeep","|turn|18","||adding 10 for new turn","|","|t:|1752971111","|move|p2a: Starmie|Thunderbolt|p1a: Milotic","|-supereffective|p1a: Milotic","|-damage|p1a: Milotic|161/393","|move|p1a: Milotic|Recover|p1a: Milotic","|-heal|p1a: Milotic|357/393","|","|-weather|Sandstorm|[upkeep]","|-damage|p2a: Starmie|111/262|[from] Sandstorm","|-damage|p1a: Milotic|333/393|[from] Sandstorm","|-heal|p2a: Starmie|127/262|[from] item: Leftovers","|-heal|p1a: Milotic|357/393|[from] item: Leftovers","|upkeep","|turn|19","||adding 10 for new turn","|","|t:|1752971119","|move|p2a: Starmie|Thunderbolt|p1a: Milotic","|-supereffective|p1a: Milotic","|-damage|p1a: Milotic|201/393","|move|p1a: Milotic|Surf|p2a: Starmie","|-resisted|p2a: Starmie","|-damage|p2a: Starmie|65/262","|","|-weather|Sandstorm|[upkeep]","|-damage|p2a: Starmie|49/262|[from] Sandstorm","|-damage|p1a: Milotic|177/393|[from] Sandstorm","|-heal|p2a: Starmie|65/262|[from] item: Leftovers","|-heal|p1a: Milotic|201/393|[from] item: Leftovers","|upkeep","|turn|20","||adding 10 for new turn","|","|t:|1752971127","|move|p2a: Starmie|Thunderbolt|p1a: Milotic","|-supereffective|p1a: Milotic","|-damage|p1a: Milotic|52/393","|move|p1a: Milotic|Recover|p1a: Milotic","|-heal|p1a: Milotic|248/393","|","|-weather|Sandstorm|[upkeep]","|-damage|p2a: Starmie|49/262|[from] Sandstorm","|-damage|p1a: Milotic|224/393|[from] Sandstorm","|-heal|p2a: Starmie|65/262|[from] item: Leftovers","|-heal|p1a: Milotic|248/393|[from] item: Leftovers","|upkeep","|turn|21","||adding 10 for new turn","|","|t:|1752971135","|move|p2a: Starmie|Thunderbolt|p1a: Milotic","|-supereffective|p1a: Milotic","|-damage|p1a: Milotic|84/393","|move|p1a: Milotic|Recover|p1a: Milotic","|-heal|p1a: Milotic|280/393","|","|-weather|Sandstorm|[upkeep]","|-damage|p2a: Starmie|49/262|[from] Sandstorm","|-damage|p1a: Milotic|256/393|[from] Sandstorm","|-heal|p2a: Starmie|65/262|[from] item: Leftovers","|-heal|p1a: Milotic|280/393|[from] item: Leftovers","|upkeep","|turn|22","||adding 10 for new turn","|","|t:|1752971143","|move|p2a: Starmie|Thunderbolt|p1a: Milotic","|-supereffective|p1a: Milotic","|-damage|p1a: Milotic|122/393","|move|p1a: Milotic|Recover|p1a: Milotic","|-heal|p1a: Milotic|318/393","|","|-weather|Sandstorm|[upkeep]","|-damage|p2a: Starmie|49/262|[from] Sandstorm","|-damage|p1a: Milotic|294/393|[from] Sandstorm","|-heal|p2a: Starmie|65/262|[from] item: Leftovers","|-heal|p1a: Milotic|318/393|[from] item: Leftovers","|upkeep","|turn|23","||adding 10 for new turn","|","|t:|1752971151","|move|p2a: Starmie|Thunderbolt|p1a: Milotic","|-supereffective|p1a: Milotic","|-damage|p1a: Milotic|157/393","|move|p1a: Milotic|Recover|p1a: Milotic","|-heal|p1a: Milotic|353/393","|","|-weather|Sandstorm|[upkeep]","|-damage|p2a: Starmie|49/262|[from] Sandstorm","|-damage|p1a: Milotic|329/393|[from] Sandstorm","|-heal|p2a: Starmie|65/262|[from] item: Leftovers","|-heal|p1a: Milotic|353/393|[from] item: Leftovers","|upkeep","|turn|24","||adding 10 for new turn","|","|t:|1752971159","|move|p2a: Starmie|Thunderbolt|p1a: Milotic","|-supereffective|p1a: Milotic","|-damage|p1a: Milotic|194/393","|move|p1a: Milotic|Recover|p1a: Milotic","|-heal|p1a: Milotic|390/393","|","|-weather|Sandstorm|[upkeep]","|-damage|p2a: Starmie|49/262|[from] Sandstorm","|-damage|p1a: Milotic|366/393|[from] Sandstorm","|-heal|p2a: Starmie|65/262|[from] item: Leftovers","|-heal|p1a: Milotic|390/393|[from] item: Leftovers","|upkeep","|turn|25","||adding 10 for new turn","|","|t:|1752971166","|move|p2a: Starmie|Thunderbolt|p1a: Milotic","|-supereffective|p1a: Milotic","|-damage|p1a: Milotic|246/393","|move|p1a: Milotic|Surf|p2a: Starmie","|-resisted|p2a: Starmie","|-damage|p2a: Starmie|1/262","|","|-weather|Sandstorm|[upkeep]","|-damage|p2a: Starmie|0 fnt|[from] Sandstorm","|-damage|p1a: Milotic|222/393|[from] Sandstorm","|faint|p2a: Starmie","|-heal|p1a: Milotic|246/393|[from] item: Leftovers","|upkeep","||adding 5 to each for mid turn request","|","|t:|1752971174","|switch|p2a: Jolteon|Jolteon, F|272/272","|turn|26","||adding 10 for new turn","|","|t:|1752971181","|move|p2a: Jolteon|Thunderbolt|p1a: Milotic","|-supereffective|p1a: Milotic","|-damage|p1a: Milotic|0 fnt","|faint|p1a: Milotic","||adding 5 to each for mid turn request","|","|t:|1752971189","|switch|p1a: Heracross|Heracross, M|337/337","|-damage|p1a: Heracross|281/337|[from] Spikes","|","|-weather|Sandstorm|[upkeep]","|-damage|p2a: Jolteon|255/272|[from] Sandstorm","|-damage|p1a: Heracross|260/337|[from] Sandstorm","|-heal|p2a: Jolteon|272/272|[from] item: Leftovers","|-heal|p1a: Heracross|281/337|[from] item: Leftovers","|upkeep","|turn|27","||adding 10 for new turn","|","|t:|1752971197","|move|p2a: Jolteon|Baton Pass|p2a: Jolteon","||adding 5 to each for mid turn request","|","|t:|1752971204","|switch|p2a: Metagross|Metagross|239/318|[from] Baton Pass","|move|p1a: Heracross|Megahorn|p2a: Metagross","|-damage|p2a: Metagross|76/318","|","|-weather|Sandstorm|[upkeep]","|-damage|p1a: Heracross|260/337|[from] Sandstorm","|-heal|p1a: Heracross|281/337|[from] item: Leftovers","|upkeep","|turn|28","||adding 10 for new turn","|","|t:|1752971212","|move|p1a: Heracross|Brick Break|p2a: Metagross","|-damage|p2a: Metagross|0 fnt","|faint|p2a: Metagross","||adding 5 to each for mid turn request","|","|t:|1752971219","|switch|p2a: Gengar|Gengar, M|271/271","|","|-weather|Sandstorm|[upkeep]","|-damage|p2a: Gengar|255/271|[from] Sandstorm","|-damage|p1a: Heracross|260/337|[from] Sandstorm","|-heal|p2a: Gengar|271/271|[from] item: Leftovers","|-heal|p1a: Heracross|281/337|[from] item: Leftovers","|upkeep","|turn|29","||adding 10 for new turn","|","|t:|1752971227","|move|p2a: Gengar|Fire Punch|p1a: Heracross","|-supereffective|p1a: Heracross","|-damage|p1a: Heracross|134/337","|move|p1a: Heracross|Hidden Power|p2a: Gengar","|-supereffective|p2a: Gengar","|-damage|p2a: Gengar|20/271","|","|-weather|Sandstorm|[upkeep]","|-damage|p2a: Gengar|4/271|[from] Sandstorm","|-damage|p1a: Heracross|113/337|[from] Sandstorm","|-heal|p2a: Gengar|20/271|[from] item: Leftovers","|-heal|p1a: Heracross|134/337|[from] item: Leftovers","|upkeep","|turn|30","||adding 10 for new turn","|","|t:|1752971235","|switch|p1a: Gyarados|Gyarados, M|330/330","|-ability|p1a: Gyarados|Intimidate|boost","|-unboost|p2a: Gengar|atk|1","|move|p2a: Gengar|Fire Punch|p1a: Gyarados","|-resisted|p1a: Gyarados","|-damage|p1a: Gyarados|287/330","|","|-weather|Sandstorm|[upkeep]","|-damage|p2a: Gengar|4/271|[from] Sandstorm","|-damage|p1a: Gyarados|267/330|[from] Sandstorm","|-heal|p2a: Gengar|20/271|[from] item: Leftovers","|-heal|p1a: Gyarados|287/330|[from] item: Leftovers","|upkeep","|turn|31","||adding 10 for new turn","|","|t:|1752971242","|switch|p1a: Heracross|Heracross, M|134/337","|-damage|p1a: Heracross|78/337|[from] Spikes","|move|p2a: Gengar|Explosion|p1a: Heracross","|-damage|p1a: Heracross|0 fnt","|faint|p2a: Gengar","|faint|p1a: Heracross","||adding 5 to each for mid turn request","|","|t:|1752971250","|switch|p2a: Jolteon|Jolteon, F|272/272","|switch|p1a: Celebi|Celebi|401/401","|-damage|p1a: Celebi|335/401|[from] Spikes","|","|-weather|Sandstorm|[upkeep]","|-damage|p2a: Jolteon|255/272|[from] Sandstorm","|-damage|p1a: Celebi|310/401|[from] Sandstorm","|-heal|p2a: Jolteon|272/272|[from] item: Leftovers","|-heal|p1a: Celebi|335/401|[from] item: Leftovers","|upkeep","|turn|32","||adding 10 for new turn","|","|t:|1752971258","|move|p2a: Jolteon|Thunder Wave|p1a: Celebi","|-status|p1a: Celebi|par","|move|p1a: Celebi|Hidden Power|p2a: Jolteon","|-damage|p2a: Jolteon|185/272","|","|-weather|Sandstorm|[upkeep]","|-damage|p2a: Jolteon|168/272|[from] Sandstorm","|-damage|p1a: Celebi|310/401 par|[from] Sandstorm","|-heal|p2a: Jolteon|185/272|[from] item: Leftovers","|-heal|p1a: Celebi|335/401 par|[from] item: Leftovers","|upkeep","|turn|33","||adding 10 for new turn","|","|t:|1752971265","|move|p2a: Jolteon|Thunderbolt|p1a: Celebi","|-resisted|p1a: Celebi","|-damage|p1a: Celebi|263/401 par","|cant|p1a: Celebi|par","|","|-weather|Sandstorm|[upkeep]","|-damage|p2a: Jolteon|168/272|[from] Sandstorm","|-damage|p1a: Celebi|238/401 par|[from] Sandstorm","|-heal|p2a: Jolteon|185/272|[from] item: Leftovers","|-heal|p1a: Celebi|263/401 par|[from] item: Leftovers","|upkeep","|turn|34","||adding 10 for new turn","|","|t:|1752971273","|move|p2a: Jolteon|Thunderbolt|p1a: Celebi","|-resisted|p1a: Celebi","|-damage|p1a: Celebi|186/401 par","|move|p1a: Celebi|Recover|p1a: Celebi","|-heal|p1a: Celebi|386/401 par","|","|-weather|Sandstorm|[upkeep]","|-damage|p2a: Jolteon|168/272|[from] Sandstorm","|-damage|p1a: Celebi|361/401 par|[from] Sandstorm","|-heal|p2a: Jolteon|185/272|[from] item: Leftovers","|-heal|p1a: Celebi|386/401 par|[from] item: Leftovers","|upkeep","|turn|35","||adding 10 for new turn","|","|t:|1752971280","|switch|p2a: Tyranitar|Tyranitar, F|292/404","|move|p1a: Celebi|Recover|p1a: Celebi","|-heal|p1a: Celebi|401/401 par","|","|-weather|Sandstorm|[upkeep]","|-damage|p1a: Celebi|376/401 par|[from] Sandstorm","|-heal|p2a: Tyranitar|317/404|[from] item: Leftovers","|-heal|p1a: Celebi|401/401 par|[from] item: Leftovers","|upkeep","|turn|36","||adding 10 for new turn","|","|t:|1752971288","|move|p2a: Tyranitar|Rock Slide|p1a: Celebi","|-damage|p1a: Celebi|263/401 par","|move|p1a: Celebi|Baton Pass|p1a: Celebi","||adding 5 to each for mid turn request","|","|t:|1752971296","|-curestatus|p1a: Celebi|par|[from] ability: Natural Cure","|switch|p1a: Gyarados|Gyarados, M|287/330|[from] Baton Pass","|-ability|p1a: Gyarados|Intimidate|boost","|-unboost|p2a: Tyranitar|atk|1","|","|-weather|Sandstorm|[upkeep]","|-damage|p1a: Gyarados|267/330|[from] Sandstorm","|-heal|p1a: Gyarados|287/330|[from] item: Leftovers","|-heal|p2a: Tyranitar|342/404|[from] item: Leftovers","|upkeep","|turn|37","||adding 10 for new turn","|","|t:|1752971303","|move|p1a: Gyarados|Earthquake|p2a: Tyranitar","|-supereffective|p2a: Tyranitar","|-damage|p2a: Tyranitar|119/404","|move|p2a: Tyranitar|Rock Slide|p1a: Gyarados","|-supereffective|p1a: Gyarados","|-damage|p1a: Gyarados|53/330","|","|-weather|Sandstorm|[upkeep]","|-damage|p1a: Gyarados|33/330|[from] Sandstorm","|-heal|p1a: Gyarados|53/330|[from] item: Leftovers","|-heal|p2a: Tyranitar|144/404|[from] item: Leftovers","|upkeep","|turn|38","||adding 10 for new turn","|","|t:|1752971311","|move|p1a: Gyarados|Earthquake|p2a: Tyranitar","|-supereffective|p2a: Tyranitar","|-crit|p2a: Tyranitar","|-damage|p2a: Tyranitar|0 fnt","|faint|p2a: Tyranitar","||adding 5 to each for mid turn request","|","|t:|1752971318","|switch|p2a: Jolteon|Jolteon, F|185/272","|","|-weather|Sandstorm|[upkeep]","|-damage|p2a: Jolteon|168/272|[from] Sandstorm","|-damage|p1a: Gyarados|33/330|[from] Sandstorm","|-heal|p2a: Jolteon|185/272|[from] item: Leftovers","|-heal|p1a: Gyarados|53/330|[from] item: Leftovers","|upkeep","|turn|39","||adding 10 for new turn","|","|t:|1752971325","|switch|p1a: Celebi|Celebi|263/401","|-damage|p1a: Celebi|197/401|[from] Spikes","|move|p2a: Jolteon|Thunderbolt|p1a: Celebi","|-resisted|p1a: Celebi","|-damage|p1a: Celebi|125/401","|","|-weather|Sandstorm|[upkeep]","|-damage|p2a: Jolteon|168/272|[from] Sandstorm","|-damage|p1a: Celebi|100/401|[from] Sandstorm","|-heal|p2a: Jolteon|185/272|[from] item: Leftovers","|-heal|p1a: Celebi|125/401|[from] item: Leftovers","|upkeep","|turn|40","||adding 10 for new turn","|","|t:|1752971329","|move|p2a: Jolteon|Thunderbolt|p1a: Celebi","|-resisted|p1a: Celebi","|-damage|p1a: Celebi|51/401","|move|p1a: Celebi|Recover|p1a: Celebi","|-heal|p1a: Celebi|251/401","|","|-weather|Sandstorm|[upkeep]","|-damage|p2a: Jolteon|168/272|[from] Sandstorm","|-damage|p1a: Celebi|226/401|[from] Sandstorm","|-heal|p2a: Jolteon|185/272|[from] item: Leftovers","|-heal|p1a: Celebi|251/401|[from] item: Leftovers","|upkeep","|turn|41","||adding 10 for new turn","|","|t:|1752971333","|move|p2a: Jolteon|Thunder Wave|p1a: Celebi","|-status|p1a: Celebi|par","|cant|p1a: Celebi|par","|","|-weather|Sandstorm|[upkeep]","|-damage|p2a: Jolteon|168/272|[from] Sandstorm","|-damage|p1a: Celebi|226/401 par|[from] Sandstorm","|-heal|p2a: Jolteon|185/272|[from] item: Leftovers","|-heal|p1a: Celebi|251/401 par|[from] item: Leftovers","|upkeep","|turn|42","||adding 10 for new turn","|","|t:|1752971337","|move|p2a: Jolteon|Thunderbolt|p1a: Celebi","|-resisted|p1a: Celebi","|-damage|p1a: Celebi|174/401 par","|move|p1a: Celebi|Swords Dance|p1a: Celebi","|-boost|p1a: Celebi|atk|2","|","|-weather|Sandstorm|[upkeep]","|-damage|p2a: Jolteon|168/272|[from] Sandstorm","|-damage|p1a: Celebi|149/401 par|[from] Sandstorm","|-heal|p2a: Jolteon|185/272|[from] item: Leftovers","|-heal|p1a: Celebi|174/401 par|[from] item: Leftovers","|upkeep","|turn|43","||adding 10 for new turn","|","|t:|1752971341","|move|p2a: Jolteon|Thunderbolt|p1a: Celebi","|-resisted|p1a: Celebi","|-damage|p1a: Celebi|94/401 par","|move|p1a: Celebi|Recover|p1a: Celebi","|-heal|p1a: Celebi|294/401 par","|","|-weather|Sandstorm|[upkeep]","|-damage|p2a: Jolteon|168/272|[from] Sandstorm","|-damage|p1a: Celebi|269/401 par|[from] Sandstorm","|-heal|p2a: Jolteon|185/272|[from] item: Leftovers","|-heal|p1a: Celebi|294/401 par|[from] item: Leftovers","|upkeep","|turn|44","||adding 10 for new turn","|","|t:|1752971345","|move|p2a: Jolteon|Thunderbolt|p1a: Celebi","|-resisted|p1a: Celebi","|-damage|p1a: Celebi|217/401 par","|cant|p1a: Celebi|par","|","|-weather|Sandstorm|[upkeep]","|-damage|p2a: Jolteon|168/272|[from] Sandstorm","|-damage|p1a: Celebi|192/401 par|[from] Sandstorm","|-heal|p2a: Jolteon|185/272|[from] item: Leftovers","|-heal|p1a: Celebi|217/401 par|[from] item: Leftovers","|upkeep","|turn|45","||adding 10 for new turn","|","|t:|1752971350","|move|p2a: Jolteon|Thunderbolt|p1a: Celebi","|-resisted|p1a: Celebi","|-damage|p1a: Celebi|139/401 par","|cant|p1a: Celebi|par","|","|-weather|Sandstorm|[upkeep]","|-damage|p2a: Jolteon|168/272|[from] Sandstorm","|-damage|p1a: Celebi|114/401 par|[from] Sandstorm","|-heal|p2a: Jolteon|185/272|[from] item: Leftovers","|-heal|p1a: Celebi|139/401 par|[from] item: Leftovers","|upkeep","|turn|46","||adding 10 for new turn","|","|t:|1752971354","|move|p2a: Jolteon|Thunderbolt|p1a: Celebi","|-resisted|p1a: Celebi","|-damage|p1a: Celebi|70/401 par","|cant|p1a: Celebi|par","|","|-weather|Sandstorm|[upkeep]","|-damage|p2a: Jolteon|168/272|[from] Sandstorm","|-damage|p1a: Celebi|45/401 par|[from] Sandstorm","|-heal|p2a: Jolteon|185/272|[from] item: Leftovers","|-heal|p1a: Celebi|70/401 par|[from] item: Leftovers","|upkeep","|turn|47","||adding 10 for new turn","|","|t:|1752971358","|move|p2a: Jolteon|Thunderbolt|p1a: Celebi","|-resisted|p1a: Celebi","|-damage|p1a: Celebi|0 fnt","|faint|p1a: Celebi","||adding 5 to each for mid turn request","|","|t:|1752971361","|switch|p1a: Gyarados|Gyarados, M|53/330","|-ability|p1a: Gyarados|Intimidate|boost","|-unboost|p2a: Jolteon|atk|1","|","|-weather|Sandstorm|[upkeep]","|-damage|p2a: Jolteon|168/272|[from] Sandstorm","|-damage|p1a: Gyarados|33/330|[from] Sandstorm","|-heal|p2a: Jolteon|185/272|[from] item: Leftovers","|-heal|p1a: Gyarados|53/330|[from] item: Leftovers","|upkeep","|turn|48","||adding 10 for new turn","|","|t:|1752971367","|move|p2a: Jolteon|Thunderbolt|p1a: Gyarados","|-supereffective|p1a: Gyarados","|-damage|p1a: Gyarados|0 fnt","|faint|p1a: Gyarados","|","|win|foultestacceptor1",""],"p1rating":null,"p2rating":null,"endType":"normal","ladderError":true,"timestamp":"Sat Jul 19 2025 17:29:27 GMT-0700 (アメリカ太平洋夏時間)","roomid":"battle-gen3ou-1019","format":"gen3ou"}