{"winner":"foultestchallenge1","seed":"sodium,843f9934608ab3c2e406ea87d5c99e73","turns":171,"p1":"foultestchallenge1","p2":"foultestacceptor1","p1team":[{"name":"Skarmory","species":"Skarmory","item":"Leftovers","ability":"Keen Eye","moves":["Spikes","Roar","Toxic","Protect"],"nature":"Careful","evs":{"hp":252,"atk":0,"def":0,"spa":0,"spd":252,"spe":4},"gender":"M","ivs":{"hp":31,"atk":0,"def":31,"spa":31,"spd":31,"spe":31},"level":100},{"name":"Jolteon","species":"Jolteon","item":"Leftovers","ability":"Volt Absorb","moves":["Thunderbolt","Thunder Wave","Hidden Power Grass","Baton Pass"],"nature":"Timid","evs":{"hp":4,"atk":0,"def":0,"spa":252,"spd":0,"spe":252},"gender":"M","ivs":{"hp":31,"atk":2,"def":31,"spa":30,"spd":31,"spe":31},"happiness":255,"hpType":"Grass","pokeball":"","gigantamax":false,"dynamaxLevel":10,"teraType":"","level":100},{"name":"Tyranitar","species":"Tyranitar","item":"Leftovers","ability":"Sand Stream","moves":["Focus Punch","Earthquake","Hidden Power Bug","Rock Slide"],"nature":"Adamant","evs":{"hp":252,"atk":252,"def":4,"spa":0,"spd":0,"spe":0},"gender":"F","ivs":{"hp":31,"atk":31,"def":31,"spa":31,"spd":30,"spe":30},"happiness":255,"hpType":"Bug","pokeball":"","gigantamax":false,"dynamaxLevel":10,"teraType":"","level":100},{"name":"Gengar","species":"Gengar","item":"Leftovers","ability":"Levitate","moves":["Ice Punch","Fire Punch","Hidden Power Grass","Explosion"],"nature":"Hasty","evs":{"hp":40,"atk":0,"def":0,"spa":252,"spd":0,"spe":216},"gender":"F","ivs":{"hp":31,"atk":30,"def":31,"spa":30,"spd":31,"spe":31},"happiness":255,"hpType":"Grass","pokeball":"","gigantamax":false,"dynamaxLevel":10,"teraType":"","level":100},{"name":"Metagross","species":"Metagross","item":"Choice Band","ability":"Clear Body","moves":["Meteor Mash","Earthquake","Rock Slide","Explosion"],"nature":"Adamant","evs":{"hp":68,"atk":252,"def":0,"spa":0,"spd":0,"spe":188},"gender":"N","level":100,"ivs":{"hp":31,"atk":31,"def":31,"spa":31,"spd":31,"spe":31}},{"name":"Starmie","species":"Starmie","item":"Leftovers","ability":"Natural Cure","moves":["Hydro Pump","Thunderbolt","Ice Beam","Psychic"],"nature":"Timid","evs":{"hp":4,"atk":0,"def":0,"spa":252,"spd":0,"spe":252},"gender":"N","ivs":{"hp":31,"atk":0,"def":31,"spa":31,"spd":31,"spe":31},"level":100}],"p2team":[{"name":"Skarmory","species":"Skarmory","item":"Leftovers","ability":"Keen Eye","moves":["Spikes","Roar","Toxic","Protect"],"nature":"Careful","evs":{"hp":252,"atk":0,"def":0,"spa":0,"spd":252,"spe":4},"gender":"M","ivs":{"hp":31,"atk":0,"def":31,"spa":31,"spd":31,"spe":31},"level":100},{"name":"Jolteon","species":"Jolteon","item":"Leftovers","ability":"Volt Absorb","moves":["Thunderbolt","Thunder Wave","Hidden Power Grass","Baton Pass"],"nature":"Timid","evs":{"hp":4,"atk":0,"def":0,"spa":252,"spd":0,"spe":252},"gender":"M","ivs":{"hp":31,"atk":2,"def":31,"spa":30,"spd":31,"spe":31},"happiness":255,"hpType":"Grass","pokeball":"","gigantamax":false,"dynamaxLevel":10,"teraType":"","level":100},{"name":"Tyranitar","species":"Tyranitar","item":"Leftovers","ability":"Sand Stream","moves":["Focus Punch","Earthquake","Hidden Power Bug","Rock Slide"],"nature":"Adamant","evs":{"hp":252,"atk":252,"def":4,"spa":0,"spd":0,"spe":0},"gender":"F","ivs":{"hp":31,"atk":31,"def":31,"spa":31,"spd":30,"spe":30},"happiness":255,"hpType":"Bug","pokeball":"","gigantamax":false,"dynamaxLevel":10,"teraType":"","level":100},{"name":"Gengar","species":"Gengar","item":"Leftovers","ability":"Levitate","moves":["Ice Punch","Fire Punch","Hidden Power Grass","Explosion"],"nature":"Hasty","evs":{"hp":40,"atk":0,"def":0,"spa":252,"spd":0,"spe":216},"gender":"F","ivs":{"hp":31,"atk":30,"def":31,"spa":30,"spd":31,"spe":31},"happiness":255,"hpType":"Grass","pokeball":"","gigantamax":false,"dynamaxLevel":10,"teraType":"","level":100},{"name":"Metagross","species":"Metagross","item":"Choice Band","ability":"Clear Body","moves":["Meteor Mash","Earthquake","Rock Slide","Explosion"],"nature":"Adamant","evs":{"hp":68,"atk":252,"def":0,"spa":0,"spd":0,"spe":188},"gender":"N","level":100,"ivs":{"hp":31,"atk":31,"def":31,"spa":31,"spd":31,"spe":31}},{"name":"Starmie","species":"Starmie","item":"Leftovers","ability":"Natural Cure","moves":["Hydro Pump","Thunderbolt","Ice Beam","Psychic"],"nature":"Timid","evs":{"hp":4,"atk":0,"def":0,"spa":252,"spd":0,"spe":252},"gender":"N","ivs":{"hp":31,"atk":0,"def":31,"spa":31,"spd":31,"spe":31},"level":100}],"score":[1,0],"inputLog":[">version 372d05e49c92a79eecdf6c8dddb208bd1765c00f",">start {\"formatid\":\"gen3ou\",\"seed\":\"sodium,843f9934608ab3c2e406ea87d5c99e73\"}",">player p1 {\"name\":\"foultestchallenge1\",\"avatar\":\"266\",\"team\":\"Skarmory||Leftovers|KeenEye|Spikes,Roar,Toxic,Protect|Careful|252,,,,252,4|M|,0,,,,|||]Jolteon||Leftovers|VoltAbsorb|Thunderbolt,ThunderWave,HiddenPowerGrass,BatonPass|Timid|4,,,252,,252|M|,2,,30,,|||,Grass,,,,]Tyranitar||Leftovers|SandStream|FocusPunch,Earthquake,HiddenPowerBug,RockSlide|Adamant|252,252,4,,,|F|,,,,30,30|||,Bug,,,,]Gengar||Leftovers|Levitate|IcePunch,FirePunch,HiddenPowerGrass,Explosion|Hasty|40,,,252,,216|F|,30,,30,,|||,Grass,,,,]Metagross||ChoiceBand|ClearBody|MeteorMash,Earthquake,RockSlide,Explosion|Adamant|68,252,,,,188|N||||]Starmie||Leftovers|NaturalCure|HydroPump,Thunderbolt,IceBeam,Psychic|Timid|4,,,252,,252|N|,0,,,,|||\",\"rating\":0}",">player p2 {\"name\":\"foultestacceptor1\",\"avatar\":\"169\",\"team\":\"Skarmory||Leftovers|KeenEye|Spikes,Roar,Toxic,Protect|Careful|252,,,,252,4|M|,0,,,,|||]Jolteon||Leftovers|VoltAbsorb|Thunderbolt,ThunderWave,HiddenPowerGrass,BatonPass|Timid|4,,,252,,252|M|,2,,30,,|||,Grass,,,,]Tyranitar||Leftovers|SandStream|FocusPunch,Earthquake,HiddenPowerBug,RockSlide|Adamant|252,252,4,,,|F|,,,,30,30|||,Bug,,,,]Gengar||Leftovers|Levitate|IcePunch,FirePunch,HiddenPowerGrass,Explosion|Hasty|40,,,252,,216|F|,30,,30,,|||,Grass,,,,]Metagross||ChoiceBand|ClearBody|MeteorMash,Earthquake,RockSlide,Explosion|Adamant|68,252,,,,188|N||||]Starmie||Leftovers|NaturalCure|HydroPump,Thunderbolt,IceBeam,Psychic|Timid|4,,,252,,252|N|,0,,,,|||\",\"rating\":0}",">p1 move spikes",">p2 move spikes",">p1 move spikes",">p2 move spikes",">p1 move spikes",">p2 move spikes",">p1 move roar",">p2 move roar",">p1 switch 2",">p2 move firepunch",">p1 move thunderbolt",">p2 switch 2",">p1 move thunderwave",">p2 move hiddenpower",">p1 move hiddenpower",">p2 move hiddenpower",">p1 move hiddenpower",">p2 move hiddenpower",">p1 move hiddenpower",">p2 move hiddenpower",">p1 move hiddenpower",">p2 move hiddenpower",">p2 switch 2",">p1 move thunderbolt",">p2 move firepunch",">p1 switch 4",">p1 move icepunch",">p2 move icepunch",">p2 switch 6",">p1 move hiddenpower",">p2 move psychic",">p1 switch 6",">p1 move thunderbolt",">p2 move thunderbolt",">p1 switch 5",">p1 move explosion",">p2 move hydropump",">p1 switch 2",">p2 switch 4",">p1 move roar",">p2 move roar",">p1 move roar",">p2 move rockslide",">p1 move toxic",">p2 move rockslide",">p1 move protect",">p2 move focuspunch",">p1 move protect",">p2 move focuspunch",">p1 move protect",">p2 move focuspunch",">p1 move protect",">p2 move focuspunch",">p1 switch 3",">p2 move focuspunch",">p1 switch 3",">p2 switch 3",">p1 move roar",">p2 move rockslide",">p1 move protect",">p2 move spikes",">p1 move roar",">p2 switch 5",">p1 move roar",">p2 move roar",">p1 move protect",">p2 move rockslide",">p1 move roar",">p2 move rockslide",">p1 move protect",">p2 move rockslide",">p1 move roar",">p2 move rockslide",">p1 move roar",">p2 move rockslide",">p1 move roar",">p2 move roar",">p2 switch 5",">p1 move roar",">p2 move toxic",">p1 move protect",">p2 move spikes",">p1 move roar",">p2 move spikes",">p1 move roar",">p2 move spikes",">p1 move roar",">p2 move toxic",">p1 move roar",">p2 move spikes",">p1 move roar",">p2 move toxic",">p1 move roar",">p2 move spikes",">p1 move protect",">p2 move toxic",">p1 move roar",">p2 move toxic",">p1 move spikes",">p2 move roar",">p1 move spikes",">p2 move roar",">p1 move toxic",">p2 move protect",">p1 move spikes",">p2 move roar",">p1 move spikes",">p2 move roar",">p1 move toxic",">p2 move roar",">p1 move toxic",">p2 move roar",">p1 move toxic",">p2 move roar",">p1 move spikes",">p2 move roar",">p1 move toxic",">p2 move protect",">p1 move toxic",">p2 move roar",">p1 move spikes",">p2 move protect",">p1 move spikes",">p2 move roar",">p1 move spikes",">p2 move roar",">p1 move spikes",">p2 move roar",">p1 move spikes",">p2 move roar",">p1 move spikes",">p2 move roar",">p1 move spikes",">p2 move roar",">p1 move spikes",">p2 move roar",">p1 move spikes",">p2 move roar",">p1 move spikes",">p2 move roar",">p1 move spikes",">p2 move roar",">p1 move spikes",">p2 move roar",">p1 move spikes",">p2 move protect",">p1 move spikes",">p2 move roar",">p1 move spikes",">p2 move roar",">p1 move roar",">p2 move roar",">p1 move roar",">p2 move protect",">p1 move roar",">p2 move spikes",">p1 move roar",">p2 move protect",">p1 move roar",">p2 move toxic",">p1 move roar",">p2 move spikes",">p1 move roar",">p2 move protect",">p1 move toxic",">p2 move spikes",">p1 move toxic",">p2 move toxic",">p1 move toxic",">p2 move spikes",">p1 move toxic",">p2 move spikes",">p1 move toxic",">p2 move spikes",">p1 move toxic",">p2 move spikes",">p1 move spikes",">p2 move spikes",">p1 move spikes",">p2 move spikes",">p1 move protect",">p2 move spikes",">p1 move protect",">p2 move spikes",">p1 move spikes",">p2 move spikes",">p1 move toxic",">p2 move spikes",">p1 move spikes",">p2 move spikes",">p1 move spikes",">p2 move spikes",">p1 move protect",">p2 move toxic",">p1 move protect",">p2 move protect",">p1 move spikes",">p2 move protect",">p1 move protect",">p2 move spikes",">p1 move spikes",">p2 move spikes",">p1 move spikes",">p2 move protect",">p1 move toxic",">p2 move protect",">p1 move protect",">p2 move protect",">p1 move protect",">p2 move toxic",">p1 move roar",">p2 move toxic",">p1 move spikes",">p2 move toxic",">p1 move toxic",">p2 move spikes",">p1 move roar",">p2 move roar",">p1 move roar",">p2 move roar",">p1 move roar",">p2 move roar",">p1 move roar",">p2 move roar",">p1 move roar",">p2 move roar",">p1 move roar",">p2 move roar",">p1 move roar",">p2 move roar",">p1 move roar",">p2 move roar",">p1 move struggle",">p2 move toxic",">p1 move struggle",">p2 move spikes",">p1 move struggle",">p2 move toxic",">p1 move struggle",">p2 move spikes",">p1 move struggle",">p2 move toxic",">p1 move struggle",">p2 move spikes",">p1 move struggle",">p2 move spikes",">p1 move struggle",">p2 move toxic",">p1 move struggle",">p2 move spikes",">p1 move struggle",">p2 move toxic",">p1 move struggle",">p2 move roar",">p1 move struggle",">p2 move protect",">p1 move struggle",">p2 move protect",">p1 move struggle",">p2 move protect",">p1 move struggle",">p2 move protect",">p1 move struggle",">p2 move struggle",">p1 move struggle",">p2 move struggle",">p1 move struggle",">p2 move struggle",">p1 move struggle",">p2 move struggle",">p1 move struggle",">p2 move struggle",">p1 move struggle",">p2 move struggle",">p1 move struggle",">p2 move struggle",">p1 move struggle",">p2 move struggle",">p1 move struggle",">p2 move struggle",">p1 move struggle",">p2 move struggle",">p1 move struggle",">p2 move struggle",">p1 move struggle",">p2 move struggle",">p1 move struggle",">p2 move struggle",">p1 move struggle",">p2 move struggle",">p1 move struggle",">p2 move struggle",">p1 move struggle",">p2 move struggle",">p1 move struggle",">p2 move struggle",">p1 move struggle",">p2 move struggle",">p1 move struggle",">p2 move struggle",">p1 move struggle",">p2 move struggle",">p1 move struggle",">p2 move struggle",">p1 move struggle",">p2 move struggle",">p1 move struggle",">p2 move struggle",">p1 move struggle",">p2 move struggle",">p1 move struggle",">p2 move struggle",">p1 move struggle",">p2 move struggle",">p1 move struggle",">p2 move struggle",">p1 move struggle",">p2 move struggle",">p1 move struggle",">p2 move struggle",">p1 move struggle",">p2 move struggle",">p1 move struggle",">p2 move struggle",">p1 move struggle",">p2 move struggle",">p1 move struggle",">p2 move struggle",">p1 move struggle",">p2 move struggle",">p1 move struggle",">p2 move struggle",">p1 move struggle",">p2 move struggle",">p1 move struggle",">p2 move struggle",">p1 move struggle",">p2 move struggle",">p1 move struggle",">p2 move struggle",">p1 move struggle",">p2 move struggle",">p1 move struggle",">p2 move struggle",">p1 move struggle",">p2 move struggle",">p1 move struggle",">p2 move struggle",">p1 move struggle",">p2 move struggle",">p1 move struggle",">p2 move struggle"],"log":["|j|☆foultestchallenge1","|j|☆foultestacceptor1","|t:|1752912817","|gametype|singles","|player|p1|foultestchallenge1|266|","|player|p2|foultestacceptor1|169|","|teamsize|p1|6","|teamsize|p2|6","|gen|3","|tier|[Gen 3] OU","|rule|Sleep Clause Mod: Limit one foe put to sleep","|rule|Switch Priority Clause Mod: Faster Pokémon switch first","|rule|Species Clause: Limit one of each Pokémon","|rule|OHKO Clause: OHKO moves are banned","|rule|Evasion Items Clause: Evasion items are banned","|rule|Evasion Moves Clause: Evasion moves are banned","|rule|Endless Battle Clause: Forcing endless battles is banned","|rule|HP Percentage Mod: HP is shown in percentages","|rule|One Boost Passer Clause: Limit one Baton Passer that has a way to boost its stats","|rule|Freeze Clause Mod: Limit one foe frozen","|","|t:|1752912817","|start","|switch|p1a: Skarmory|Skarmory, M|334/334","|switch|p2a: Skarmory|Skarmory, M|334/334","|turn|1","|inactive|Battle timer is ON: inactive players will automatically lose when time's up. (requested by foultestacceptor1)","|inactive|foultestchallenge1 also wants the timer to be on.","|","|t:|1752912822","|move|p2a: Skarmory|Spikes|p1a: Skarmory","|-sidestart|p1: foultestchallenge1|Spikes","|move|p1a: Skarmory|Spikes|p2a: Skarmory","|-sidestart|p2: foultestacceptor1|Spikes","|","|upkeep","|turn|2","||adding 10 for new turn","|","|t:|1752912827","|move|p1a: Skarmory|Spikes|p2a: Skarmory","|-sidestart|p2: foultestacceptor1|Spikes","|move|p2a: Skarmory|Spikes|p1a: Skarmory","|-sidestart|p1: foultestchallenge1|Spikes","|","|upkeep","|turn|3","||adding 10 for new turn","|","|t:|1752912833","|move|p1a: Skarmory|Spikes|p2a: Skarmory","|-sidestart|p2: foultestacceptor1|Spikes","|move|p2a: Skarmory|Spikes|p1a: Skarmory","|-sidestart|p1: foultestchallenge1|Spikes","|","|upkeep","|turn|4","||adding 10 for new turn","|","|t:|1752912838","|move|p1a: Skarmory|Roar|p2a: Skarmory","|drag|p2a: Gengar|Gengar, F|271/271","|","|upkeep","|turn|5","||adding 10 for new turn","|j| thecrusher677","|","|t:|1752912844","|switch|p1a: Jolteon|Jolteon, M|272/272","|-damage|p1a: Jolteon|204/272|[from] Spikes","|move|p2a: Gengar|Fire Punch|p1a: Jolteon","|-damage|p1a: Jolteon|105/272","|","|-heal|p1a: Jolteon|122/272|[from] item: Leftovers","|upkeep","|turn|6","||adding 10 for new turn","|","|t:|1752912849","|switch|p2a: Jolteon|Jolteon, M|272/272","|-damage|p2a: Jolteon|204/272|[from] Spikes","|move|p1a: Jolteon|Thunderbolt|p2a: Jolteon","|-heal|p2a: Jolteon|272/272|[from] ability: Volt Absorb|[of] p1a: Jolteon","|","|-heal|p1a: Jolteon|139/272|[from] item: Leftovers","|upkeep","|turn|7","||adding 10 for new turn","|","|t:|1752912855","|move|p1a: Jolteon|Thunder Wave|p2a: Jolteon","|-status|p2a: Jolteon|par","|cant|p2a: Jolteon|par","|","|-heal|p1a: Jolteon|156/272|[from] item: Leftovers","|upkeep","|turn|8","||adding 10 for new turn","|","|t:|1752912860","|move|p1a: Jolteon|Hidden Power|p2a: Jolteon","|-damage|p2a: Jolteon|199/272 par","|move|p2a: Jolteon|Hidden Power|p1a: Jolteon","|-damage|p1a: Jolteon|76/272","|","|-heal|p1a: Jolteon|93/272|[from] item: Leftovers","|-heal|p2a: Jolteon|216/272 par|[from] item: Leftovers","|upkeep","|turn|9","||adding 10 for new turn","|","|t:|1752912866","|move|p1a: Jolteon|Hidden Power|p2a: Jolteon","|-crit|p2a: Jolteon","|-damage|p2a: Jolteon|70/272 par","|move|p2a: Jolteon|Hidden Power|p1a: Jolteon","|-damage|p1a: Jolteon|18/272","|","|-heal|p1a: Jolteon|35/272|[from] item: Leftovers","|-heal|p2a: Jolteon|87/272 par|[from] item: Leftovers","|upkeep","|turn|10","||adding 10 for new turn","|","|t:|1752912871","|move|p1a: Jolteon|Hidden Power|p2a: Jolteon","|-damage|p2a: Jolteon|10/272 par","|cant|p2a: Jolteon|par","|","|-heal|p1a: Jolteon|52/272|[from] item: Leftovers","|-heal|p2a: Jolteon|27/272 par|[from] item: Leftovers","|upkeep","|turn|11","||adding 10 for new turn","|","|t:|1752912876","|move|p1a: Jolteon|Hidden Power|p2a: Jolteon","|-damage|p2a: Jolteon|0 fnt","|faint|p2a: Jolteon","||adding 5 to each for mid turn request","|","|t:|1752912877","|switch|p2a: Gengar|Gengar, F|271/271","|","|-heal|p1a: Jolteon|69/272|[from] item: Leftovers","|upkeep","|turn|12","||adding 10 for new turn","|","|t:|1752912882","|move|p1a: Jolteon|Thunderbolt|p2a: Gengar","|-damage|p2a: Gengar|69/271","|move|p2a: Gengar|Fire Punch|p1a: Jolteon","|-damage|p1a: Jolteon|0 fnt","|faint|p1a: Jolteon","||adding 5 to each for mid turn request","|","|t:|1752912888","|switch|p1a: Gengar|Gengar, F|271/271","|","|-heal|p2a: Gengar|85/271|[from] item: Leftovers","|upkeep","|turn|13","||adding 10 for new turn","|","|t:|1752912893","|move|p2a: Gengar|Ice Punch|p1a: Gengar","|-damage|p1a: Gengar|148/271","|move|p1a: Gengar|Ice Punch|p2a: Gengar","|-damage|p2a: Gengar|0 fnt","|faint|p2a: Gengar","||adding 5 to each for mid turn request","|","|t:|1752912894","|switch|p2a: Starmie|Starmie|262/262","|-damage|p2a: Starmie|197/262|[from] Spikes","|","|-heal|p2a: Starmie|213/262|[from] item: Leftovers","|-heal|p1a: Gengar|164/271|[from] item: Leftovers","|upkeep","|turn|14","||adding 10 for new turn","|","|t:|1752912899","|move|p2a: Starmie|Psychic|p1a: Gengar","|-supereffective|p1a: Gengar","|-damage|p1a: Gengar|0 fnt","|faint|p1a: Gengar","||adding 5 to each for mid turn request","|","|t:|1752912905","|switch|p1a: Starmie|Starmie|262/262","|-damage|p1a: Starmie|197/262|[from] Spikes","|","|-heal|p2a: Starmie|229/262|[from] item: Leftovers","|-heal|p1a: Starmie|213/262|[from] item: Leftovers","|upkeep","|turn|15","||adding 10 for new turn","|","|t:|1752912910","|move|p2a: Starmie|Thunderbolt|p1a: Starmie","|-supereffective|p1a: Starmie","|-damage|p1a: Starmie|0 fnt","|faint|p1a: Starmie","||adding 5 to each for mid turn request","|","|t:|1752912915","|switch|p1a: Metagross|Metagross|318/318","|-damage|p1a: Metagross|239/318|[from] Spikes","|","|-heal|p2a: Starmie|245/262|[from] item: Leftovers","|upkeep","|turn|16","||adding 10 for new turn","|","|t:|1752912921","|move|p2a: Starmie|Hydro Pump|p1a: Metagross","|-damage|p1a: Metagross|54/318","|move|p1a: Metagross|Explosion|p2a: Starmie","|-damage|p2a: Starmie|0 fnt","|faint|p1a: Metagross","|faint|p2a: Starmie","||adding 5 to each for mid turn request","|","|t:|1752912924","|switch|p2a: Skarmory|Skarmory, M|334/334","|switch|p1a: Skarmory|Skarmory, M|334/334","|","|upkeep","|turn|17","||adding 10 for new turn","|","|t:|1752912929","|move|p1a: Skarmory|Roar|p2a: Skarmory","|drag|p2a: Metagross|Metagross|318/318","|-damage|p2a: Metagross|239/318|[from] Spikes","|","|upkeep","|turn|18","||adding 10 for new turn","|","|t:|1752912934","|move|p2a: Metagross|Rock Slide|p1a: Skarmory","|-damage|p1a: Skarmory|227/334","|move|p1a: Skarmory|Roar|p2a: Metagross","|drag|p2a: Tyranitar|Tyranitar, F|404/404","|-damage|p2a: Tyranitar|303/404|[from] Spikes","|-weather|Sandstorm|[from] ability: Sand Stream|[of] p2a: Tyranitar","|","|-weather|Sandstorm|[upkeep]","|-heal|p1a: Skarmory|247/334|[from] item: Leftovers","|-heal|p2a: Tyranitar|328/404|[from] item: Leftovers","|upkeep","|turn|19","||adding 10 for new turn","|","|t:|1752912940","|move|p1a: Skarmory|Toxic|p2a: Tyranitar","|-status|p2a: Tyranitar|tox","|move|p2a: Tyranitar|Rock Slide|p1a: Skarmory|[miss]","|-miss|p2a: Tyranitar|p1a: Skarmory","|","|-weather|Sandstorm|[upkeep]","|-heal|p1a: Skarmory|267/334|[from] item: Leftovers","|-heal|p2a: Tyranitar|353/404 tox|[from] item: Leftovers","|-damage|p2a: Tyranitar|328/404 tox|[from] psn","|upkeep","|turn|20","||adding 10 for new turn","|","|t:|1752912945","|-singleturn|p2a: Tyranitar|move: Focus Punch","|move|p1a: Skarmory|Protect|p1a: Skarmory","|-singleturn|p1a: Skarmory|Protect","|move|p2a: Tyranitar|Focus Punch|p1a: Skarmory","|-activate|p1a: Skarmory|Protect","|","|-weather|Sandstorm|[upkeep]","|-heal|p1a: Skarmory|287/334|[from] item: Leftovers","|-heal|p2a: Tyranitar|353/404 tox|[from] item: Leftovers","|-damage|p2a: Tyranitar|303/404 tox|[from] psn","|upkeep","|turn|21","||adding 10 for new turn","|","|t:|1752912951","|-singleturn|p2a: Tyranitar|move: Focus Punch","|move|p1a: Skarmory|Protect|p1a: Skarmory","|-singleturn|p1a: Skarmory|Protect","|move|p2a: Tyranitar|Focus Punch|p1a: Skarmory","|-activate|p1a: Skarmory|Protect","|","|-weather|Sandstorm|[upkeep]","|-heal|p1a: Skarmory|307/334|[from] item: Leftovers","|-heal|p2a: Tyranitar|328/404 tox|[from] item: Leftovers","|-damage|p2a: Tyranitar|253/404 tox|[from] psn","|upkeep","|turn|22","||adding 10 for new turn","|","|t:|1752912956","|-singleturn|p2a: Tyranitar|move: Focus Punch","|move|p1a: Skarmory|Protect||[still]","|-fail|p1a: Skarmory","|move|p2a: Tyranitar|Focus Punch|p1a: Skarmory","|-damage|p1a: Skarmory|145/334","|","|-weather|Sandstorm|[upkeep]","|-heal|p1a: Skarmory|165/334|[from] item: Leftovers","|-heal|p2a: Tyranitar|278/404 tox|[from] item: Leftovers","|-damage|p2a: Tyranitar|178/404 tox|[from] psn","|upkeep","|turn|23","||adding 10 for new turn","|","|t:|1752912961","|-singleturn|p2a: Tyranitar|move: Focus Punch","|move|p1a: Skarmory|Protect|p1a: Skarmory","|-singleturn|p1a: Skarmory|Protect","|move|p2a: Tyranitar|Focus Punch|p1a: Skarmory","|-activate|p1a: Skarmory|Protect","|","|-weather|Sandstorm|[upkeep]","|-heal|p1a: Skarmory|185/334|[from] item: Leftovers","|-heal|p2a: Tyranitar|203/404 tox|[from] item: Leftovers","|-damage|p2a: Tyranitar|78/404 tox|[from] psn","|upkeep","|turn|24","||adding 10 for new turn","|","|t:|1752912967","|-singleturn|p2a: Tyranitar|move: Focus Punch","|switch|p1a: Tyranitar|Tyranitar, F|404/404","|-damage|p1a: Tyranitar|303/404|[from] Spikes","|move|p2a: Tyranitar|Focus Punch|p1a: Tyranitar","|-supereffective|p1a: Tyranitar","|-damage|p1a: Tyranitar|0 fnt","|faint|p1a: Tyranitar","||adding 5 to each for mid turn request","|","|t:|1752912972","|switch|p1a: Skarmory|Skarmory, M|185/334","|","|-weather|Sandstorm|[upkeep]","|-heal|p1a: Skarmory|205/334|[from] item: Leftovers","|-heal|p2a: Tyranitar|103/404 tox|[from] item: Leftovers","|-damage|p2a: Tyranitar|0 fnt|[from] psn","|faint|p2a: Tyranitar","|upkeep","||adding 5 to each for mid turn request","|","|t:|1752912972","|switch|p2a: Metagross|Metagross|239/318","|-damage|p2a: Metagross|160/318|[from] Spikes","|turn|25","||adding 10 for new turn","|","|t:|1752912977","|move|p2a: Metagross|Rock Slide|p1a: Skarmory","|-damage|p1a: Skarmory|98/334","|move|p1a: Skarmory|Roar|p2a: Metagross","|drag|p2a: Skarmory|Skarmory, M|334/334","|","|-weather|Sandstorm|[upkeep]","|-heal|p1a: Skarmory|118/334|[from] item: Leftovers","|upkeep","|turn|26","||adding 10 for new turn","|","|t:|1752912983","|move|p1a: Skarmory|Protect|p1a: Skarmory","|-singleturn|p1a: Skarmory|Protect","|move|p2a: Skarmory|Spikes||[still]","|-fail|p2a: Skarmory","|","|-weather|Sandstorm|[upkeep]","|-heal|p1a: Skarmory|138/334|[from] item: Leftovers","|upkeep","|turn|27","||adding 10 for new turn","|","|t:|1752912988","|switch|p2a: Metagross|Metagross|160/318","|-damage|p2a: Metagross|81/318|[from] Spikes","|move|p1a: Skarmory|Roar|p2a: Metagross","|drag|p2a: Skarmory|Skarmory, M|334/334","|","|-weather|Sandstorm|[upkeep]","|-heal|p1a: Skarmory|158/334|[from] item: Leftovers","|upkeep","|turn|28","||adding 10 for new turn","|","|t:|1752912993","|move|p1a: Skarmory|Roar|p2a: Skarmory","|drag|p2a: Metagross|Metagross|81/318","|-damage|p2a: Metagross|2/318|[from] Spikes","|","|-weather|Sandstorm|[upkeep]","|-heal|p1a: Skarmory|178/334|[from] item: Leftovers","|upkeep","|turn|29","||adding 10 for new turn","|","|t:|1752912999","|move|p1a: Skarmory|Protect|p1a: Skarmory","|-singleturn|p1a: Skarmory|Protect","|move|p2a: Metagross|Rock Slide|p1a: Skarmory","|-activate|p1a: Skarmory|Protect","|","|-weather|Sandstorm|[upkeep]","|-heal|p1a: Skarmory|198/334|[from] item: Leftovers","|upkeep","|turn|30","||adding 10 for new turn","|","|t:|1752913004","|move|p2a: Metagross|Rock Slide|p1a: Skarmory","|-damage|p1a: Skarmory|91/334","|cant|p1a: Skarmory|flinch","|","|-weather|Sandstorm|[upkeep]","|-heal|p1a: Skarmory|111/334|[from] item: Leftovers","|upkeep","|turn|31","||adding 10 for new turn","|","|t:|1752913009","|move|p1a: Skarmory|Protect|p1a: Skarmory","|-singleturn|p1a: Skarmory|Protect","|move|p2a: Metagross|Rock Slide|p1a: Skarmory|[miss]","|-miss|p2a: Metagross|p1a: Skarmory","|","|-weather|Sandstorm|[upkeep]","|-heal|p1a: Skarmory|131/334|[from] item: Leftovers","|upkeep","|turn|32","||adding 10 for new turn","|","|t:|1752913014","|move|p2a: Metagross|Rock Slide|p1a: Skarmory","|-damage|p1a: Skarmory|20/334","|cant|p1a: Skarmory|flinch","|","|-weather|Sandstorm|[upkeep]","|-heal|p1a: Skarmory|40/334|[from] item: Leftovers","|upkeep","|turn|33","||adding 10 for new turn","|","|t:|1752913019","|move|p2a: Metagross|Rock Slide|p1a: Skarmory|[miss]","|-miss|p2a: Metagross|p1a: Skarmory","|move|p1a: Skarmory|Roar|p2a: Metagross","|drag|p2a: Skarmory|Skarmory, M|334/334","|","|-weather|Sandstorm|[upkeep]","|-heal|p1a: Skarmory|60/334|[from] item: Leftovers","|upkeep","|turn|34","||adding 10 for new turn","|","|t:|1752913025","|move|p1a: Skarmory|Roar|p2a: Skarmory","|drag|p2a: Metagross|Metagross|2/318","|-damage|p2a: Metagross|0 fnt|[from] Spikes","|faint|p2a: Metagross","||adding 5 to each for mid turn request","|","|t:|1752913025","|switch|p2a: Skarmory|Skarmory, M|334/334","|","|-weather|Sandstorm|[upkeep]","|-heal|p1a: Skarmory|80/334|[from] item: Leftovers","|upkeep","|turn|35","||adding 10 for new turn","|","|t:|1752913031","|move|p2a: Skarmory|Toxic|p1a: Skarmory","|-immune|p1a: Skarmory","|move|p1a: Skarmory|Roar||[still]","|-fail|p1a: Skarmory","|","|-weather|Sandstorm|[upkeep]","|-heal|p1a: Skarmory|100/334|[from] item: Leftovers","|upkeep","|turn|36","||adding 10 for new turn","|","|t:|1752913036","|move|p1a: Skarmory|Protect|p1a: Skarmory","|-singleturn|p1a: Skarmory|Protect","|move|p2a: Skarmory|Spikes||[still]","|-fail|p2a: Skarmory","|","|-weather|Sandstorm|[upkeep]","|-heal|p1a: Skarmory|120/334|[from] item: Leftovers","|upkeep","|turn|37","||adding 10 for new turn","|","|t:|1752913042","|move|p2a: Skarmory|Spikes||[still]","|-fail|p2a: Skarmory","|move|p1a: Skarmory|Roar||[still]","|-fail|p1a: Skarmory","|","|-weather|Sandstorm|[upkeep]","|-heal|p1a: Skarmory|140/334|[from] item: Leftovers","|upkeep","|turn|38","||adding 10 for new turn","|","|t:|1752913047","|move|p2a: Skarmory|Spikes||[still]","|-fail|p2a: Skarmory","|move|p1a: Skarmory|Roar||[still]","|-fail|p1a: Skarmory","|","|-weather|Sandstorm|[upkeep]","|-heal|p1a: Skarmory|160/334|[from] item: Leftovers","|upkeep","|turn|39","||adding 10 for new turn","|","|t:|1752913053","|move|p2a: Skarmory|Toxic|p1a: Skarmory","|-immune|p1a: Skarmory","|move|p1a: Skarmory|Roar||[still]","|-fail|p1a: Skarmory","|","|-weather|Sandstorm|[upkeep]","|-heal|p1a: Skarmory|180/334|[from] item: Leftovers","|upkeep","|turn|40","||adding 10 for new turn","|","|t:|1752913059","|move|p2a: Skarmory|Spikes||[still]","|-fail|p2a: Skarmory","|move|p1a: Skarmory|Roar||[still]","|-fail|p1a: Skarmory","|","|-weather|Sandstorm|[upkeep]","|-heal|p1a: Skarmory|200/334|[from] item: Leftovers","|upkeep","|turn|41","||adding 10 for new turn","|","|t:|1752913064","|move|p2a: Skarmory|Toxic|p1a: Skarmory","|-immune|p1a: Skarmory","|move|p1a: Skarmory|Roar||[still]","|-fail|p1a: Skarmory","|","|-weather|Sandstorm|[upkeep]","|-heal|p1a: Skarmory|220/334|[from] item: Leftovers","|upkeep","|turn|42","||adding 10 for new turn","|","|t:|1752913070","|move|p2a: Skarmory|Spikes||[still]","|-fail|p2a: Skarmory","|move|p1a: Skarmory|Roar||[still]","|-fail|p1a: Skarmory","|","|-weather|Sandstorm|[upkeep]","|-heal|p1a: Skarmory|240/334|[from] item: Leftovers","|upkeep","|turn|43","||adding 10 for new turn","|","|t:|1752913075","|move|p1a: Skarmory|Protect|p1a: Skarmory","|-singleturn|p1a: Skarmory|Protect","|move|p2a: Skarmory|Toxic|p1a: Skarmory","|-activate|p1a: Skarmory|Protect","|","|-weather|Sandstorm|[upkeep]","|-heal|p1a: Skarmory|260/334|[from] item: Leftovers","|upkeep","|turn|44","||adding 10 for new turn","|","|t:|1752913081","|move|p2a: Skarmory|Toxic|p1a: Skarmory|[miss]","|-miss|p2a: Skarmory|p1a: Skarmory","|move|p1a: Skarmory|Roar||[still]","|-fail|p1a: Skarmory","|","|-weather|Sandstorm|[upkeep]","|-heal|p1a: Skarmory|280/334|[from] item: Leftovers","|upkeep","|turn|45","||adding 10 for new turn","|","|t:|1752913086","|move|p1a: Skarmory|Spikes||[still]","|-fail|p1a: Skarmory","|move|p2a: Skarmory|Roar||[still]","|-fail|p2a: Skarmory","|","|-weather|Sandstorm|[upkeep]","|-heal|p1a: Skarmory|300/334|[from] item: Leftovers","|upkeep","|turn|46","||adding 10 for new turn","|","|t:|1752913089","|move|p1a: Skarmory|Spikes||[still]","|-fail|p1a: Skarmory","|move|p2a: Skarmory|Roar||[still]","|-fail|p2a: Skarmory","|","|-weather|Sandstorm|[upkeep]","|-heal|p1a: Skarmory|320/334|[from] item: Leftovers","|upkeep","|turn|47","||adding 10 for new turn","|","|t:|1752913092","|move|p2a: Skarmory|Protect|p2a: Skarmory","|-singleturn|p2a: Skarmory|Protect","|move|p1a: Skarmory|Toxic|p2a: Skarmory","|-activate|p2a: Skarmory|Protect","|","|-weather|Sandstorm|[upkeep]","|-heal|p1a: Skarmory|334/334|[from] item: Leftovers","|upkeep","|turn|48","||adding 10 for new turn","|","|t:|1752913096","|move|p1a: Skarmory|Spikes||[still]","|-fail|p1a: Skarmory","|move|p2a: Skarmory|Roar||[still]","|-fail|p2a: Skarmory","|","|-weather|Sandstorm|[upkeep]","|upkeep","|turn|49","||adding 10 for new turn","|","|t:|1752913099","|move|p1a: Skarmory|Spikes||[still]","|-fail|p1a: Skarmory","|move|p2a: Skarmory|Roar||[still]","|-fail|p2a: Skarmory","|","|-weather|Sandstorm|[upkeep]","|upkeep","|turn|50","||adding 10 for new turn","|","|t:|1752913102","|move|p1a: Skarmory|Toxic|p2a: Skarmory","|-immune|p2a: Skarmory","|move|p2a: Skarmory|Roar||[still]","|-fail|p2a: Skarmory","|","|-weather|Sandstorm|[upkeep]","|upkeep","|turn|51","||adding 10 for new turn","|","|t:|1752913105","|move|p1a: Skarmory|Toxic|p2a: Skarmory","|-immune|p2a: Skarmory","|move|p2a: Skarmory|Roar||[still]","|-fail|p2a: Skarmory","|","|-weather|Sandstorm|[upkeep]","|upkeep","|turn|52","||adding 10 for new turn","|","|t:|1752913108","|move|p1a: Skarmory|Toxic|p2a: Skarmory","|-immune|p2a: Skarmory","|move|p2a: Skarmory|Roar||[still]","|-fail|p2a: Skarmory","|","|-weather|Sandstorm|[upkeep]","|upkeep","|turn|53","||adding 10 for new turn","|","|t:|1752913111","|move|p1a: Skarmory|Spikes||[still]","|-fail|p1a: Skarmory","|move|p2a: Skarmory|Roar||[still]","|-fail|p2a: Skarmory","|","|-weather|Sandstorm|[upkeep]","|upkeep","|turn|54","||adding 10 for new turn","|","|t:|1752913114","|move|p2a: Skarmory|Protect|p2a: Skarmory","|-singleturn|p2a: Skarmory|Protect","|move|p1a: Skarmory|Toxic|p2a: Skarmory","|-activate|p2a: Skarmory|Protect","|","|-weather|Sandstorm|[upkeep]","|upkeep","|turn|55","||adding 10 for new turn","|","|t:|1752913117","|move|p1a: Skarmory|Toxic|p2a: Skarmory|[miss]","|-miss|p1a: Skarmory|p2a: Skarmory","|move|p2a: Skarmory|Roar||[still]","|-fail|p2a: Skarmory","|","|-weather|Sandstorm|[upkeep]","|upkeep","|turn|56","||adding 10 for new turn","|","|t:|1752913120","|move|p2a: Skarmory|Protect|p2a: Skarmory","|-singleturn|p2a: Skarmory|Protect","|move|p1a: Skarmory|Spikes||[still]","|-fail|p1a: Skarmory","|","|-weather|Sandstorm|[upkeep]","|upkeep","|turn|57","||adding 10 for new turn","|","|t:|1752913123","|move|p1a: Skarmory|Spikes||[still]","|-fail|p1a: Skarmory","|move|p2a: Skarmory|Roar||[still]","|-fail|p2a: Skarmory","|","|-weather|Sandstorm|[upkeep]","|upkeep","|turn|58","||adding 10 for new turn","|","|t:|1752913126","|move|p1a: Skarmory|Spikes||[still]","|-fail|p1a: Skarmory","|move|p2a: Skarmory|Roar||[still]","|-fail|p2a: Skarmory","|","|-weather|Sandstorm|[upkeep]","|upkeep","|turn|59","||adding 10 for new turn","|","|t:|1752913129","|move|p1a: Skarmory|Spikes||[still]","|-fail|p1a: Skarmory","|move|p2a: Skarmory|Roar||[still]","|-fail|p2a: Skarmory","|","|-weather|Sandstorm|[upkeep]","|upkeep","|turn|60","||adding 10 for new turn","|","|t:|1752913132","|move|p1a: Skarmory|Spikes||[still]","|-fail|p1a: Skarmory","|move|p2a: Skarmory|Roar||[still]","|-fail|p2a: Skarmory","|","|-weather|Sandstorm|[upkeep]","|upkeep","|turn|61","||adding 10 for new turn","|","|t:|1752913135","|move|p1a: Skarmory|Spikes||[still]","|-fail|p1a: Skarmory","|move|p2a: Skarmory|Roar||[still]","|-fail|p2a: Skarmory","|","|-weather|Sandstorm|[upkeep]","|upkeep","|turn|62","||adding 10 for new turn","|","|t:|1752913138","|move|p1a: Skarmory|Spikes||[still]","|-fail|p1a: Skarmory","|move|p2a: Skarmory|Roar||[still]","|-fail|p2a: Skarmory","|","|-weather|Sandstorm|[upkeep]","|upkeep","|turn|63","||adding 10 for new turn","|","|t:|1752913141","|move|p1a: Skarmory|Spikes||[still]","|-fail|p1a: Skarmory","|move|p2a: Skarmory|Roar||[still]","|-fail|p2a: Skarmory","|","|-weather|Sandstorm|[upkeep]","|upkeep","|turn|64","||adding 10 for new turn","|","|t:|1752913145","|move|p1a: Skarmory|Spikes||[still]","|-fail|p1a: Skarmory","|move|p2a: Skarmory|Roar||[still]","|-fail|p2a: Skarmory","|","|-weather|Sandstorm|[upkeep]","|upkeep","|turn|65","||adding 10 for new turn","|","|t:|1752913148","|move|p1a: Skarmory|Spikes||[still]","|-fail|p1a: Skarmory","|move|p2a: Skarmory|Roar||[still]","|-fail|p2a: Skarmory","|","|-weather|Sandstorm|[upkeep]","|upkeep","|turn|66","||adding 10 for new turn","|","|t:|1752913151","|move|p1a: Skarmory|Spikes||[still]","|-fail|p1a: Skarmory","|move|p2a: Skarmory|Roar||[still]","|-fail|p2a: Skarmory","|","|-weather|Sandstorm|[upkeep]","|upkeep","|turn|67","||adding 10 for new turn","|","|t:|1752913154","|move|p1a: Skarmory|Spikes||[still]","|-fail|p1a: Skarmory","|move|p2a: Skarmory|Roar||[still]","|-fail|p2a: Skarmory","|","|-weather|Sandstorm|[upkeep]","|upkeep","|turn|68","||adding 10 for new turn","|","|t:|1752913157","|move|p2a: Skarmory|Protect|p2a: Skarmory","|-singleturn|p2a: Skarmory|Protect","|move|p1a: Skarmory|Spikes||[still]","|-fail|p1a: Skarmory","|","|-weather|Sandstorm|[upkeep]","|upkeep","|turn|69","||adding 10 for new turn","|","|t:|1752913160","|move|p1a: Skarmory|Spikes||[still]","|-fail|p1a: Skarmory","|move|p2a: Skarmory|Roar||[still]","|-fail|p2a: Skarmory","|","|-weather|Sandstorm|[upkeep]","|upkeep","|turn|70","||adding 10 for new turn","|","|t:|1752913163","|move|p1a: Skarmory|Spikes||[still]","|-fail|p1a: Skarmory","|move|p2a: Skarmory|Roar||[still]","|-fail|p2a: Skarmory","|","|-weather|Sandstorm|[upkeep]","|upkeep","|turn|71","||adding 10 for new turn","|","|t:|1752913166","|move|p1a: Skarmory|Roar||[still]","|-fail|p1a: Skarmory","|move|p2a: Skarmory|Roar||[still]","|-fail|p2a: Skarmory","|","|-weather|Sandstorm|[upkeep]","|upkeep","|turn|72","||adding 10 for new turn","|","|t:|1752913169","|move|p2a: Skarmory|Protect|p2a: Skarmory","|-singleturn|p2a: Skarmory|Protect","|move|p1a: Skarmory|Roar|p2a: Skarmory","|-activate|p2a: Skarmory|Protect","|","|-weather|Sandstorm|[upkeep]","|upkeep","|turn|73","||adding 10 for new turn","|","|t:|1752913172","|move|p2a: Skarmory|Spikes||[still]","|-fail|p2a: Skarmory","|move|p1a: Skarmory|Roar||[still]","|-fail|p1a: Skarmory","|","|-weather|Sandstorm|[upkeep]","|upkeep","|turn|74","||adding 10 for new turn","|","|t:|1752913175","|move|p2a: Skarmory|Protect|p2a: Skarmory","|-singleturn|p2a: Skarmory|Protect","|move|p1a: Skarmory|Roar|p2a: Skarmory","|-activate|p2a: Skarmory|Protect","|","|-weather|Sandstorm|[upkeep]","|upkeep","|turn|75","||adding 10 for new turn","|","|t:|1752913178","|move|p2a: Skarmory|Toxic|p1a: Skarmory","|-immune|p1a: Skarmory","|move|p1a: Skarmory|Roar||[still]","|-fail|p1a: Skarmory","|","|-weather|Sandstorm|[upkeep]","|upkeep","|turn|76","||adding 10 for new turn","|","|t:|1752913181","|move|p2a: Skarmory|Spikes||[still]","|-fail|p2a: Skarmory","|move|p1a: Skarmory|Roar||[still]","|-fail|p1a: Skarmory","|","|-weather|Sandstorm|[upkeep]","|upkeep","|turn|77","||adding 10 for new turn","|","|t:|1752913184","|move|p2a: Skarmory|Protect|p2a: Skarmory","|-singleturn|p2a: Skarmory|Protect","|move|p1a: Skarmory|Roar|p2a: Skarmory","|-activate|p2a: Skarmory|Protect","|","|-weather|Sandstorm|[upkeep]","|upkeep","|turn|78","||adding 10 for new turn","|","|t:|1752913187","|move|p2a: Skarmory|Spikes||[still]","|-fail|p2a: Skarmory","|move|p1a: Skarmory|Toxic|p2a: Skarmory","|-immune|p2a: Skarmory","|","|-weather|Sandstorm|[upkeep]","|upkeep","|turn|79","||adding 10 for new turn","|","|t:|1752913190","|move|p2a: Skarmory|Toxic|p1a: Skarmory","|-immune|p1a: Skarmory","|move|p1a: Skarmory|Toxic|p2a: Skarmory","|-immune|p2a: Skarmory","|","|-weather|Sandstorm|[upkeep]","|upkeep","|turn|80","||adding 10 for new turn","|","|t:|1752913193","|move|p1a: Skarmory|Toxic|p2a: Skarmory","|-immune|p2a: Skarmory","|move|p2a: Skarmory|Spikes||[still]","|-fail|p2a: Skarmory","|","|-weather|Sandstorm|[upkeep]","|upkeep","|turn|81","||adding 10 for new turn","|","|t:|1752913196","|move|p2a: Skarmory|Spikes||[still]","|-fail|p2a: Skarmory","|move|p1a: Skarmory|Toxic|p2a: Skarmory","|-immune|p2a: Skarmory","|","|-weather|Sandstorm|[upkeep]","|upkeep","|turn|82","||adding 10 for new turn","|","|t:|1752913199","|move|p1a: Skarmory|Toxic|p2a: Skarmory","|-immune|p2a: Skarmory","|move|p2a: Skarmory|Spikes||[still]","|-fail|p2a: Skarmory","|","|-weather|Sandstorm|[upkeep]","|upkeep","|turn|83","||adding 10 for new turn","|","|t:|1752913202","|move|p1a: Skarmory|Toxic|p2a: Skarmory","|-immune|p2a: Skarmory","|move|p2a: Skarmory|Spikes||[still]","|-fail|p2a: Skarmory","|","|-weather|Sandstorm|[upkeep]","|upkeep","|turn|84","||adding 10 for new turn","|","|t:|1752913205","|move|p1a: Skarmory|Spikes||[still]","|-fail|p1a: Skarmory","|move|p2a: Skarmory|Spikes||[still]","|-fail|p2a: Skarmory","|","|-weather|Sandstorm|[upkeep]","|upkeep","|turn|85","||adding 10 for new turn","|","|t:|1752913208","|move|p2a: Skarmory|Spikes||[still]","|-fail|p2a: Skarmory","|move|p1a: Skarmory|Spikes||[still]","|-fail|p1a: Skarmory","|","|-weather|Sandstorm|[upkeep]","|upkeep","|turn|86","||adding 10 for new turn","|","|t:|1752913211","|move|p1a: Skarmory|Protect|p1a: Skarmory","|-singleturn|p1a: Skarmory|Protect","|move|p2a: Skarmory|Spikes||[still]","|-fail|p2a: Skarmory","|","|-weather|Sandstorm|[upkeep]","|upkeep","|turn|87","||adding 10 for new turn","|","|t:|1752913214","|move|p1a: Skarmory|Protect||[still]","|-fail|p1a: Skarmory","|move|p2a: Skarmory|Spikes||[still]","|-fail|p2a: Skarmory","|","|-weather|Sandstorm|[upkeep]","|upkeep","|turn|88","||adding 10 for new turn","|","|t:|1752913217","|move|p2a: Skarmory|Spikes||[still]","|-fail|p2a: Skarmory","|move|p1a: Skarmory|Spikes||[still]","|-fail|p1a: Skarmory","|","|-weather|Sandstorm|[upkeep]","|upkeep","|turn|89","||adding 10 for new turn","|","|t:|1752913220","|move|p1a: Skarmory|Toxic|p2a: Skarmory","|-immune|p2a: Skarmory","|move|p2a: Skarmory|Spikes||[still]","|-fail|p2a: Skarmory","|","|-weather|Sandstorm|[upkeep]","|upkeep","|turn|90","||adding 10 for new turn","|","|t:|1752913223","|move|p1a: Skarmory|Spikes||[still]","|-fail|p1a: Skarmory","|move|p2a: Skarmory|Spikes||[still]","|-fail|p2a: Skarmory","|","|-weather|Sandstorm|[upkeep]","|upkeep","|turn|91","||adding 10 for new turn","|","|t:|1752913226","|move|p2a: Skarmory|Spikes||[still]","|-fail|p2a: Skarmory","|move|p1a: Skarmory|Spikes||[still]","|-fail|p1a: Skarmory","|","|-weather|Sandstorm|[upkeep]","|upkeep","|turn|92","||adding 10 for new turn","|","|t:|1752913229","|move|p1a: Skarmory|Protect|p1a: Skarmory","|-singleturn|p1a: Skarmory|Protect","|move|p2a: Skarmory|Toxic|p1a: Skarmory","|-activate|p1a: Skarmory|Protect","|","|-weather|Sandstorm|[upkeep]","|upkeep","|turn|93","||adding 10 for new turn","|","|t:|1752913232","|move|p2a: Skarmory|Protect|p2a: Skarmory","|-singleturn|p2a: Skarmory|Protect","|move|p1a: Skarmory|Protect||[still]","|-fail|p1a: Skarmory","|","|-weather|Sandstorm|[upkeep]","|upkeep","|turn|94","||adding 10 for new turn","|","|t:|1752913235","|move|p2a: Skarmory|Protect||[still]","|-fail|p2a: Skarmory","|move|p1a: Skarmory|Spikes||[still]","|-fail|p1a: Skarmory","|","|-weather|Sandstorm|[upkeep]","|upkeep","|turn|95","||adding 10 for new turn","|","|t:|1752913238","|move|p1a: Skarmory|Protect|p1a: Skarmory","|-singleturn|p1a: Skarmory|Protect","|move|p2a: Skarmory|Spikes||[still]","|-fail|p2a: Skarmory","|","|-weather|Sandstorm|[upkeep]","|upkeep","|turn|96","||adding 10 for new turn","|","|t:|1752913241","|move|p1a: Skarmory|Spikes||[still]","|-fail|p1a: Skarmory","|move|p2a: Skarmory|Spikes||[still]","|-fail|p2a: Skarmory","|","|-weather|Sandstorm|[upkeep]","|upkeep","|turn|97","||adding 10 for new turn","|","|t:|1752913244","|move|p2a: Skarmory|Protect|p2a: Skarmory","|-singleturn|p2a: Skarmory|Protect","|move|p1a: Skarmory|Spikes||[still]","|-fail|p1a: Skarmory","|","|-weather|Sandstorm|[upkeep]","|upkeep","|turn|98","||adding 10 for new turn","|","|t:|1752913247","|move|p2a: Skarmory|Protect||[still]","|-fail|p2a: Skarmory","|move|p1a: Skarmory|Toxic|p2a: Skarmory","|-immune|p2a: Skarmory","|","|-weather|Sandstorm|[upkeep]","|upkeep","|turn|99","||adding 10 for new turn","|","|t:|1752913250","|move|p1a: Skarmory|Protect|p1a: Skarmory","|-singleturn|p1a: Skarmory|Protect","|move|p2a: Skarmory|Protect||[still]","|-fail|p2a: Skarmory","|","|-weather|Sandstorm|[upkeep]","|upkeep","|turn|100","||adding 10 for new turn","|","|t:|1752913252","|move|p1a: Skarmory|Protect|p1a: Skarmory","|-singleturn|p1a: Skarmory|Protect","|move|p2a: Skarmory|Toxic|p1a: Skarmory|[miss]","|-miss|p2a: Skarmory|p1a: Skarmory","|","|-weather|Sandstorm|[upkeep]","|upkeep","|turn|101","||adding 10 for new turn","|","|t:|1752913255","|move|p2a: Skarmory|Toxic|p1a: Skarmory","|-immune|p1a: Skarmory","|move|p1a: Skarmory|Roar||[still]","|-fail|p1a: Skarmory","|","|-weather|Sandstorm|[upkeep]","|upkeep","|turn|102","||adding 10 for new turn","|","|t:|1752913258","|move|p2a: Skarmory|Toxic|p1a: Skarmory","|-immune|p1a: Skarmory","|move|p1a: Skarmory|Spikes||[still]","|-fail|p1a: Skarmory","|","|-weather|Sandstorm|[upkeep]","|upkeep","|turn|103","||adding 10 for new turn","|","|t:|1752913261","|move|p1a: Skarmory|Toxic|p2a: Skarmory","|-immune|p2a: Skarmory","|move|p2a: Skarmory|Spikes||[still]","|-fail|p2a: Skarmory","|","|-weather|Sandstorm|[upkeep]","|upkeep","|turn|104","||adding 10 for new turn","|","|t:|1752913264","|move|p1a: Skarmory|Roar||[still]","|-fail|p1a: Skarmory","|move|p2a: Skarmory|Roar||[still]","|-fail|p2a: Skarmory","|","|-weather|Sandstorm|[upkeep]","|upkeep","|turn|105","||adding 10 for new turn","|","|t:|1752913267","|move|p2a: Skarmory|Roar||[still]","|-fail|p2a: Skarmory","|move|p1a: Skarmory|Roar||[still]","|-fail|p1a: Skarmory","|","|-weather|Sandstorm|[upkeep]","|upkeep","|turn|106","||adding 10 for new turn","|","|t:|1752913270","|move|p1a: Skarmory|Roar||[still]","|-fail|p1a: Skarmory","|move|p2a: Skarmory|Roar||[still]","|-fail|p2a: Skarmory","|","|-weather|Sandstorm|[upkeep]","|upkeep","|turn|107","||adding 10 for new turn","|","|t:|1752913273","|move|p2a: Skarmory|Roar||[still]","|-fail|p2a: Skarmory","|move|p1a: Skarmory|Roar||[still]","|-fail|p1a: Skarmory","|","|-weather|Sandstorm|[upkeep]","|upkeep","|turn|108","||adding 10 for new turn","|","|t:|1752913276","|move|p1a: Skarmory|Roar||[still]","|-fail|p1a: Skarmory","|move|p2a: Skarmory|Roar||[still]","|-fail|p2a: Skarmory","|","|-weather|Sandstorm|[upkeep]","|upkeep","|turn|109","||adding 10 for new turn","|","|t:|1752913279","|move|p1a: Skarmory|Roar||[still]","|-fail|p1a: Skarmory","|move|p2a: Skarmory|Roar||[still]","|-fail|p2a: Skarmory","|","|-weather|Sandstorm|[upkeep]","|upkeep","|turn|110","||adding 10 for new turn","|","|t:|1752913282","|move|p1a: Skarmory|Roar||[still]","|-fail|p1a: Skarmory","|move|p2a: Skarmory|Roar||[still]","|-fail|p2a: Skarmory","|","|-weather|Sandstorm|[upkeep]","|upkeep","|turn|111","||adding 10 for new turn","|","|t:|1752913285","|move|p2a: Skarmory|Roar||[still]","|-fail|p2a: Skarmory","|move|p1a: Skarmory|Roar||[still]","|-fail|p1a: Skarmory","|","|-weather|Sandstorm|[upkeep]","|upkeep","|turn|112","||adding 10 for new turn","|","|t:|1752913288","|move|p2a: Skarmory|Toxic|p1a: Skarmory","|-immune|p1a: Skarmory","|move|p1a: Skarmory|Struggle|p2a: Skarmory","|-damage|p2a: Skarmory|313/334","|-damage|p1a: Skarmory|329/334|[from] Recoil|[of] p2a: Skarmory","|","|-weather|Sandstorm|[upkeep]","|-heal|p2a: Skarmory|333/334|[from] item: Leftovers","|-heal|p1a: Skarmory|334/334|[from] item: Leftovers","|upkeep","|turn|113","||adding 10 for new turn","|","|t:|1752913291","|move|p1a: Skarmory|Struggle|p2a: Skarmory","|-damage|p2a: Skarmory|312/334","|-damage|p1a: Skarmory|329/334|[from] Recoil|[of] p2a: Skarmory","|move|p2a: Skarmory|Spikes||[still]","|-fail|p2a: Skarmory","|","|-weather|Sandstorm|[upkeep]","|-heal|p1a: Skarmory|334/334|[from] item: Leftovers","|-heal|p2a: Skarmory|332/334|[from] item: Leftovers","|upkeep","|turn|114","||adding 10 for new turn","|","|t:|1752913294","|move|p1a: Skarmory|Struggle|p2a: Skarmory","|-damage|p2a: Skarmory|309/334","|-damage|p1a: Skarmory|329/334|[from] Recoil|[of] p2a: Skarmory","|move|p2a: Skarmory|Toxic|p1a: Skarmory","|-immune|p1a: Skarmory","|","|-weather|Sandstorm|[upkeep]","|-heal|p2a: Skarmory|329/334|[from] item: Leftovers","|-heal|p1a: Skarmory|334/334|[from] item: Leftovers","|upkeep","|turn|115","||adding 10 for new turn","|","|t:|1752913297","|move|p1a: Skarmory|Struggle|p2a: Skarmory","|-damage|p2a: Skarmory|309/334","|-damage|p1a: Skarmory|329/334|[from] Recoil|[of] p2a: Skarmory","|move|p2a: Skarmory|Spikes||[still]","|-fail|p2a: Skarmory","|","|-weather|Sandstorm|[upkeep]","|-heal|p1a: Skarmory|334/334|[from] item: Leftovers","|-heal|p2a: Skarmory|329/334|[from] item: Leftovers","|upkeep","|turn|116","||adding 10 for new turn","|","|t:|1752913300","|move|p2a: Skarmory|Toxic|p1a: Skarmory","|-immune|p1a: Skarmory","|move|p1a: Skarmory|Struggle|p2a: Skarmory","|-damage|p2a: Skarmory|307/334","|-damage|p1a: Skarmory|329/334|[from] Recoil|[of] p2a: Skarmory","|","|-weather|Sandstorm|[upkeep]","|-heal|p1a: Skarmory|334/334|[from] item: Leftovers","|-heal|p2a: Skarmory|327/334|[from] item: Leftovers","|upkeep","|turn|117","||adding 10 for new turn","|","|t:|1752913303","|move|p1a: Skarmory|Struggle|p2a: Skarmory","|-damage|p2a: Skarmory|305/334","|-damage|p1a: Skarmory|329/334|[from] Recoil|[of] p2a: Skarmory","|move|p2a: Skarmory|Spikes||[still]","|-fail|p2a: Skarmory","|","|-weather|Sandstorm|[upkeep]","|-heal|p2a: Skarmory|325/334|[from] item: Leftovers","|-heal|p1a: Skarmory|334/334|[from] item: Leftovers","|upkeep","|turn|118","||adding 10 for new turn","|","|t:|1752913305","|move|p1a: Skarmory|Struggle|p2a: Skarmory","|-damage|p2a: Skarmory|306/334","|-damage|p1a: Skarmory|330/334|[from] Recoil|[of] p2a: Skarmory","|move|p2a: Skarmory|Spikes||[still]","|-fail|p2a: Skarmory","|","|-weather|Sandstorm|[upkeep]","|-heal|p1a: Skarmory|334/334|[from] item: Leftovers","|-heal|p2a: Skarmory|326/334|[from] item: Leftovers","|upkeep","|turn|119","||adding 10 for new turn","|","|t:|1752913308","|move|p1a: Skarmory|Struggle|p2a: Skarmory","|-damage|p2a: Skarmory|304/334","|-damage|p1a: Skarmory|329/334|[from] Recoil|[of] p2a: Skarmory","|move|p2a: Skarmory|Toxic|p1a: Skarmory|[miss]","|-miss|p2a: Skarmory|p1a: Skarmory","|","|-weather|Sandstorm|[upkeep]","|-heal|p1a: Skarmory|334/334|[from] item: Leftovers","|-heal|p2a: Skarmory|324/334|[from] item: Leftovers","|upkeep","|turn|120","||adding 10 for new turn","|","|t:|1752913311","|move|p2a: Skarmory|Spikes||[still]","|-fail|p2a: Skarmory","|move|p1a: Skarmory|Struggle|p2a: Skarmory","|-damage|p2a: Skarmory|304/334","|-damage|p1a: Skarmory|329/334|[from] Recoil|[of] p2a: Skarmory","|","|-weather|Sandstorm|[upkeep]","|-heal|p2a: Skarmory|324/334|[from] item: Leftovers","|-heal|p1a: Skarmory|334/334|[from] item: Leftovers","|upkeep","|turn|121","||adding 10 for new turn","|","|t:|1752913313","|move|p2a: Skarmory|Toxic|p1a: Skarmory","|-immune|p1a: Skarmory","|move|p1a: Skarmory|Struggle|p2a: Skarmory","|-damage|p2a: Skarmory|304/334","|-damage|p1a: Skarmory|329/334|[from] Recoil|[of] p2a: Skarmory","|","|-weather|Sandstorm|[upkeep]","|-heal|p2a: Skarmory|324/334|[from] item: Leftovers","|-heal|p1a: Skarmory|334/334|[from] item: Leftovers","|upkeep","|turn|122","||adding 10 for new turn","|","|t:|1752913316","|move|p1a: Skarmory|Struggle|p2a: Skarmory","|-damage|p2a: Skarmory|304/334","|-damage|p1a: Skarmory|329/334|[from] Recoil|[of] p2a: Skarmory","|move|p2a: Skarmory|Roar||[still]","|-fail|p2a: Skarmory","|","|-weather|Sandstorm|[upkeep]","|-heal|p1a: Skarmory|334/334|[from] item: Leftovers","|-heal|p2a: Skarmory|324/334|[from] item: Leftovers","|upkeep","|turn|123","||adding 10 for new turn","|","|t:|1752913318","|move|p2a: Skarmory|Protect|p2a: Skarmory","|-singleturn|p2a: Skarmory|Protect","|move|p1a: Skarmory|Struggle|p2a: Skarmory","|-activate|p2a: Skarmory|Protect","|","|-weather|Sandstorm|[upkeep]","|-heal|p2a: Skarmory|334/334|[from] item: Leftovers","|upkeep","|turn|124","||adding 10 for new turn","|","|t:|1752913321","|move|p2a: Skarmory|Protect||[still]","|-fail|p2a: Skarmory","|move|p1a: Skarmory|Struggle|p2a: Skarmory","|-damage|p2a: Skarmory|314/334","|-damage|p1a: Skarmory|329/334|[from] Recoil|[of] p2a: Skarmory","|","|-weather|Sandstorm|[upkeep]","|-heal|p2a: Skarmory|334/334|[from] item: Leftovers","|-heal|p1a: Skarmory|334/334|[from] item: Leftovers","|upkeep","|turn|125","||adding 10 for new turn","|","|t:|1752913324","|move|p2a: Skarmory|Protect|p2a: Skarmory","|-singleturn|p2a: Skarmory|Protect","|move|p1a: Skarmory|Struggle|p2a: Skarmory","|-activate|p2a: Skarmory|Protect","|","|-weather|Sandstorm|[upkeep]","|upkeep","|turn|126","||adding 10 for new turn","|","|t:|1752913326","|move|p2a: Skarmory|Protect||[still]","|-fail|p2a: Skarmory","|move|p1a: Skarmory|Struggle|p2a: Skarmory","|-damage|p2a: Skarmory|313/334","|-damage|p1a: Skarmory|329/334|[from] Recoil|[of] p2a: Skarmory","|","|-weather|Sandstorm|[upkeep]","|-heal|p1a: Skarmory|334/334|[from] item: Leftovers","|-heal|p2a: Skarmory|333/334|[from] item: Leftovers","|upkeep","|turn|127","||adding 10 for new turn","|","|t:|1752913329","|move|p1a: Skarmory|Struggle|p2a: Skarmory","|-damage|p2a: Skarmory|312/334","|-damage|p1a: Skarmory|329/334|[from] Recoil|[of] p2a: Skarmory","|move|p2a: Skarmory|Struggle|p1a: Skarmory","|-damage|p1a: Skarmory|309/334","|-damage|p2a: Skarmory|307/334|[from] Recoil|[of] p1a: Skarmory","|","|-weather|Sandstorm|[upkeep]","|-heal|p2a: Skarmory|327/334|[from] item: Leftovers","|-heal|p1a: Skarmory|329/334|[from] item: Leftovers","|upkeep","|turn|128","||adding 10 for new turn","|","|t:|1752913331","|move|p2a: Skarmory|Struggle|p1a: Skarmory","|-damage|p1a: Skarmory|309/334","|-damage|p2a: Skarmory|322/334|[from] Recoil|[of] p1a: Skarmory","|move|p1a: Skarmory|Struggle|p2a: Skarmory","|-crit|p2a: Skarmory","|-damage|p2a: Skarmory|279/334","|-damage|p1a: Skarmory|299/334|[from] Recoil|[of] p2a: Skarmory","|","|-weather|Sandstorm|[upkeep]","|-heal|p2a: Skarmory|299/334|[from] item: Leftovers","|-heal|p1a: Skarmory|319/334|[from] item: Leftovers","|upkeep","|turn|129","||adding 10 for new turn","|","|t:|1752913334","|move|p2a: Skarmory|Struggle|p1a: Skarmory","|-damage|p1a: Skarmory|297/334","|-damage|p2a: Skarmory|294/334|[from] Recoil|[of] p1a: Skarmory","|move|p1a: Skarmory|Struggle|p2a: Skarmory","|-damage|p2a: Skarmory|272/334","|-damage|p1a: Skarmory|292/334|[from] Recoil|[of] p2a: Skarmory","|","|-weather|Sandstorm|[upkeep]","|-heal|p2a: Skarmory|292/334|[from] item: Leftovers","|-heal|p1a: Skarmory|312/334|[from] item: Leftovers","|upkeep","|turn|130","||adding 10 for new turn","|","|t:|1752913336","|move|p1a: Skarmory|Struggle|p2a: Skarmory","|-damage|p2a: Skarmory|273/334","|-damage|p1a: Skarmory|308/334|[from] Recoil|[of] p2a: Skarmory","|move|p2a: Skarmory|Struggle|p1a: Skarmory","|-damage|p1a: Skarmory|286/334","|-damage|p2a: Skarmory|268/334|[from] Recoil|[of] p1a: Skarmory","|","|-weather|Sandstorm|[upkeep]","|-heal|p1a: Skarmory|306/334|[from] item: Leftovers","|-heal|p2a: Skarmory|288/334|[from] item: Leftovers","|upkeep","|turn|131","||adding 10 for new turn","|","|t:|1752913339","|move|p2a: Skarmory|Struggle|p1a: Skarmory","|-damage|p1a: Skarmory|285/334","|-damage|p2a: Skarmory|283/334|[from] Recoil|[of] p1a: Skarmory","|move|p1a: Skarmory|Struggle|p2a: Skarmory","|-damage|p2a: Skarmory|264/334","|-damage|p1a: Skarmory|281/334|[from] Recoil|[of] p2a: Skarmory","|","|-weather|Sandstorm|[upkeep]","|-heal|p1a: Skarmory|301/334|[from] item: Leftovers","|-heal|p2a: Skarmory|284/334|[from] item: Leftovers","|upkeep","|turn|132","||adding 10 for new turn","|","|t:|1752913342","|move|p2a: Skarmory|Struggle|p1a: Skarmory","|-damage|p1a: Skarmory|281/334","|-damage|p2a: Skarmory|279/334|[from] Recoil|[of] p1a: Skarmory","|move|p1a: Skarmory|Struggle|p2a: Skarmory","|-damage|p2a: Skarmory|257/334","|-damage|p1a: Skarmory|276/334|[from] Recoil|[of] p2a: Skarmory","|","|-weather|Sandstorm|[upkeep]","|-heal|p1a: Skarmory|296/334|[from] item: Leftovers","|-heal|p2a: Skarmory|277/334|[from] item: Leftovers","|upkeep","|turn|133","||adding 10 for new turn","|","|t:|1752913344","|move|p2a: Skarmory|Struggle|p1a: Skarmory","|-damage|p1a: Skarmory|276/334","|-damage|p2a: Skarmory|272/334|[from] Recoil|[of] p1a: Skarmory","|move|p1a: Skarmory|Struggle|p2a: Skarmory","|-damage|p2a: Skarmory|249/334","|-damage|p1a: Skarmory|271/334|[from] Recoil|[of] p2a: Skarmory","|","|-weather|Sandstorm|[upkeep]","|-heal|p1a: Skarmory|291/334|[from] item: Leftovers","|-heal|p2a: Skarmory|269/334|[from] item: Leftovers","|upkeep","|turn|134","||adding 10 for new turn","|","|t:|1752913347","|move|p1a: Skarmory|Struggle|p2a: Skarmory","|-damage|p2a: Skarmory|249/334","|-damage|p1a: Skarmory|286/334|[from] Recoil|[of] p2a: Skarmory","|move|p2a: Skarmory|Struggle|p1a: Skarmory","|-damage|p1a: Skarmory|267/334","|-damage|p2a: Skarmory|245/334|[from] Recoil|[of] p1a: Skarmory","|","|-weather|Sandstorm|[upkeep]","|-heal|p1a: Skarmory|287/334|[from] item: Leftovers","|-heal|p2a: Skarmory|265/334|[from] item: Leftovers","|upkeep","|turn|135","||adding 10 for new turn","|","|t:|1752913349","|move|p1a: Skarmory|Struggle|p2a: Skarmory","|-damage|p2a: Skarmory|243/334","|-damage|p1a: Skarmory|282/334|[from] Recoil|[of] p2a: Skarmory","|move|p2a: Skarmory|Struggle|p1a: Skarmory","|-damage|p1a: Skarmory|262/334","|-damage|p2a: Skarmory|238/334|[from] Recoil|[of] p1a: Skarmory","|","|-weather|Sandstorm|[upkeep]","|-heal|p1a: Skarmory|282/334|[from] item: Leftovers","|-heal|p2a: Skarmory|258/334|[from] item: Leftovers","|upkeep","|turn|136","||adding 10 for new turn","|","|t:|1752913352","|move|p1a: Skarmory|Struggle|p2a: Skarmory","|-damage|p2a: Skarmory|236/334","|-damage|p1a: Skarmory|277/334|[from] Recoil|[of] p2a: Skarmory","|move|p2a: Skarmory|Struggle|p1a: Skarmory","|-damage|p1a: Skarmory|257/334","|-damage|p2a: Skarmory|231/334|[from] Recoil|[of] p1a: Skarmory","|","|-weather|Sandstorm|[upkeep]","|-heal|p1a: Skarmory|277/334|[from] item: Leftovers","|-heal|p2a: Skarmory|251/334|[from] item: Leftovers","|upkeep","|turn|137","||adding 10 for new turn","|","|t:|1752913354","|move|p2a: Skarmory|Struggle|p1a: Skarmory","|-damage|p1a: Skarmory|257/334","|-damage|p2a: Skarmory|246/334|[from] Recoil|[of] p1a: Skarmory","|move|p1a: Skarmory|Struggle|p2a: Skarmory","|-damage|p2a: Skarmory|226/334","|-damage|p1a: Skarmory|252/334|[from] Recoil|[of] p2a: Skarmory","|","|-weather|Sandstorm|[upkeep]","|-heal|p2a: Skarmory|246/334|[from] item: Leftovers","|-heal|p1a: Skarmory|272/334|[from] item: Leftovers","|upkeep","|turn|138","||adding 10 for new turn","|","|t:|1752913357","|move|p2a: Skarmory|Struggle|p1a: Skarmory","|-damage|p1a: Skarmory|251/334","|-damage|p2a: Skarmory|241/334|[from] Recoil|[of] p1a: Skarmory","|move|p1a: Skarmory|Struggle|p2a: Skarmory","|-damage|p2a: Skarmory|221/334","|-damage|p1a: Skarmory|246/334|[from] Recoil|[of] p2a: Skarmory","|","|-weather|Sandstorm|[upkeep]","|-heal|p1a: Skarmory|266/334|[from] item: Leftovers","|-heal|p2a: Skarmory|241/334|[from] item: Leftovers","|upkeep","|turn|139","||adding 10 for new turn","|","|t:|1752913360","|move|p1a: Skarmory|Struggle|p2a: Skarmory","|-damage|p2a: Skarmory|222/334","|-damage|p1a: Skarmory|262/334|[from] Recoil|[of] p2a: Skarmory","|move|p2a: Skarmory|Struggle|p1a: Skarmory","|-damage|p1a: Skarmory|242/334","|-damage|p2a: Skarmory|217/334|[from] Recoil|[of] p1a: Skarmory","|","|-weather|Sandstorm|[upkeep]","|-heal|p2a: Skarmory|237/334|[from] item: Leftovers","|-heal|p1a: Skarmory|262/334|[from] item: Leftovers","|upkeep","|turn|140","||adding 10 for new turn","|","|t:|1752913362","|move|p2a: Skarmory|Struggle|p1a: Skarmory","|-damage|p1a: Skarmory|240/334","|-damage|p2a: Skarmory|232/334|[from] Recoil|[of] p1a: Skarmory","|move|p1a: Skarmory|Struggle|p2a: Skarmory","|-damage|p2a: Skarmory|212/334","|-damage|p1a: Skarmory|235/334|[from] Recoil|[of] p2a: Skarmory","|","|-weather|Sandstorm|[upkeep]","|-heal|p1a: Skarmory|255/334|[from] item: Leftovers","|-heal|p2a: Skarmory|232/334|[from] item: Leftovers","|upkeep","|turn|141","||adding 10 for new turn","|","|t:|1752913365","|move|p2a: Skarmory|Struggle|p1a: Skarmory","|-damage|p1a: Skarmory|233/334","|-damage|p2a: Skarmory|227/334|[from] Recoil|[of] p1a: Skarmory","|move|p1a: Skarmory|Struggle|p2a: Skarmory","|-damage|p2a: Skarmory|207/334","|-damage|p1a: Skarmory|228/334|[from] Recoil|[of] p2a: Skarmory","|","|-weather|Sandstorm|[upkeep]","|-heal|p2a: Skarmory|227/334|[from] item: Leftovers","|-heal|p1a: Skarmory|248/334|[from] item: Leftovers","|upkeep","|turn|142","||adding 10 for new turn","|","|t:|1752913367","|move|p2a: Skarmory|Struggle|p1a: Skarmory","|-damage|p1a: Skarmory|228/334","|-damage|p2a: Skarmory|222/334|[from] Recoil|[of] p1a: Skarmory","|move|p1a: Skarmory|Struggle|p2a: Skarmory","|-damage|p2a: Skarmory|203/334","|-damage|p1a: Skarmory|224/334|[from] Recoil|[of] p2a: Skarmory","|","|-weather|Sandstorm|[upkeep]","|-heal|p2a: Skarmory|223/334|[from] item: Leftovers","|-heal|p1a: Skarmory|244/334|[from] item: Leftovers","|upkeep","|turn|143","||adding 10 for new turn","|","|t:|1752913370","|move|p1a: Skarmory|Struggle|p2a: Skarmory","|-damage|p2a: Skarmory|204/334","|-damage|p1a: Skarmory|240/334|[from] Recoil|[of] p2a: Skarmory","|move|p2a: Skarmory|Struggle|p1a: Skarmory","|-damage|p1a: Skarmory|218/334","|-damage|p2a: Skarmory|199/334|[from] Recoil|[of] p1a: Skarmory","|","|-weather|Sandstorm|[upkeep]","|-heal|p1a: Skarmory|238/334|[from] item: Leftovers","|-heal|p2a: Skarmory|219/334|[from] item: Leftovers","|upkeep","|turn|144","||adding 10 for new turn","|","|t:|1752913372","|move|p1a: Skarmory|Struggle|p2a: Skarmory","|-crit|p2a: Skarmory","|-damage|p2a: Skarmory|180/334","|-damage|p1a: Skarmory|229/334|[from] Recoil|[of] p2a: Skarmory","|move|p2a: Skarmory|Struggle|p1a: Skarmory","|-damage|p1a: Skarmory|209/334","|-damage|p2a: Skarmory|175/334|[from] Recoil|[of] p1a: Skarmory","|","|-weather|Sandstorm|[upkeep]","|-heal|p2a: Skarmory|195/334|[from] item: Leftovers","|-heal|p1a: Skarmory|229/334|[from] item: Leftovers","|upkeep","|turn|145","||adding 10 for new turn","|","|t:|1752913375","|move|p2a: Skarmory|Struggle|p1a: Skarmory","|-crit|p1a: Skarmory","|-damage|p1a: Skarmory|188/334","|-damage|p2a: Skarmory|185/334|[from] Recoil|[of] p1a: Skarmory","|move|p1a: Skarmory|Struggle|p2a: Skarmory","|-damage|p2a: Skarmory|164/334","|-damage|p1a: Skarmory|183/334|[from] Recoil|[of] p2a: Skarmory","|","|-weather|Sandstorm|[upkeep]","|-heal|p1a: Skarmory|203/334|[from] item: Leftovers","|-heal|p2a: Skarmory|184/334|[from] item: Leftovers","|upkeep","|turn|146","||adding 10 for new turn","|","|t:|1752913378","|move|p1a: Skarmory|Struggle|p2a: Skarmory","|-damage|p2a: Skarmory|162/334","|-damage|p1a: Skarmory|198/334|[from] Recoil|[of] p2a: Skarmory","|move|p2a: Skarmory|Struggle|p1a: Skarmory","|-damage|p1a: Skarmory|176/334","|-damage|p2a: Skarmory|157/334|[from] Recoil|[of] p1a: Skarmory","|","|-weather|Sandstorm|[upkeep]","|-heal|p2a: Skarmory|177/334|[from] item: Leftovers","|-heal|p1a: Skarmory|196/334|[from] item: Leftovers","|upkeep","|turn|147","||adding 10 for new turn","|","|t:|1752913380","|move|p1a: Skarmory|Struggle|p2a: Skarmory","|-damage|p2a: Skarmory|155/334","|-damage|p1a: Skarmory|191/334|[from] Recoil|[of] p2a: Skarmory","|move|p2a: Skarmory|Struggle|p1a: Skarmory","|-damage|p1a: Skarmory|171/334","|-damage|p2a: Skarmory|150/334|[from] Recoil|[of] p1a: Skarmory","|","|-weather|Sandstorm|[upkeep]","|-heal|p1a: Skarmory|191/334|[from] item: Leftovers","|-heal|p2a: Skarmory|170/334|[from] item: Leftovers","|upkeep","|turn|148","||adding 10 for new turn","|","|t:|1752913383","|move|p1a: Skarmory|Struggle|p2a: Skarmory","|-damage|p2a: Skarmory|149/334","|-damage|p1a: Skarmory|186/334|[from] Recoil|[of] p2a: Skarmory","|move|p2a: Skarmory|Struggle|p1a: Skarmory","|-damage|p1a: Skarmory|165/334","|-damage|p2a: Skarmory|144/334|[from] Recoil|[of] p1a: Skarmory","|","|-weather|Sandstorm|[upkeep]","|-heal|p1a: Skarmory|185/334|[from] item: Leftovers","|-heal|p2a: Skarmory|164/334|[from] item: Leftovers","|upkeep","|turn|149","||adding 10 for new turn","|","|t:|1752913385","|move|p1a: Skarmory|Struggle|p2a: Skarmory","|-damage|p2a: Skarmory|141/334","|-damage|p1a: Skarmory|180/334|[from] Recoil|[of] p2a: Skarmory","|move|p2a: Skarmory|Struggle|p1a: Skarmory","|-damage|p1a: Skarmory|159/334","|-damage|p2a: Skarmory|136/334|[from] Recoil|[of] p1a: Skarmory","|","|-weather|Sandstorm|[upkeep]","|-heal|p1a: Skarmory|179/334|[from] item: Leftovers","|-heal|p2a: Skarmory|156/334|[from] item: Leftovers","|upkeep","|turn|150","||adding 10 for new turn","|","|t:|1752913388","|move|p2a: Skarmory|Struggle|p1a: Skarmory","|-damage|p1a: Skarmory|159/334","|-damage|p2a: Skarmory|151/334|[from] Recoil|[of] p1a: Skarmory","|move|p1a: Skarmory|Struggle|p2a: Skarmory","|-damage|p2a: Skarmory|130/334","|-damage|p1a: Skarmory|154/334|[from] Recoil|[of] p2a: Skarmory","|","|-weather|Sandstorm|[upkeep]","|-heal|p1a: Skarmory|174/334|[from] item: Leftovers","|-heal|p2a: Skarmory|150/334|[from] item: Leftovers","|upkeep","|turn|151","||adding 10 for new turn","|","|t:|1752913390","|move|p1a: Skarmory|Struggle|p2a: Skarmory","|-damage|p2a: Skarmory|130/334","|-damage|p1a: Skarmory|169/334|[from] Recoil|[of] p2a: Skarmory","|move|p2a: Skarmory|Struggle|p1a: Skarmory","|-damage|p1a: Skarmory|147/334","|-damage|p2a: Skarmory|125/334|[from] Recoil|[of] p1a: Skarmory","|","|-weather|Sandstorm|[upkeep]","|-heal|p2a: Skarmory|145/334|[from] item: Leftovers","|-heal|p1a: Skarmory|167/334|[from] item: Leftovers","|upkeep","|turn|152","||adding 10 for new turn","|","|t:|1752913393","|move|p1a: Skarmory|Struggle|p2a: Skarmory","|-damage|p2a: Skarmory|124/334","|-damage|p1a: Skarmory|162/334|[from] Recoil|[of] p2a: Skarmory","|move|p2a: Skarmory|Struggle|p1a: Skarmory","|-damage|p1a: Skarmory|143/334","|-damage|p2a: Skarmory|120/334|[from] Recoil|[of] p1a: Skarmory","|","|-weather|Sandstorm|[upkeep]","|-heal|p2a: Skarmory|140/334|[from] item: Leftovers","|-heal|p1a: Skarmory|163/334|[from] item: Leftovers","|upkeep","|turn|153","||adding 10 for new turn","|","|t:|1752913396","|move|p2a: Skarmory|Struggle|p1a: Skarmory","|-damage|p1a: Skarmory|143/334","|-damage|p2a: Skarmory|135/334|[from] Recoil|[of] p1a: Skarmory","|move|p1a: Skarmory|Struggle|p2a: Skarmory","|-damage|p2a: Skarmory|113/334","|-damage|p1a: Skarmory|138/334|[from] Recoil|[of] p2a: Skarmory","|","|-weather|Sandstorm|[upkeep]","|-heal|p2a: Skarmory|133/334|[from] item: Leftovers","|-heal|p1a: Skarmory|158/334|[from] item: Leftovers","|upkeep","|turn|154","||adding 10 for new turn","|","|t:|1752913398","|move|p1a: Skarmory|Struggle|p2a: Skarmory","|-damage|p2a: Skarmory|113/334","|-damage|p1a: Skarmory|153/334|[from] Recoil|[of] p2a: Skarmory","|move|p2a: Skarmory|Struggle|p1a: Skarmory","|-crit|p1a: Skarmory","|-damage|p1a: Skarmory|110/334","|-damage|p2a: Skarmory|103/334|[from] Recoil|[of] p1a: Skarmory","|","|-weather|Sandstorm|[upkeep]","|-heal|p2a: Skarmory|123/334|[from] item: Leftovers","|-heal|p1a: Skarmory|130/334|[from] item: Leftovers","|upkeep","|turn|155","||adding 10 for new turn","|","|t:|1752913401","|move|p2a: Skarmory|Struggle|p1a: Skarmory","|-damage|p1a: Skarmory|109/334","|-damage|p2a: Skarmory|118/334|[from] Recoil|[of] p1a: Skarmory","|move|p1a: Skarmory|Struggle|p2a: Skarmory","|-damage|p2a: Skarmory|97/334","|-damage|p1a: Skarmory|104/334|[from] Recoil|[of] p2a: Skarmory","|","|-weather|Sandstorm|[upkeep]","|-heal|p2a: Skarmory|117/334|[from] item: Leftovers","|-heal|p1a: Skarmory|124/334|[from] item: Leftovers","|upkeep","|turn|156","||adding 10 for new turn","|","|t:|1752913403","|move|p1a: Skarmory|Struggle|p2a: Skarmory","|-damage|p2a: Skarmory|94/334","|-damage|p1a: Skarmory|119/334|[from] Recoil|[of] p2a: Skarmory","|move|p2a: Skarmory|Struggle|p1a: Skarmory","|-damage|p1a: Skarmory|99/334","|-damage|p2a: Skarmory|89/334|[from] Recoil|[of] p1a: Skarmory","|","|-weather|Sandstorm|[upkeep]","|-heal|p1a: Skarmory|119/334|[from] item: Leftovers","|-heal|p2a: Skarmory|109/334|[from] item: Leftovers","|upkeep","|turn|157","||adding 10 for new turn","|","|t:|1752913406","|move|p2a: Skarmory|Struggle|p1a: Skarmory","|-damage|p1a: Skarmory|99/334","|-damage|p2a: Skarmory|104/334|[from] Recoil|[of] p1a: Skarmory","|move|p1a: Skarmory|Struggle|p2a: Skarmory","|-damage|p2a: Skarmory|84/334","|-damage|p1a: Skarmory|94/334|[from] Recoil|[of] p2a: Skarmory","|","|-weather|Sandstorm|[upkeep]","|-heal|p1a: Skarmory|114/334|[from] item: Leftovers","|-heal|p2a: Skarmory|104/334|[from] item: Leftovers","|upkeep","|turn|158","||adding 10 for new turn","|","|t:|1752913409","|move|p2a: Skarmory|Struggle|p1a: Skarmory","|-damage|p1a: Skarmory|94/334","|-damage|p2a: Skarmory|99/334|[from] Recoil|[of] p1a: Skarmory","|move|p1a: Skarmory|Struggle|p2a: Skarmory","|-damage|p2a: Skarmory|77/334","|-damage|p1a: Skarmory|89/334|[from] Recoil|[of] p2a: Skarmory","|","|-weather|Sandstorm|[upkeep]","|-heal|p1a: Skarmory|109/334|[from] item: Leftovers","|-heal|p2a: Skarmory|97/334|[from] item: Leftovers","|upkeep","|turn|159","||adding 10 for new turn","|","|t:|1752913411","|move|p1a: Skarmory|Struggle|p2a: Skarmory","|-damage|p2a: Skarmory|77/334","|-damage|p1a: Skarmory|104/334|[from] Recoil|[of] p2a: Skarmory","|move|p2a: Skarmory|Struggle|p1a: Skarmory","|-damage|p1a: Skarmory|82/334","|-damage|p2a: Skarmory|72/334|[from] Recoil|[of] p1a: Skarmory","|","|-weather|Sandstorm|[upkeep]","|-heal|p2a: Skarmory|92/334|[from] item: Leftovers","|-heal|p1a: Skarmory|102/334|[from] item: Leftovers","|upkeep","|turn|160","||adding 10 for new turn","|","|t:|1752913414","|move|p1a: Skarmory|Struggle|p2a: Skarmory","|-damage|p2a: Skarmory|70/334","|-damage|p1a: Skarmory|97/334|[from] Recoil|[of] p2a: Skarmory","|move|p2a: Skarmory|Struggle|p1a: Skarmory","|-damage|p1a: Skarmory|75/334","|-damage|p2a: Skarmory|65/334|[from] Recoil|[of] p1a: Skarmory","|","|-weather|Sandstorm|[upkeep]","|-heal|p2a: Skarmory|85/334|[from] item: Leftovers","|-heal|p1a: Skarmory|95/334|[from] item: Leftovers","|upkeep","|turn|161","||adding 10 for new turn","|","|t:|1752913416","|move|p2a: Skarmory|Struggle|p1a: Skarmory","|-damage|p1a: Skarmory|75/334","|-damage|p2a: Skarmory|80/334|[from] Recoil|[of] p1a: Skarmory","|move|p1a: Skarmory|Struggle|p2a: Skarmory","|-damage|p2a: Skarmory|58/334","|-damage|p1a: Skarmory|70/334|[from] Recoil|[of] p2a: Skarmory","|","|-weather|Sandstorm|[upkeep]","|-heal|p1a: Skarmory|90/334|[from] item: Leftovers","|-heal|p2a: Skarmory|78/334|[from] item: Leftovers","|upkeep","|turn|162","||adding 10 for new turn","|","|t:|1752913419","|move|p1a: Skarmory|Struggle|p2a: Skarmory","|-damage|p2a: Skarmory|57/334","|-damage|p1a: Skarmory|85/334|[from] Recoil|[of] p2a: Skarmory","|move|p2a: Skarmory|Struggle|p1a: Skarmory","|-damage|p1a: Skarmory|65/334","|-damage|p2a: Skarmory|52/334|[from] Recoil|[of] p1a: Skarmory","|","|-weather|Sandstorm|[upkeep]","|-heal|p2a: Skarmory|72/334|[from] item: Leftovers","|-heal|p1a: Skarmory|85/334|[from] item: Leftovers","|upkeep","|turn|163","||adding 10 for new turn","|","|t:|1752913421","|move|p1a: Skarmory|Struggle|p2a: Skarmory","|-damage|p2a: Skarmory|50/334","|-damage|p1a: Skarmory|80/334|[from] Recoil|[of] p2a: Skarmory","|move|p2a: Skarmory|Struggle|p1a: Skarmory","|-damage|p1a: Skarmory|61/334","|-damage|p2a: Skarmory|46/334|[from] Recoil|[of] p1a: Skarmory","|","|-weather|Sandstorm|[upkeep]","|-heal|p1a: Skarmory|81/334|[from] item: Leftovers","|-heal|p2a: Skarmory|66/334|[from] item: Leftovers","|upkeep","|turn|164","||adding 10 for new turn","|","|t:|1752913424","|move|p2a: Skarmory|Struggle|p1a: Skarmory","|-damage|p1a: Skarmory|59/334","|-damage|p2a: Skarmory|61/334|[from] Recoil|[of] p1a: Skarmory","|move|p1a: Skarmory|Struggle|p2a: Skarmory","|-damage|p2a: Skarmory|41/334","|-damage|p1a: Skarmory|54/334|[from] Recoil|[of] p2a: Skarmory","|","|-weather|Sandstorm|[upkeep]","|-heal|p2a: Skarmory|61/334|[from] item: Leftovers","|-heal|p1a: Skarmory|74/334|[from] item: Leftovers","|upkeep","|turn|165","||adding 10 for new turn","|","|t:|1752913427","|move|p1a: Skarmory|Struggle|p2a: Skarmory","|-damage|p2a: Skarmory|40/334","|-damage|p1a: Skarmory|69/334|[from] Recoil|[of] p2a: Skarmory","|move|p2a: Skarmory|Struggle|p1a: Skarmory","|-damage|p1a: Skarmory|49/334","|-damage|p2a: Skarmory|35/334|[from] Recoil|[of] p1a: Skarmory","|","|-weather|Sandstorm|[upkeep]","|-heal|p1a: Skarmory|69/334|[from] item: Leftovers","|-heal|p2a: Skarmory|55/334|[from] item: Leftovers","|upkeep","|turn|166","||adding 10 for new turn","|","|t:|1752913429","|move|p2a: Skarmory|Struggle|p1a: Skarmory","|-damage|p1a: Skarmory|47/334","|-damage|p2a: Skarmory|50/334|[from] Recoil|[of] p1a: Skarmory","|move|p1a: Skarmory|Struggle|p2a: Skarmory","|-damage|p2a: Skarmory|31/334","|-damage|p1a: Skarmory|43/334|[from] Recoil|[of] p2a: Skarmory","|","|-weather|Sandstorm|[upkeep]","|-heal|p1a: Skarmory|63/334|[from] item: Leftovers","|-heal|p2a: Skarmory|51/334|[from] item: Leftovers","|upkeep","|turn|167","||adding 10 for new turn","|","|t:|1752913432","|move|p2a: Skarmory|Struggle|p1a: Skarmory","|-damage|p1a: Skarmory|41/334","|-damage|p2a: Skarmory|46/334|[from] Recoil|[of] p1a: Skarmory","|move|p1a: Skarmory|Struggle|p2a: Skarmory","|-damage|p2a: Skarmory|25/334","|-damage|p1a: Skarmory|36/334|[from] Recoil|[of] p2a: Skarmory","|","|-weather|Sandstorm|[upkeep]","|-heal|p2a: Skarmory|45/334|[from] item: Leftovers","|-heal|p1a: Skarmory|56/334|[from] item: Leftovers","|upkeep","|turn|168","||adding 10 for new turn","|","|t:|1752913434","|move|p2a: Skarmory|Struggle|p1a: Skarmory","|-damage|p1a: Skarmory|34/334","|-damage|p2a: Skarmory|40/334|[from] Recoil|[of] p1a: Skarmory","|move|p1a: Skarmory|Struggle|p2a: Skarmory","|-damage|p2a: Skarmory|17/334","|-damage|p1a: Skarmory|29/334|[from] Recoil|[of] p2a: Skarmory","|","|-weather|Sandstorm|[upkeep]","|-heal|p2a: Skarmory|37/334|[from] item: Leftovers","|-heal|p1a: Skarmory|49/334|[from] item: Leftovers","|upkeep","|turn|169","||adding 10 for new turn","|","|t:|1752913437","|move|p2a: Skarmory|Struggle|p1a: Skarmory","|-damage|p1a: Skarmory|27/334","|-damage|p2a: Skarmory|32/334|[from] Recoil|[of] p1a: Skarmory","|move|p1a: Skarmory|Struggle|p2a: Skarmory","|-damage|p2a: Skarmory|11/334","|-damage|p1a: Skarmory|22/334|[from] Recoil|[of] p2a: Skarmory","|","|-weather|Sandstorm|[upkeep]","|-heal|p2a: Skarmory|31/334|[from] item: Leftovers","|-heal|p1a: Skarmory|42/334|[from] item: Leftovers","|upkeep","|turn|170","||adding 10 for new turn","|","|t:|1752913439","|move|p2a: Skarmory|Struggle|p1a: Skarmory","|-damage|p1a: Skarmory|21/334","|-damage|p2a: Skarmory|26/334|[from] Recoil|[of] p1a: Skarmory","|move|p1a: Skarmory|Struggle|p2a: Skarmory","|-damage|p2a: Skarmory|6/334","|-damage|p1a: Skarmory|16/334|[from] Recoil|[of] p2a: Skarmory","|","|-weather|Sandstorm|[upkeep]","|-heal|p2a: Skarmory|26/334|[from] item: Leftovers","|-heal|p1a: Skarmory|36/334|[from] item: Leftovers","|upkeep","|turn|171","||adding 10 for new turn","|","|t:|1752913442","|move|p2a: Skarmory|Struggle|p1a: Skarmory","|-damage|p1a: Skarmory|14/334","|-damage|p2a: Skarmory|21/334|[from] Recoil|[of] p1a: Skarmory","|move|p1a: Skarmory|Struggle|p2a: Skarmory","|-damage|p2a: Skarmory|0 fnt","|-damage|p1a: Skarmory|9/334|[from] Recoil|[of] p2a: Skarmory","|faint|p2a: Skarmory","|","|win|foultestchallenge1",""],"p1rating":null,"p2rating":null,"endType":"normal","ladderError":true,"timestamp":"Sat Jul 19 2025 01:24:02 GMT-0700 (アメリカ太平洋夏時間)","roomid":"battle-gen3ou-868","format":"gen3ou"}