{"winner":"foultestchallenge1","seed":"sodium,e4407fabf8990a7a35086825e5a4538c","turns":33,"p1":"foultestchallenge1","p2":"foultestacceptor1","p1team":[{"name":"Skarmory","species":"Skarmory","item":"Leftovers","ability":"Keen Eye","moves":["Spikes","Roar","Toxic","Protect"],"nature":"Careful","evs":{"hp":252,"atk":0,"def":0,"spa":0,"spd":252,"spe":4},"gender":"F","ivs":{"hp":31,"atk":0,"def":31,"spa":31,"spd":31,"spe":31},"level":100},{"name":"Jolteon","species":"Jolteon","item":"Leftovers","ability":"Volt Absorb","moves":["Thunderbolt","Thunder Wave","Hidden Power Grass","Baton Pass"],"nature":"Timid","evs":{"hp":4,"atk":0,"def":0,"spa":252,"spd":0,"spe":252},"gender":"F","ivs":{"hp":31,"atk":2,"def":31,"spa":30,"spd":31,"spe":31},"happiness":255,"hpType":"Grass","pokeball":"","gigantamax":false,"dynamaxLevel":10,"teraType":"","level":100},{"name":"Tyranitar","species":"Tyranitar","item":"Leftovers","ability":"Sand Stream","moves":["Focus Punch","Earthquake","Hidden Power Bug","Rock Slide"],"nature":"Adamant","evs":{"hp":252,"atk":252,"def":4,"spa":0,"spd":0,"spe":0},"gender":"F","ivs":{"hp":31,"atk":31,"def":31,"spa":31,"spd":30,"spe":30},"happiness":255,"hpType":"Bug","pokeball":"","gigantamax":false,"dynamaxLevel":10,"teraType":"","level":100},{"name":"Gengar","species":"Gengar","item":"Leftovers","ability":"Levitate","moves":["Ice Punch","Fire Punch","Hidden Power Grass","Explosion"],"nature":"Hasty","evs":{"hp":40,"atk":0,"def":0,"spa":252,"spd":0,"spe":216},"gender":"M","ivs":{"hp":31,"atk":30,"def":31,"spa":30,"spd":31,"spe":31},"happiness":255,"hpType":"Grass","pokeball":"","gigantamax":false,"dynamaxLevel":10,"teraType":"","level":100},{"name":"Metagross","species":"Metagross","item":"Choice Band","ability":"Clear Body","moves":["Meteor Mash","Earthquake","Rock Slide","Explosion"],"nature":"Adamant","evs":{"hp":68,"atk":252,"def":0,"spa":0,"spd":0,"spe":188},"gender":"N","level":100,"ivs":{"hp":31,"atk":31,"def":31,"spa":31,"spd":31,"spe":31}},{"name":"Starmie","species":"Starmie","item":"Leftovers","ability":"Natural Cure","moves":["Hydro Pump","Thunderbolt","Ice Beam","Psychic"],"nature":"Timid","evs":{"hp":4,"atk":0,"def":0,"spa":252,"spd":0,"spe":252},"gender":"N","ivs":{"hp":31,"atk":0,"def":31,"spa":31,"spd":31,"spe":31},"level":100}],"p2team":[{"name":"Skarmory","species":"Skarmory","item":"Leftovers","ability":"Keen Eye","moves":["Spikes","Protect","Roar","Toxic"],"nature":"Careful","evs":{"hp":252,"atk":0,"def":8,"spa":0,"spd":248,"spe":0},"gender":"F","ivs":{"hp":31,"atk":0,"def":31,"spa":31,"spd":31,"spe":31},"level":100},{"name":"Blissey","species":"Blissey","item":"Leftovers","ability":"Natural Cure","moves":["Soft-Boiled","Ice Beam","Toxic","Fire Blast"],"nature":"Modest","evs":{"hp":0,"atk":0,"def":252,"spa":252,"spd":0,"spe":4},"gender":"F","ivs":{"hp":31,"atk":0,"def":31,"spa":31,"spd":31,"spe":31},"shiny":true,"level":100},{"name":"Tyranitar","species":"Tyranitar","item":"Leftovers","ability":"Sand Stream","moves":["Focus Punch","Rock Slide","Hidden Power Bug","Earthquake"],"nature":"Adamant","evs":{"hp":248,"atk":196,"def":12,"spa":0,"spd":52,"spe":0},"gender":"F","ivs":{"hp":31,"atk":30,"def":30,"spa":31,"spd":30,"spe":31},"happiness":255,"hpType":"Bug","pokeball":"","gigantamax":false,"dynamaxLevel":10,"teraType":"","level":100},{"name":"Swampert","species":"Swampert","item":"Leftovers","ability":"Torrent","moves":["Earthquake","Ice Beam","Hydro Pump","Protect"],"nature":"Relaxed","evs":{"hp":240,"atk":0,"def":136,"spa":40,"spd":48,"spe":44},"gender":"F","level":100,"ivs":{"hp":31,"atk":31,"def":31,"spa":31,"spd":31,"spe":31}},{"name":"Gengar","species":"Gengar","item":"Leftovers","ability":"Levitate","moves":["Will-O-Wisp","Thunderbolt","Ice Punch","Explosion"],"nature":"Timid","evs":{"hp":168,"atk":0,"def":0,"spa":0,"spd":164,"spe":176},"gender":"F","level":100,"ivs":{"hp":31,"atk":31,"def":31,"spa":31,"spd":31,"spe":31}},{"name":"Starmie","species":"Starmie","item":"Leftovers","ability":"Natural Cure","moves":["Hydro Pump","Ice Beam","Thunderbolt","Rapid Spin"],"nature":"Timid","evs":{"hp":4,"atk":0,"def":0,"spa":252,"spd":0,"spe":252},"gender":"N","ivs":{"hp":31,"atk":0,"def":31,"spa":31,"spd":31,"spe":31},"level":100}],"score":[2,0],"inputLog":[">version 372d05e49c92a79eecdf6c8dddb208bd1765c00f",">start {\"formatid\":\"gen3ou\",\"seed\":\"sodium,e4407fabf8990a7a35086825e5a4538c\"}",">player p1 {\"name\":\"foultestchallenge1\",\"avatar\":\"1\",\"team\":\"Skarmory||Leftovers|KeenEye|Spikes,Roar,Toxic,Protect|Careful|252,,,,252,4|F|,0,,,,|||]Jolteon||Leftovers|VoltAbsorb|Thunderbolt,ThunderWave,HiddenPowerGrass,BatonPass|Timid|4,,,252,,252|F|,2,,30,,|||,Grass,,,,]Tyranitar||Leftovers|SandStream|FocusPunch,Earthquake,HiddenPowerBug,RockSlide|Adamant|252,252,4,,,|F|,,,,30,30|||,Bug,,,,]Gengar||Leftovers|Levitate|IcePunch,FirePunch,HiddenPowerGrass,Explosion|Hasty|40,,,252,,216|M|,30,,30,,|||,Grass,,,,]Metagross||ChoiceBand|ClearBody|MeteorMash,Earthquake,RockSlide,Explosion|Adamant|68,252,,,,188|N||||]Starmie||Leftovers|NaturalCure|HydroPump,Thunderbolt,IceBeam,Psychic|Timid|4,,,252,,252|N|,0,,,,|||\",\"rating\":0}",">player p2 {\"name\":\"foultestacceptor1\",\"avatar\":\"1\",\"team\":\"Skarmory||Leftovers|KeenEye|Spikes,Protect,Roar,Toxic|Careful|252,,8,,248,|F|,0,,,,|||]Blissey||Leftovers|NaturalCure|SoftBoiled,IceBeam,Toxic,FireBlast|Modest|,,252,252,,4|F|,0,,,,|S||]Tyranitar||Leftovers|SandStream|FocusPunch,RockSlide,HiddenPowerBug,Earthquake|Adamant|248,196,12,,52,|F|,30,30,,30,|||,Bug,,,,]Swampert||Leftovers|Torrent|Earthquake,IceBeam,HydroPump,Protect|Relaxed|240,,136,40,48,44|F||||]Gengar||Leftovers|Levitate|WillOWisp,Thunderbolt,IcePunch,Explosion|Timid|168,,,,164,176|F||||]Starmie||Leftovers|NaturalCure|HydroPump,IceBeam,Thunderbolt,RapidSpin|Timid|4,,,252,,252|N|,0,,,,|||\",\"rating\":0}",">p1 move spikes",">p2 move spikes",">p1 move spikes",">p2 move spikes",">p1 move spikes",">p2 move spikes",">p1 move roar",">p2 move roar",">p1 move toxic",">p2 move hydropump",">p1 move roar",">p2 move hydropump",">p1 move roar",">p2 move focuspunch",">p1 move protect",">p2 move thunderbolt",">p1 switch 2",">p2 move thunderbolt",">p1 move thunderbolt",">p2 move icepunch",">p1 move thunderbolt",">p2 switch 2",">p1 move thunderwave",">p2 move fireblast",">p1 move thunderbolt",">p2 move fireblast",">p1 switch 3",">p1 move rockslide",">p2 move softboiled",">p2 switch 6",">p1 move hiddenpower",">p2 move hydropump",">p2 switch 2",">p1 move rockslide",">p2 move thunderbolt",">p1 switch 6",">p1 move hydropump",">p2 move thunderbolt",">p2 switch 3",">p1 move hydropump",">p2 move earthquake",">p1 switch 4",">p1 move firepunch",">p2 move hydropump",">p2 switch 5",">p1 move hiddenpower",">p2 move rockslide",">p1 move hiddenpower",">p2 switch 4",">p1 move firepunch",">p2 move protect",">p1 move firepunch",">p2 move protect",">p1 move firepunch",">p2 move protect",">p1 move firepunch",">p2 move protect",">p1 move firepunch",">p2 move protect",">p1 move firepunch",">p2 move protect",">p1 move firepunch",">p2 switch 4",">p2 switch 4",">p1 move firepunch",">p2 move protect",">p1 move firepunch",">p2 move protect",">p1 move firepunch",">p2 move roar",">p1 move explosion",">p2 move protect",">p1 switch 5",">p1 move firepunch",">p2 move protect"],"log":["|j|☆foultestchallenge1","|j|☆foultestacceptor1","|t:|1752925782","|gametype|singles","|player|p1|foultestchallenge1|1|","|player|p2|foultestacceptor1|1|","|teamsize|p1|6","|teamsize|p2|6","|gen|3","|tier|[Gen 3] OU","|rule|Sleep Clause Mod: Limit one foe put to sleep","|rule|Switch Priority Clause Mod: Faster Pokémon switch first","|rule|Species Clause: Limit one of each Pokémon","|rule|OHKO Clause: OHKO moves are banned","|rule|Evasion Items Clause: Evasion items are banned","|rule|Evasion Moves Clause: Evasion moves are banned","|rule|Endless Battle Clause: Forcing endless battles is banned","|rule|HP Percentage Mod: HP is shown in percentages","|rule|One Boost Passer Clause: Limit one Baton Passer that has a way to boost its stats","|rule|Freeze Clause Mod: Limit one foe frozen","|","|t:|1752925782","|start","|switch|p1a: Skarmory|Skarmory, F|334/334","|switch|p2a: Skarmory|Skarmory, F|334/334","|turn|1","|inactive|Battle timer is ON: inactive players will automatically lose when time's up. (requested by foultestchallenge1)","|inactive|foultestacceptor1 also wants the timer to be on.","|","|t:|1752925783","|move|p1a: Skarmory|Spikes|p2a: Skarmory","|-sidestart|p2: foultestacceptor1|Spikes","|move|p2a: Skarmory|Spikes|p1a: Skarmory","|-sidestart|p1: foultestchallenge1|Spikes","|","|upkeep","|turn|2","||adding 10 for new turn","|","|t:|1752925784","|move|p1a: Skarmory|Spikes|p2a: Skarmory","|-sidestart|p2: foultestacceptor1|Spikes","|move|p2a: Skarmory|Spikes|p1a: Skarmory","|-sidestart|p1: foultestchallenge1|Spikes","|","|upkeep","|turn|3","||adding 10 for new turn","|","|t:|1752925785","|move|p1a: Skarmory|Spikes|p2a: Skarmory","|-sidestart|p2: foultestacceptor1|Spikes","|move|p2a: Skarmory|Spikes|p1a: Skarmory","|-sidestart|p1: foultestchallenge1|Spikes","|","|upkeep","|turn|4","||adding 10 for new turn","|","|t:|1752925786","|move|p1a: Skarmory|Roar|p2a: Skarmory","|drag|p2a: Swampert|Swampert, F|401/401","|-damage|p2a: Swampert|301/401|[from] Spikes","|","|-heal|p2a: Swampert|326/401|[from] item: Leftovers","|upkeep","|turn|5","||adding 10 for new turn","|","|t:|1752925787","|move|p1a: Skarmory|Toxic|p2a: Swampert","|-status|p2a: Swampert|tox","|move|p2a: Swampert|Hydro Pump|p1a: Skarmory|[miss]","|-miss|p2a: Swampert|p1a: Skarmory","|","|-heal|p2a: Swampert|351/401 tox|[from] item: Leftovers","|-damage|p2a: Swampert|326/401 tox|[from] psn","|upkeep","|turn|6","||adding 10 for new turn","|","|t:|1752925788","|move|p2a: Swampert|Hydro Pump|p1a: Skarmory","|-damage|p1a: Skarmory|221/334","|move|p1a: Skarmory|Roar|p2a: Swampert","|drag|p2a: Tyranitar|Tyranitar, F|403/403","|-damage|p2a: Tyranitar|303/403|[from] Spikes","|-weather|Sandstorm|[from] ability: Sand Stream|[of] p2a: Tyranitar","|","|-weather|Sandstorm|[upkeep]","|-heal|p1a: Skarmory|241/334|[from] item: Leftovers","|-heal|p2a: Tyranitar|328/403|[from] item: Leftovers","|upkeep","|turn|7","||adding 10 for new turn","|","|t:|1752925789","|-singleturn|p2a: Tyranitar|move: Focus Punch","|move|p2a: Tyranitar|Focus Punch|p1a: Skarmory","|-damage|p1a: Skarmory|87/334","|move|p1a: Skarmory|Roar|p2a: Tyranitar","|drag|p2a: Gengar|Gengar, F|303/303","|","|-weather|Sandstorm|[upkeep]","|-damage|p2a: Gengar|285/303|[from] Sandstorm","|-heal|p2a: Gengar|303/303|[from] item: Leftovers","|-heal|p1a: Skarmory|107/334|[from] item: Leftovers","|upkeep","|turn|8","||adding 10 for new turn","|","|t:|1752925790","|move|p1a: Skarmory|Protect|p1a: Skarmory","|-singleturn|p1a: Skarmory|Protect","|move|p2a: Gengar|Thunderbolt|p1a: Skarmory","|-activate|p1a: Skarmory|Protect","|","|-weather|Sandstorm|[upkeep]","|-damage|p2a: Gengar|285/303|[from] Sandstorm","|-heal|p2a: Gengar|303/303|[from] item: Leftovers","|-heal|p1a: Skarmory|127/334|[from] item: Leftovers","|upkeep","|turn|9","||adding 10 for new turn","|","|t:|1752925791","|switch|p1a: Jolteon|Jolteon, F|272/272","|-damage|p1a: Jolteon|204/272|[from] Spikes","|move|p2a: Gengar|Thunderbolt|p1a: Jolteon","|-heal|p1a: Jolteon|272/272|[from] ability: Volt Absorb|[of] p2a: Gengar","|","|-weather|Sandstorm|[upkeep]","|-damage|p1a: Jolteon|255/272|[from] Sandstorm","|-damage|p2a: Gengar|285/303|[from] Sandstorm","|-heal|p1a: Jolteon|272/272|[from] item: Leftovers","|-heal|p2a: Gengar|303/303|[from] item: Leftovers","|upkeep","|turn|10","||adding 10 for new turn","|","|t:|1752925792","|move|p1a: Jolteon|Thunderbolt|p2a: Gengar","|-damage|p2a: Gengar|155/303","|move|p2a: Gengar|Ice Punch|p1a: Jolteon","|-crit|p1a: Jolteon","|-damage|p1a: Jolteon|113/272","|","|-weather|Sandstorm|[upkeep]","|-damage|p1a: Jolteon|96/272|[from] Sandstorm","|-damage|p2a: Gengar|137/303|[from] Sandstorm","|-heal|p1a: Jolteon|113/272|[from] item: Leftovers","|-heal|p2a: Gengar|155/303|[from] item: Leftovers","|upkeep","|turn|11","||adding 10 for new turn","|","|t:|1752925793","|switch|p2a: Blissey|Blissey, F, shiny|651/651","|-damage|p2a: Blissey|489/651|[from] Spikes","|move|p1a: Jolteon|Thunderbolt|p2a: Blissey","|-damage|p2a: Blissey|379/651","|","|-weather|Sandstorm|[upkeep]","|-damage|p1a: Jolteon|96/272|[from] Sandstorm","|-damage|p2a: Blissey|339/651|[from] Sandstorm","|-heal|p1a: Jolteon|113/272|[from] item: Leftovers","|-heal|p2a: Blissey|379/651|[from] item: Leftovers","|upkeep","|turn|12","||adding 10 for new turn","|","|t:|1752925795","|move|p1a: Jolteon|Thunder Wave|p2a: Blissey","|-status|p2a: Blissey|par","|cant|p2a: Blissey|par","|","|-weather|Sandstorm|[upkeep]","|-damage|p1a: Jolteon|96/272|[from] Sandstorm","|-damage|p2a: Blissey|339/651 par|[from] Sandstorm","|-heal|p1a: Jolteon|113/272|[from] item: Leftovers","|-heal|p2a: Blissey|379/651 par|[from] item: Leftovers","|upkeep","|turn|13","||adding 10 for new turn","|","|t:|1752925796","|move|p1a: Jolteon|Thunderbolt|p2a: Blissey","|-damage|p2a: Blissey|267/651 par","|move|p2a: Blissey|Fire Blast|p1a: Jolteon","|-damage|p1a: Jolteon|0 fnt","|faint|p1a: Jolteon","||adding 5 to each for mid turn request","|","|t:|1752925797","|switch|p1a: Tyranitar|Tyranitar, F|404/404","|-damage|p1a: Tyranitar|303/404|[from] Spikes","|","|-weather|Sandstorm|[upkeep]","|-damage|p2a: Blissey|227/651 par|[from] Sandstorm","|-heal|p1a: Tyranitar|328/404|[from] item: Leftovers","|-heal|p2a: Blissey|267/651 par|[from] item: Leftovers","|upkeep","|turn|14","||adding 10 for new turn","|","|t:|1752925798","|move|p1a: Tyranitar|Rock Slide|p2a: Blissey","|-damage|p2a: Blissey|0 fnt","|faint|p2a: Blissey","||adding 5 to each for mid turn request","|","|t:|1752925799","|switch|p2a: Starmie|Starmie|262/262","|-damage|p2a: Starmie|197/262|[from] Spikes","|","|-weather|Sandstorm|[upkeep]","|-damage|p2a: Starmie|181/262|[from] Sandstorm","|-heal|p2a: Starmie|197/262|[from] item: Leftovers","|-heal|p1a: Tyranitar|353/404|[from] item: Leftovers","|upkeep","|turn|15","||adding 10 for new turn","|","|t:|1752925800","|move|p2a: Starmie|Hydro Pump|p1a: Tyranitar","|-supereffective|p1a: Tyranitar","|-damage|p1a: Tyranitar|2/404","|move|p1a: Tyranitar|Hidden Power|p2a: Starmie","|-supereffective|p2a: Starmie","|-damage|p2a: Starmie|0 fnt","|faint|p2a: Starmie","||adding 5 to each for mid turn request","|","|t:|1752925801","|switch|p2a: Gengar|Gengar, F|155/303","|","|-weather|Sandstorm|[upkeep]","|-damage|p2a: Gengar|137/303|[from] Sandstorm","|-heal|p2a: Gengar|155/303|[from] item: Leftovers","|-heal|p1a: Tyranitar|27/404|[from] item: Leftovers","|upkeep","|turn|16","||adding 10 for new turn","|","|t:|1752925802","|move|p2a: Gengar|Thunderbolt|p1a: Tyranitar","|-damage|p1a: Tyranitar|0 fnt","|faint|p1a: Tyranitar","||adding 5 to each for mid turn request","|","|t:|1752925803","|switch|p1a: Starmie|Starmie|262/262","|-damage|p1a: Starmie|197/262|[from] Spikes","|","|-weather|Sandstorm|[upkeep]","|-damage|p1a: Starmie|181/262|[from] Sandstorm","|-damage|p2a: Gengar|137/303|[from] Sandstorm","|-heal|p1a: Starmie|197/262|[from] item: Leftovers","|-heal|p2a: Gengar|155/303|[from] item: Leftovers","|upkeep","|turn|17","||adding 10 for new turn","|","|t:|1752925803","|move|p1a: Starmie|Hydro Pump|p2a: Gengar","|-damage|p2a: Gengar|0 fnt","|faint|p2a: Gengar","||adding 5 to each for mid turn request","|","|t:|1752925804","|switch|p2a: Swampert|Swampert, F|326/401 tox","|-damage|p2a: Swampert|226/401 tox|[from] Spikes","|","|-weather|Sandstorm|[upkeep]","|-damage|p1a: Starmie|181/262|[from] Sandstorm","|-heal|p1a: Starmie|197/262|[from] item: Leftovers","|-heal|p2a: Swampert|251/401 tox|[from] item: Leftovers","|-damage|p2a: Swampert|226/401 tox|[from] psn","|upkeep","|turn|18","||adding 10 for new turn","|","|t:|1752925805","|move|p1a: Starmie|Hydro Pump|p2a: Swampert","|-damage|p2a: Swampert|48/401 tox","|move|p2a: Swampert|Earthquake|p1a: Starmie","|-crit|p1a: Starmie","|-damage|p1a: Starmie|0 fnt","|faint|p1a: Starmie","||adding 5 to each for mid turn request","|","|t:|1752925806","|switch|p1a: Gengar|Gengar, M|271/271","|","|-weather|Sandstorm|[upkeep]","|-damage|p1a: Gengar|255/271|[from] Sandstorm","|-heal|p1a: Gengar|271/271|[from] item: Leftovers","|-heal|p2a: Swampert|73/401 tox|[from] item: Leftovers","|-damage|p2a: Swampert|23/401 tox|[from] psn","|upkeep","|turn|19","||adding 10 for new turn","|","|t:|1752925807","|move|p1a: Gengar|Fire Punch|p2a: Swampert","|-resisted|p2a: Swampert","|-damage|p2a: Swampert|0 fnt","|faint|p2a: Swampert","||adding 5 to each for mid turn request","|","|t:|1752925808","|switch|p2a: Tyranitar|Tyranitar, F|328/403","|-damage|p2a: Tyranitar|228/403|[from] Spikes","|","|-weather|Sandstorm|[upkeep]","|-damage|p1a: Gengar|255/271|[from] Sandstorm","|-heal|p1a: Gengar|271/271|[from] item: Leftovers","|-heal|p2a: Tyranitar|253/403|[from] item: Leftovers","|upkeep","|turn|20","||adding 10 for new turn","|","|t:|1752925809","|move|p1a: Gengar|Hidden Power|p2a: Tyranitar","|-supereffective|p2a: Tyranitar","|-damage|p2a: Tyranitar|95/403","|move|p2a: Tyranitar|Rock Slide|p1a: Gengar","|-damage|p1a: Gengar|18/271","|","|-weather|Sandstorm|[upkeep]","|-damage|p1a: Gengar|2/271|[from] Sandstorm","|-heal|p1a: Gengar|18/271|[from] item: Leftovers","|-heal|p2a: Tyranitar|120/403|[from] item: Leftovers","|upkeep","|turn|21","||adding 10 for new turn","|","|t:|1752925810","|switch|p2a: Skarmory|Skarmory, F|334/334","|move|p1a: Gengar|Hidden Power|p2a: Skarmory","|-resisted|p2a: Skarmory","|-damage|p2a: Skarmory|315/334","|","|-weather|Sandstorm|[upkeep]","|-damage|p1a: Gengar|2/271|[from] Sandstorm","|-heal|p1a: Gengar|18/271|[from] item: Leftovers","|-heal|p2a: Skarmory|334/334|[from] item: Leftovers","|upkeep","|turn|22","||adding 10 for new turn","|","|t:|1752925811","|move|p2a: Skarmory|Protect|p2a: Skarmory","|-singleturn|p2a: Skarmory|Protect","|move|p1a: Gengar|Fire Punch|p2a: Skarmory","|-activate|p2a: Skarmory|Protect","|","|-weather|Sandstorm|[upkeep]","|-damage|p1a: Gengar|2/271|[from] Sandstorm","|-heal|p1a: Gengar|18/271|[from] item: Leftovers","|upkeep","|turn|23","||adding 10 for new turn","|","|t:|1752925812","|move|p2a: Skarmory|Protect||[still]","|-fail|p2a: Skarmory","|move|p1a: Gengar|Fire Punch|p2a: Skarmory","|-supereffective|p2a: Skarmory","|-damage|p2a: Skarmory|169/334","|","|-weather|Sandstorm|[upkeep]","|-damage|p1a: Gengar|2/271|[from] Sandstorm","|-heal|p1a: Gengar|18/271|[from] item: Leftovers","|-heal|p2a: Skarmory|189/334|[from] item: Leftovers","|upkeep","|turn|24","||adding 10 for new turn","|","|t:|1752925813","|move|p2a: Skarmory|Protect|p2a: Skarmory","|-singleturn|p2a: Skarmory|Protect","|move|p1a: Gengar|Fire Punch|p2a: Skarmory","|-activate|p2a: Skarmory|Protect","|","|-weather|Sandstorm|[upkeep]","|-damage|p1a: Gengar|2/271|[from] Sandstorm","|-heal|p1a: Gengar|18/271|[from] item: Leftovers","|-heal|p2a: Skarmory|209/334|[from] item: Leftovers","|upkeep","|turn|25","||adding 10 for new turn","|","|t:|1752925814","|move|p2a: Skarmory|Protect|p2a: Skarmory","|-singleturn|p2a: Skarmory|Protect","|move|p1a: Gengar|Fire Punch|p2a: Skarmory","|-activate|p2a: Skarmory|Protect","|","|-weather|Sandstorm|[upkeep]","|-damage|p1a: Gengar|2/271|[from] Sandstorm","|-heal|p1a: Gengar|18/271|[from] item: Leftovers","|-heal|p2a: Skarmory|229/334|[from] item: Leftovers","|upkeep","|turn|26","||adding 10 for new turn","|","|t:|1752925815","|move|p2a: Skarmory|Protect|p2a: Skarmory","|-singleturn|p2a: Skarmory|Protect","|move|p1a: Gengar|Fire Punch|p2a: Skarmory","|-activate|p2a: Skarmory|Protect","|","|-weather|Sandstorm|[upkeep]","|-damage|p1a: Gengar|2/271|[from] Sandstorm","|-heal|p1a: Gengar|18/271|[from] item: Leftovers","|-heal|p2a: Skarmory|249/334|[from] item: Leftovers","|upkeep","|turn|27","||adding 10 for new turn","|","|t:|1752925815","|move|p2a: Skarmory|Protect|p2a: Skarmory","|-singleturn|p2a: Skarmory|Protect","|move|p1a: Gengar|Fire Punch|p2a: Skarmory","|-activate|p2a: Skarmory|Protect","|","|-weather|Sandstorm|[upkeep]","|-damage|p1a: Gengar|2/271|[from] Sandstorm","|-heal|p1a: Gengar|18/271|[from] item: Leftovers","|-heal|p2a: Skarmory|269/334|[from] item: Leftovers","|upkeep","|turn|28","||adding 10 for new turn","|","|t:|1752925816","|switch|p2a: Tyranitar|Tyranitar, F|120/403","|-damage|p2a: Tyranitar|20/403|[from] Spikes","|move|p1a: Gengar|Fire Punch|p2a: Tyranitar","|-resisted|p2a: Tyranitar","|-crit|p2a: Tyranitar","|-damage|p2a: Tyranitar|0 fnt","|faint|p2a: Tyranitar","||adding 5 to each for mid turn request","|","|t:|1752925817","|switch|p2a: Skarmory|Skarmory, F|269/334","|","|-weather|Sandstorm|[upkeep]","|-damage|p1a: Gengar|2/271|[from] Sandstorm","|-heal|p1a: Gengar|18/271|[from] item: Leftovers","|-heal|p2a: Skarmory|289/334|[from] item: Leftovers","|upkeep","|turn|29","||adding 10 for new turn","|","|t:|1752925818","|move|p2a: Skarmory|Protect|p2a: Skarmory","|-singleturn|p2a: Skarmory|Protect","|move|p1a: Gengar|Fire Punch|p2a: Skarmory","|-activate|p2a: Skarmory|Protect","|","|-weather|Sandstorm|[upkeep]","|-damage|p1a: Gengar|2/271|[from] Sandstorm","|-heal|p1a: Gengar|18/271|[from] item: Leftovers","|-heal|p2a: Skarmory|309/334|[from] item: Leftovers","|upkeep","|turn|30","||adding 10 for new turn","|","|t:|1752925819","|move|p2a: Skarmory|Protect|p2a: Skarmory","|-singleturn|p2a: Skarmory|Protect","|move|p1a: Gengar|Fire Punch|p2a: Skarmory","|-activate|p2a: Skarmory|Protect","|","|-weather|Sandstorm|[upkeep]","|-damage|p1a: Gengar|2/271|[from] Sandstorm","|-heal|p1a: Gengar|18/271|[from] item: Leftovers","|-heal|p2a: Skarmory|329/334|[from] item: Leftovers","|upkeep","|turn|31","||adding 10 for new turn","|","|t:|1752925819","|move|p1a: Gengar|Fire Punch|p2a: Skarmory","|-supereffective|p2a: Skarmory","|-damage|p2a: Skarmory|180/334","|-status|p2a: Skarmory|brn","|move|p2a: Skarmory|Roar|p1a: Gengar","|drag|p1a: Metagross|Metagross|318/318","|-damage|p1a: Metagross|239/318|[from] Spikes","|","|-weather|Sandstorm|[upkeep]","|-heal|p2a: Skarmory|200/334 brn|[from] item: Leftovers","|-damage|p2a: Skarmory|159/334 brn|[from] brn","|upkeep","|turn|32","||adding 10 for new turn","|","|t:|1752925820","|move|p2a: Skarmory|Protect|p2a: Skarmory","|-singleturn|p2a: Skarmory|Protect","|move|p1a: Metagross|Explosion|p2a: Skarmory","|-activate|p2a: Skarmory|Protect","|faint|p1a: Metagross","||adding 5 to each for mid turn request","|","|t:|1752925821","|switch|p1a: Gengar|Gengar, M|18/271","|","|-weather|Sandstorm|[upkeep]","|-damage|p1a: Gengar|2/271|[from] Sandstorm","|-heal|p1a: Gengar|18/271|[from] item: Leftovers","|-heal|p2a: Skarmory|179/334 brn|[from] item: Leftovers","|-damage|p2a: Skarmory|138/334 brn|[from] brn","|upkeep","|turn|33","||adding 10 for new turn","|","|t:|1752925822","|move|p2a: Skarmory|Protect||[still]","|-fail|p2a: Skarmory","|move|p1a: Gengar|Fire Punch|p2a: Skarmory","|-supereffective|p2a: Skarmory","|-damage|p2a: Skarmory|0 fnt","|faint|p2a: Skarmory","|","|win|foultestchallenge1",""],"p1rating":null,"p2rating":null,"endType":"normal","ladderError":true,"timestamp":"Sat Jul 19 2025 04:50:22 GMT-0700 (アメリカ太平洋夏時間)","roomid":"battle-gen3ou-972","format":"gen3ou"}