{"winner":"foultestchallenge1","seed":"sodium,019bfc6677b0beaca3f4c64076e52be4","turns":167,"p1":"foultestchallenge1","p2":"foultestacceptor1","p1team":[{"name":"Skarmory","species":"Skarmory","item":"Leftovers","ability":"Keen Eye","moves":["Spikes","Roar","Toxic","Protect"],"nature":"Careful","evs":{"hp":252,"atk":0,"def":0,"spa":0,"spd":252,"spe":4},"gender":"M","ivs":{"hp":31,"atk":0,"def":31,"spa":31,"spd":31,"spe":31},"level":100},{"name":"Jolteon","species":"Jolteon","item":"Leftovers","ability":"Volt Absorb","moves":["Thunderbolt","Thunder Wave","Hidden Power Grass","Baton Pass"],"nature":"Timid","evs":{"hp":4,"atk":0,"def":0,"spa":252,"spd":0,"spe":252},"gender":"M","ivs":{"hp":31,"atk":2,"def":31,"spa":30,"spd":31,"spe":31},"happiness":255,"hpType":"Grass","pokeball":"","gigantamax":false,"dynamaxLevel":10,"teraType":"","level":100},{"name":"Tyranitar","species":"Tyranitar","item":"Leftovers","ability":"Sand Stream","moves":["Focus Punch","Earthquake","Hidden Power Bug","Rock Slide"],"nature":"Adamant","evs":{"hp":252,"atk":252,"def":4,"spa":0,"spd":0,"spe":0},"gender":"M","ivs":{"hp":31,"atk":31,"def":31,"spa":31,"spd":30,"spe":30},"happiness":255,"hpType":"Bug","pokeball":"","gigantamax":false,"dynamaxLevel":10,"teraType":"","level":100},{"name":"Gengar","species":"Gengar","item":"Leftovers","ability":"Levitate","moves":["Ice Punch","Fire Punch","Hidden Power Grass","Explosion"],"nature":"Hasty","evs":{"hp":40,"atk":0,"def":0,"spa":252,"spd":0,"spe":216},"gender":"M","ivs":{"hp":31,"atk":30,"def":31,"spa":30,"spd":31,"spe":31},"happiness":255,"hpType":"Grass","pokeball":"","gigantamax":false,"dynamaxLevel":10,"teraType":"","level":100},{"name":"Metagross","species":"Metagross","item":"Choice Band","ability":"Clear Body","moves":["Meteor Mash","Earthquake","Rock Slide","Explosion"],"nature":"Adamant","evs":{"hp":68,"atk":252,"def":0,"spa":0,"spd":0,"spe":188},"gender":"N","level":100,"ivs":{"hp":31,"atk":31,"def":31,"spa":31,"spd":31,"spe":31}},{"name":"Starmie","species":"Starmie","item":"Leftovers","ability":"Natural Cure","moves":["Hydro Pump","Thunderbolt","Ice Beam","Psychic"],"nature":"Timid","evs":{"hp":4,"atk":0,"def":0,"spa":252,"spd":0,"spe":252},"gender":"N","ivs":{"hp":31,"atk":0,"def":31,"spa":31,"spd":31,"spe":31},"level":100}],"p2team":[{"name":"Skarmory","species":"Skarmory","item":"Leftovers","ability":"Keen Eye","moves":["Spikes","Roar","Toxic","Protect"],"nature":"Careful","evs":{"hp":252,"atk":0,"def":0,"spa":0,"spd":252,"spe":4},"gender":"F","ivs":{"hp":31,"atk":0,"def":31,"spa":31,"spd":31,"spe":31},"level":100},{"name":"Jolteon","species":"Jolteon","item":"Leftovers","ability":"Volt Absorb","moves":["Thunderbolt","Thunder Wave","Hidden Power Grass","Baton Pass"],"nature":"Timid","evs":{"hp":4,"atk":0,"def":0,"spa":252,"spd":0,"spe":252},"gender":"M","ivs":{"hp":31,"atk":2,"def":31,"spa":30,"spd":31,"spe":31},"happiness":255,"hpType":"Grass","pokeball":"","gigantamax":false,"dynamaxLevel":10,"teraType":"","level":100},{"name":"Tyranitar","species":"Tyranitar","item":"Leftovers","ability":"Sand Stream","moves":["Focus Punch","Earthquake","Hidden Power Bug","Rock Slide"],"nature":"Adamant","evs":{"hp":252,"atk":252,"def":4,"spa":0,"spd":0,"spe":0},"gender":"F","ivs":{"hp":31,"atk":31,"def":31,"spa":31,"spd":30,"spe":30},"happiness":255,"hpType":"Bug","pokeball":"","gigantamax":false,"dynamaxLevel":10,"teraType":"","level":100},{"name":"Gengar","species":"Gengar","item":"Leftovers","ability":"Levitate","moves":["Ice Punch","Fire Punch","Hidden Power Grass","Explosion"],"nature":"Hasty","evs":{"hp":40,"atk":0,"def":0,"spa":252,"spd":0,"spe":216},"gender":"F","ivs":{"hp":31,"atk":30,"def":31,"spa":30,"spd":31,"spe":31},"happiness":255,"hpType":"Grass","pokeball":"","gigantamax":false,"dynamaxLevel":10,"teraType":"","level":100},{"name":"Metagross","species":"Metagross","item":"Choice Band","ability":"Clear Body","moves":["Meteor Mash","Earthquake","Rock Slide","Explosion"],"nature":"Adamant","evs":{"hp":68,"atk":252,"def":0,"spa":0,"spd":0,"spe":188},"gender":"N","level":100,"ivs":{"hp":31,"atk":31,"def":31,"spa":31,"spd":31,"spe":31}},{"name":"Starmie","species":"Starmie","item":"Leftovers","ability":"Natural Cure","moves":["Hydro Pump","Thunderbolt","Ice Beam","Psychic"],"nature":"Timid","evs":{"hp":4,"atk":0,"def":0,"spa":252,"spd":0,"spe":252},"gender":"N","ivs":{"hp":31,"atk":0,"def":31,"spa":31,"spd":31,"spe":31},"level":100}],"score":[1,0],"inputLog":[">version 372d05e49c92a79eecdf6c8dddb208bd1765c00f",">start {\"formatid\":\"gen3ou\",\"seed\":\"sodium,019bfc6677b0beaca3f4c64076e52be4\"}",">player p1 {\"name\":\"foultestchallenge1\",\"avatar\":\"266\",\"team\":\"Skarmory||Leftovers|KeenEye|Spikes,Roar,Toxic,Protect|Careful|252,,,,252,4|M|,0,,,,|||]Jolteon||Leftovers|VoltAbsorb|Thunderbolt,ThunderWave,HiddenPowerGrass,BatonPass|Timid|4,,,252,,252|M|,2,,30,,|||,Grass,,,,]Tyranitar||Leftovers|SandStream|FocusPunch,Earthquake,HiddenPowerBug,RockSlide|Adamant|252,252,4,,,|M|,,,,30,30|||,Bug,,,,]Gengar||Leftovers|Levitate|IcePunch,FirePunch,HiddenPowerGrass,Explosion|Hasty|40,,,252,,216|M|,30,,30,,|||,Grass,,,,]Metagross||ChoiceBand|ClearBody|MeteorMash,Earthquake,RockSlide,Explosion|Adamant|68,252,,,,188|N||||]Starmie||Leftovers|NaturalCure|HydroPump,Thunderbolt,IceBeam,Psychic|Timid|4,,,252,,252|N|,0,,,,|||\",\"rating\":0}",">player p2 {\"name\":\"foultestacceptor1\",\"avatar\":\"169\",\"team\":\"Skarmory||Leftovers|KeenEye|Spikes,Roar,Toxic,Protect|Careful|252,,,,252,4|F|,0,,,,|||]Jolteon||Leftovers|VoltAbsorb|Thunderbolt,ThunderWave,HiddenPowerGrass,BatonPass|Timid|4,,,252,,252|M|,2,,30,,|||,Grass,,,,]Tyranitar||Leftovers|SandStream|FocusPunch,Earthquake,HiddenPowerBug,RockSlide|Adamant|252,252,4,,,|F|,,,,30,30|||,Bug,,,,]Gengar||Leftovers|Levitate|IcePunch,FirePunch,HiddenPowerGrass,Explosion|Hasty|40,,,252,,216|F|,30,,30,,|||,Grass,,,,]Metagross||ChoiceBand|ClearBody|MeteorMash,Earthquake,RockSlide,Explosion|Adamant|68,252,,,,188|N||||]Starmie||Leftovers|NaturalCure|HydroPump,Thunderbolt,IceBeam,Psychic|Timid|4,,,252,,252|N|,0,,,,|||\",\"rating\":0}",">p1 move spikes",">p2 move spikes",">p1 switch 6",">p2 move spikes",">p1 move thunderbolt",">p2 move spikes",">p1 move thunderbolt",">p2 switch 4",">p1 move icebeam",">p2 switch 2",">p1 switch 2",">p2 move thunderbolt",">p1 move thunderwave",">p2 move thunderwave",">p1 move hiddenpower",">p2 move hiddenpower",">p1 move hiddenpower",">p2 move hiddenpower",">p1 move hiddenpower",">p2 move hiddenpower",">p2 switch 3",">p1 switch 6",">p2 move rockslide",">p1 move toxic",">p2 move focuspunch",">p1 move protect",">p2 move rockslide",">p1 switch 5",">p2 move focuspunch",">p1 move meteormash",">p2 switch 4",">p1 move meteormash",">p2 move protect",">p1 move meteormash",">p2 switch 5",">p1 move meteormash",">p2 move meteormash",">p1 switch 2",">p1 move icebeam",">p2 move meteormash",">p2 switch 6",">p1 move thunderbolt",">p2 move thunderbolt",">p1 switch 4",">p1 move icepunch",">p2 move psychic",">p1 switch 5",">p1 move protect",">p2 move hydropump",">p1 move protect",">p2 move thunderbolt",">p1 switch 6",">p2 move thunderbolt",">p1 move hiddenpower",">p2 move psychic",">p2 switch 2",">p1 move thunderbolt",">p2 move firepunch",">p1 switch 6",">p1 move protect",">p2 move firepunch",">p1 switch 3",">p2 move firepunch",">p1 move rockslide",">p2 move hiddenpower",">p2 switch 4",">p1 switch 3",">p2 move hiddenpower",">p1 move protect",">p2 move focuspunch",">p1 switch 3",">p2 move focuspunch",">p1 switch 3",">p1 move protect",">p2 switch 5",">p1 move spikes",">p2 move protect",">p1 move roar",">p2 move roar",">p1 move protect",">p2 move focuspunch",">p1 move protect",">p2 move focuspunch",">p2 switch 5",">p1 move spikes",">p2 move protect",">p1 move spikes",">p2 move roar",">p1 move roar",">p2 move roar",">p1 move roar",">p2 move roar",">p1 move spikes",">p2 move roar",">p1 move spikes",">p2 move roar",">p1 move toxic",">p2 move roar",">p1 move spikes",">p2 move roar",">p1 move toxic",">p2 move protect",">p1 move toxic",">p2 move roar",">p1 move spikes",">p2 move protect",">p1 move spikes",">p2 move roar",">p1 move toxic",">p2 move roar",">p1 move toxic",">p2 move roar",">p1 move spikes",">p2 move roar",">p1 move toxic",">p2 move roar",">p1 move spikes",">p2 move roar",">p1 move spikes",">p2 move protect",">p1 move spikes",">p2 move roar",">p1 move spikes",">p2 move roar",">p1 move spikes",">p2 move roar",">p1 move spikes",">p2 move roar",">p1 move spikes",">p2 move roar",">p1 move spikes",">p2 move roar",">p1 move spikes",">p2 move roar",">p1 move spikes",">p2 move roar",">p1 move spikes",">p2 move roar",">p1 move spikes",">p2 move protect",">p1 move spikes",">p2 move toxic",">p1 move roar",">p2 move toxic",">p1 move roar",">p2 move toxic",">p1 move roar",">p2 move spikes",">p1 move roar",">p2 move toxic",">p1 move roar",">p2 move spikes",">p1 move roar",">p2 move spikes",">p1 move roar",">p2 move toxic",">p1 move roar",">p2 move spikes",">p1 move roar",">p2 move spikes",">p1 move roar",">p2 move spikes",">p1 move roar",">p2 move spikes",">p1 move roar",">p2 move toxic",">p1 move roar",">p2 move spikes",">p1 move roar",">p2 move toxic",">p1 move roar",">p2 move spikes",">p1 move roar",">p2 move spikes",">p1 move roar",">p2 move spikes",">p1 move roar",">p2 move spikes",">p1 move roar",">p2 move spikes",">p1 move roar",">p2 move spikes",">p1 move toxic",">p2 move spikes",">p1 move protect",">p2 move spikes",">p1 move protect",">p2 move spikes",">p1 move protect",">p2 move spikes",">p1 move protect",">p2 move spikes",">p1 move protect",">p2 move spikes",">p1 move spikes",">p2 move spikes",">p1 move toxic",">p2 move spikes",">p1 move spikes",">p2 move toxic",">p1 move spikes",">p2 move protect",">p1 move spikes",">p2 move spikes",">p1 move spikes",">p2 move toxic",">p1 move toxic",">p2 move toxic",">p1 move toxic",">p2 move protect",">p1 move toxic",">p2 move protect",">p1 move toxic",">p2 move protect",">p1 move spikes",">p2 move spikes",">p1 move spikes",">p2 move toxic",">p1 move toxic",">p2 move spikes",">p1 move protect",">p2 move spikes",">p1 move protect",">p2 move toxic",">p1 move toxic",">p2 move spikes",">p1 move spikes",">p2 move spikes",">p1 move roar",">p2 move toxic",">p1 move roar",">p2 move protect",">p1 move roar",">p2 move protect",">p1 move protect",">p2 move protect",">p1 move toxic",">p2 move toxic",">p1 move spikes",">p2 move roar",">p1 move roar",">p2 move roar",">p1 move roar",">p2 move roar",">p1 move roar",">p2 move roar",">p1 move roar",">p2 move roar",">p1 move roar",">p2 move roar",">p1 move roar",">p2 move roar",">p1 move struggle",">p2 move toxic",">p1 move struggle",">p2 move spikes",">p1 move struggle",">p2 move roar",">p1 move struggle",">p2 move roar",">p1 move struggle",">p2 move toxic",">p1 move struggle",">p2 move protect",">p1 move struggle",">p2 move protect",">p1 move struggle",">p2 move struggle",">p1 move struggle",">p2 move struggle",">p1 move struggle",">p2 move struggle",">p1 move struggle",">p2 move struggle",">p1 move struggle",">p2 move struggle",">p1 move struggle",">p2 move struggle",">p1 move struggle",">p2 move struggle",">p1 move struggle",">p2 move struggle",">p1 move struggle",">p2 move struggle",">p1 move struggle",">p2 move struggle",">p1 move struggle",">p2 move struggle",">p1 move struggle",">p2 move struggle",">p1 move struggle",">p2 move struggle",">p1 move struggle",">p2 move struggle",">p1 move struggle",">p2 move struggle",">p1 move struggle",">p2 move struggle",">p1 move struggle",">p2 move struggle",">p1 move struggle",">p2 move struggle",">p1 move struggle",">p2 move struggle",">p1 move struggle",">p2 move struggle",">p1 move struggle",">p2 move struggle",">p1 move struggle",">p2 move struggle",">p1 move struggle",">p2 move struggle",">p1 move struggle",">p2 move struggle",">p1 move struggle",">p2 move struggle",">p1 move struggle",">p2 move struggle",">p1 move struggle",">p2 move struggle",">p1 move struggle",">p2 move struggle",">p1 move struggle",">p2 move struggle",">p1 move struggle",">p2 move struggle",">p1 move struggle",">p2 move struggle",">p1 move struggle",">p2 move struggle",">p1 move struggle",">p2 move struggle",">p1 move struggle",">p2 move struggle",">p1 move struggle",">p2 move struggle",">p1 move struggle",">p2 move struggle",">p1 move struggle",">p2 move struggle",">p1 move struggle",">p2 move struggle",">p1 move struggle",">p2 move struggle"],"log":["|j|☆foultestchallenge1","|j|☆foultestacceptor1","|t:|1752913561","|gametype|singles","|player|p1|foultestchallenge1|266|","|player|p2|foultestacceptor1|169|","|teamsize|p1|6","|teamsize|p2|6","|gen|3","|tier|[Gen 3] OU","|rule|Sleep Clause Mod: Limit one foe put to sleep","|rule|Switch Priority Clause Mod: Faster Pokémon switch first","|rule|Species Clause: Limit one of each Pokémon","|rule|OHKO Clause: OHKO moves are banned","|rule|Evasion Items Clause: Evasion items are banned","|rule|Evasion Moves Clause: Evasion moves are banned","|rule|Endless Battle Clause: Forcing endless battles is banned","|rule|HP Percentage Mod: HP is shown in percentages","|rule|One Boost Passer Clause: Limit one Baton Passer that has a way to boost its stats","|rule|Freeze Clause Mod: Limit one foe frozen","|","|t:|1752913561","|start","|switch|p1a: Skarmory|Skarmory, M|334/334","|switch|p2a: Skarmory|Skarmory, F|334/334","|turn|1","|inactive|Battle timer is ON: inactive players will automatically lose when time's up. (requested by foultestacceptor1)","|inactive|foultestchallenge1 also wants the timer to be on.","|","|t:|1752913566","|move|p2a: Skarmory|Spikes|p1a: Skarmory","|-sidestart|p1: foultestchallenge1|Spikes","|move|p1a: Skarmory|Spikes|p2a: Skarmory","|-sidestart|p2: foultestacceptor1|Spikes","|","|upkeep","|turn|2","||adding 10 for new turn","|","|t:|1752913571","|switch|p1a: Starmie|Starmie|262/262","|-damage|p1a: Starmie|230/262|[from] Spikes","|move|p2a: Skarmory|Spikes|p1a: Starmie","|-sidestart|p1: foultestchallenge1|Spikes","|","|-heal|p1a: Starmie|246/262|[from] item: Leftovers","|upkeep","|turn|3","||adding 10 for new turn","|","|t:|1752913577","|move|p1a: Starmie|Thunderbolt|p2a: Skarmory","|-supereffective|p2a: Skarmory","|-damage|p2a: Skarmory|167/334","|move|p2a: Skarmory|Spikes|p1a: Starmie","|-sidestart|p1: foultestchallenge1|Spikes","|","|-heal|p1a: Starmie|262/262|[from] item: Leftovers","|-heal|p2a: Skarmory|187/334|[from] item: Leftovers","|upkeep","|turn|4","||adding 10 for new turn","|j| thecrusher677","|","|t:|1752913582","|switch|p2a: Gengar|Gengar, F|271/271","|move|p1a: Starmie|Thunderbolt|p2a: Gengar","|-damage|p2a: Gengar|156/271","|","|-heal|p2a: Gengar|172/271|[from] item: Leftovers","|upkeep","|turn|5","||adding 10 for new turn","|","|t:|1752913588","|switch|p2a: Jolteon|Jolteon, M|272/272","|-damage|p2a: Jolteon|238/272|[from] Spikes","|move|p1a: Starmie|Ice Beam|p2a: Jolteon","|-damage|p2a: Jolteon|148/272","|","|-heal|p2a: Jolteon|165/272|[from] item: Leftovers","|upkeep","|turn|6","||adding 10 for new turn","|","|t:|1752913594","|switch|p1a: Jolteon|Jolteon, M|272/272","|-damage|p1a: Jolteon|204/272|[from] Spikes","|move|p2a: Jolteon|Thunderbolt|p1a: Jolteon","|-heal|p1a: Jolteon|272/272|[from] ability: Volt Absorb|[of] p2a: Jolteon","|","|-heal|p2a: Jolteon|182/272|[from] item: Leftovers","|upkeep","|turn|7","||adding 10 for new turn","|","|t:|1752913599","|move|p1a: Jolteon|Thunder Wave|p2a: Jolteon","|-status|p2a: Jolteon|par","|move|p2a: Jolteon|Thunder Wave|p1a: Jolteon","|-status|p1a: Jolteon|par","|","|-heal|p2a: Jolteon|199/272 par|[from] item: Leftovers","|upkeep","|turn|8","||adding 10 for new turn","|","|t:|1752913604","|move|p1a: Jolteon|Hidden Power|p2a: Jolteon","|-damage|p2a: Jolteon|117/272 par","|cant|p2a: Jolteon|par","|","|-heal|p2a: Jolteon|134/272 par|[from] item: Leftovers","|upkeep","|turn|9","||adding 10 for new turn","|","|t:|1752913610","|move|p2a: Jolteon|Hidden Power|p1a: Jolteon","|-damage|p1a: Jolteon|199/272 par","|move|p1a: Jolteon|Hidden Power|p2a: Jolteon","|-damage|p2a: Jolteon|56/272 par","|","|-heal|p1a: Jolteon|216/272 par|[from] item: Leftovers","|-heal|p2a: Jolteon|73/272 par|[from] item: Leftovers","|upkeep","|turn|10","||adding 10 for new turn","|","|t:|1752913613","|move|p1a: Jolteon|Hidden Power|p2a: Jolteon","|-damage|p2a: Jolteon|0 fnt","|faint|p2a: Jolteon","||adding 5 to each for mid turn request","|","|t:|1752913614","|switch|p2a: Tyranitar|Tyranitar, F|404/404","|-damage|p2a: Tyranitar|354/404|[from] Spikes","|-weather|Sandstorm|[from] ability: Sand Stream|[of] p2a: Tyranitar","|","|-weather|Sandstorm|[upkeep]","|-damage|p1a: Jolteon|199/272 par|[from] Sandstorm","|-heal|p2a: Tyranitar|379/404|[from] item: Leftovers","|-heal|p1a: Jolteon|216/272 par|[from] item: Leftovers","|upkeep","|turn|11","||adding 10 for new turn","|","|t:|1752913619","|switch|p1a: Skarmory|Skarmory, M|334/334","|move|p2a: Tyranitar|Rock Slide|p1a: Skarmory","|-damage|p1a: Skarmory|215/334","|","|-weather|Sandstorm|[upkeep]","|-heal|p1a: Skarmory|235/334|[from] item: Leftovers","|-heal|p2a: Tyranitar|404/404|[from] item: Leftovers","|upkeep","|turn|12","||adding 10 for new turn","|","|t:|1752913625","|-singleturn|p2a: Tyranitar|move: Focus Punch","|move|p1a: Skarmory|Toxic|p2a: Tyranitar","|-status|p2a: Tyranitar|tox","|move|p2a: Tyranitar|Focus Punch|p1a: Skarmory","|-damage|p1a: Skarmory|83/334","|","|-weather|Sandstorm|[upkeep]","|-heal|p1a: Skarmory|103/334|[from] item: Leftovers","|-damage|p2a: Tyranitar|379/404 tox|[from] psn","|upkeep","|turn|13","||adding 10 for new turn","|","|t:|1752913630","|move|p1a: Skarmory|Protect|p1a: Skarmory","|-singleturn|p1a: Skarmory|Protect","|move|p2a: Tyranitar|Rock Slide|p1a: Skarmory","|-activate|p1a: Skarmory|Protect","|","|-weather|Sandstorm|[upkeep]","|-heal|p1a: Skarmory|123/334|[from] item: Leftovers","|-heal|p2a: Tyranitar|404/404 tox|[from] item: Leftovers","|-damage|p2a: Tyranitar|354/404 tox|[from] psn","|upkeep","|turn|14","||adding 10 for new turn","|","|t:|1752913636","|-singleturn|p2a: Tyranitar|move: Focus Punch","|switch|p1a: Metagross|Metagross|318/318","|-damage|p1a: Metagross|239/318|[from] Spikes","|move|p2a: Tyranitar|Focus Punch|p1a: Metagross","|-damage|p1a: Metagross|79/318","|","|-weather|Sandstorm|[upkeep]","|-heal|p2a: Tyranitar|379/404 tox|[from] item: Leftovers","|-damage|p2a: Tyranitar|304/404 tox|[from] psn","|upkeep","|turn|15","||adding 10 for new turn","|","|t:|1752913641","|switch|p2a: Skarmory|Skarmory, F|187/334","|move|p1a: Metagross|Meteor Mash|p2a: Skarmory","|-resisted|p2a: Skarmory","|-damage|p2a: Skarmory|70/334","|","|-weather|Sandstorm|[upkeep]","|-heal|p2a: Skarmory|90/334|[from] item: Leftovers","|upkeep","|turn|16","||adding 10 for new turn","|","|t:|1752913647","|move|p2a: Skarmory|Protect|p2a: Skarmory","|-singleturn|p2a: Skarmory|Protect","|move|p1a: Metagross|Meteor Mash|p2a: Skarmory","|-activate|p2a: Skarmory|Protect","|","|-weather|Sandstorm|[upkeep]","|-heal|p2a: Skarmory|110/334|[from] item: Leftovers","|upkeep","|turn|17","||adding 10 for new turn","|","|t:|1752913652","|switch|p2a: Metagross|Metagross|318/318","|-damage|p2a: Metagross|279/318|[from] Spikes","|move|p1a: Metagross|Meteor Mash|p2a: Metagross","|-resisted|p2a: Metagross","|-damage|p2a: Metagross|157/318","|","|-weather|Sandstorm|[upkeep]","|upkeep","|turn|18","||adding 10 for new turn","|","|t:|1752913658","|move|p1a: Metagross|Meteor Mash|p2a: Metagross","|-resisted|p2a: Metagross","|-damage|p2a: Metagross|29/318","|move|p2a: Metagross|Meteor Mash|p1a: Metagross","|-resisted|p1a: Metagross","|-damage|p1a: Metagross|0 fnt","|faint|p1a: Metagross","||adding 5 to each for mid turn request","|","|t:|1752913663","|switch|p1a: Starmie|Starmie|262/262","|-damage|p1a: Starmie|197/262|[from] Spikes","|","|-weather|Sandstorm|[upkeep]","|-damage|p1a: Starmie|181/262|[from] Sandstorm","|-heal|p1a: Starmie|197/262|[from] item: Leftovers","|upkeep","|turn|19","||adding 10 for new turn","|","|t:|1752913668","|move|p1a: Starmie|Ice Beam|p2a: Metagross","|-resisted|p2a: Metagross","|-damage|p2a: Metagross|0 fnt","|faint|p2a: Metagross","||adding 5 to each for mid turn request","|","|t:|1752913669","|switch|p2a: Starmie|Starmie|262/262","|-damage|p2a: Starmie|230/262|[from] Spikes","|","|-weather|Sandstorm|[upkeep]","|-damage|p2a: Starmie|214/262|[from] Sandstorm","|-damage|p1a: Starmie|181/262|[from] Sandstorm","|-heal|p1a: Starmie|197/262|[from] item: Leftovers","|-heal|p2a: Starmie|230/262|[from] item: Leftovers","|upkeep","|turn|20","||adding 10 for new turn","|","|t:|1752913674","|move|p1a: Starmie|Thunderbolt|p2a: Starmie","|-supereffective|p2a: Starmie","|-damage|p2a: Starmie|32/262","|move|p2a: Starmie|Thunderbolt|p1a: Starmie","|-supereffective|p1a: Starmie","|-damage|p1a: Starmie|0 fnt","|faint|p1a: Starmie","||adding 5 to each for mid turn request","|","|t:|1752913680","|switch|p1a: Gengar|Gengar, M|271/271","|","|-weather|Sandstorm|[upkeep]","|-damage|p2a: Starmie|16/262|[from] Sandstorm","|-damage|p1a: Gengar|255/271|[from] Sandstorm","|-heal|p2a: Starmie|32/262|[from] item: Leftovers","|-heal|p1a: Gengar|271/271|[from] item: Leftovers","|upkeep","|turn|21","||adding 10 for new turn","|","|t:|1752913685","|move|p2a: Starmie|Psychic|p1a: Gengar","|-supereffective|p1a: Gengar","|-damage|p1a: Gengar|0 fnt","|faint|p1a: Gengar","||adding 5 to each for mid turn request","|","|t:|1752913690","|switch|p1a: Skarmory|Skarmory, M|123/334","|","|-weather|Sandstorm|[upkeep]","|-damage|p2a: Starmie|16/262|[from] Sandstorm","|-heal|p2a: Starmie|32/262|[from] item: Leftovers","|-heal|p1a: Skarmory|143/334|[from] item: Leftovers","|upkeep","|turn|22","||adding 10 for new turn","|","|t:|1752913696","|move|p1a: Skarmory|Protect|p1a: Skarmory","|-singleturn|p1a: Skarmory|Protect","|move|p2a: Starmie|Hydro Pump|p1a: Skarmory","|-activate|p1a: Skarmory|Protect","|","|-weather|Sandstorm|[upkeep]","|-damage|p2a: Starmie|16/262|[from] Sandstorm","|-heal|p2a: Starmie|32/262|[from] item: Leftovers","|-heal|p1a: Skarmory|163/334|[from] item: Leftovers","|upkeep","|turn|23","||adding 10 for new turn","|","|t:|1752913698","|move|p1a: Skarmory|Protect|p1a: Skarmory","|-singleturn|p1a: Skarmory|Protect","|move|p2a: Starmie|Thunderbolt|p1a: Skarmory","|-activate|p1a: Skarmory|Protect","|","|-weather|Sandstorm|[upkeep]","|-damage|p2a: Starmie|16/262|[from] Sandstorm","|-heal|p2a: Starmie|32/262|[from] item: Leftovers","|-heal|p1a: Skarmory|183/334|[from] item: Leftovers","|upkeep","|turn|24","||adding 10 for new turn","|","|t:|1752913701","|switch|p1a: Jolteon|Jolteon, M|216/272 par","|-damage|p1a: Jolteon|148/272 par|[from] Spikes","|move|p2a: Starmie|Thunderbolt|p1a: Jolteon","|-heal|p1a: Jolteon|216/272 par|[from] ability: Volt Absorb|[of] p2a: Starmie","|","|-weather|Sandstorm|[upkeep]","|-damage|p2a: Starmie|16/262|[from] Sandstorm","|-damage|p1a: Jolteon|199/272 par|[from] Sandstorm","|-heal|p2a: Starmie|32/262|[from] item: Leftovers","|-heal|p1a: Jolteon|216/272 par|[from] item: Leftovers","|upkeep","|turn|25","||adding 10 for new turn","|","|t:|1752913704","|move|p2a: Starmie|Psychic|p1a: Jolteon","|-damage|p1a: Jolteon|85/272 par","|move|p1a: Jolteon|Hidden Power|p2a: Starmie","|-supereffective|p2a: Starmie","|-damage|p2a: Starmie|0 fnt","|faint|p2a: Starmie","||adding 5 to each for mid turn request","|","|t:|1752913705","|switch|p2a: Gengar|Gengar, F|172/271","|","|-weather|Sandstorm|[upkeep]","|-damage|p2a: Gengar|156/271|[from] Sandstorm","|-damage|p1a: Jolteon|68/272 par|[from] Sandstorm","|-heal|p2a: Gengar|172/271|[from] item: Leftovers","|-heal|p1a: Jolteon|85/272 par|[from] item: Leftovers","|upkeep","|turn|26","||adding 10 for new turn","|","|t:|1752913710","|move|p2a: Gengar|Fire Punch|p1a: Jolteon","|-crit|p1a: Jolteon","|-damage|p1a: Jolteon|0 fnt","|faint|p1a: Jolteon","||adding 5 to each for mid turn request","|","|t:|1752913716","|switch|p1a: Skarmory|Skarmory, M|183/334","|","|-weather|Sandstorm|[upkeep]","|-damage|p2a: Gengar|156/271|[from] Sandstorm","|-heal|p2a: Gengar|172/271|[from] item: Leftovers","|-heal|p1a: Skarmory|203/334|[from] item: Leftovers","|upkeep","|turn|27","||adding 10 for new turn","|","|t:|1752913721","|move|p1a: Skarmory|Protect|p1a: Skarmory","|-singleturn|p1a: Skarmory|Protect","|move|p2a: Gengar|Fire Punch|p1a: Skarmory","|-activate|p1a: Skarmory|Protect","|","|-weather|Sandstorm|[upkeep]","|-damage|p2a: Gengar|156/271|[from] Sandstorm","|-heal|p2a: Gengar|172/271|[from] item: Leftovers","|-heal|p1a: Skarmory|223/334|[from] item: Leftovers","|upkeep","|turn|28","||adding 10 for new turn","|","|t:|1752913726","|switch|p1a: Tyranitar|Tyranitar, M|404/404","|-damage|p1a: Tyranitar|303/404|[from] Spikes","|move|p2a: Gengar|Fire Punch|p1a: Tyranitar","|-resisted|p1a: Tyranitar","|-damage|p1a: Tyranitar|257/404","|","|-weather|Sandstorm|[upkeep]","|-damage|p2a: Gengar|156/271|[from] Sandstorm","|-heal|p2a: Gengar|172/271|[from] item: Leftovers","|-heal|p1a: Tyranitar|282/404|[from] item: Leftovers","|upkeep","|turn|29","||adding 10 for new turn","|","|t:|1752913731","|move|p2a: Gengar|Hidden Power|p1a: Tyranitar","|-supereffective|p1a: Tyranitar","|-damage|p1a: Tyranitar|119/404","|move|p1a: Tyranitar|Rock Slide|p2a: Gengar","|-damage|p2a: Gengar|0 fnt","|faint|p2a: Gengar","||adding 5 to each for mid turn request","|","|t:|1752913732","|switch|p2a: Tyranitar|Tyranitar, F|304/404 tox","|-damage|p2a: Tyranitar|254/404 tox|[from] Spikes","|","|-weather|Sandstorm|[upkeep]","|-heal|p1a: Tyranitar|144/404|[from] item: Leftovers","|-heal|p2a: Tyranitar|279/404 tox|[from] item: Leftovers","|-damage|p2a: Tyranitar|254/404 tox|[from] psn","|upkeep","|turn|30","||adding 10 for new turn","|","|t:|1752913738","|switch|p1a: Skarmory|Skarmory, M|223/334","|move|p2a: Tyranitar|Hidden Power|p1a: Skarmory","|-resisted|p1a: Skarmory","|-damage|p1a: Skarmory|206/334","|","|-weather|Sandstorm|[upkeep]","|-heal|p1a: Skarmory|226/334|[from] item: Leftovers","|-heal|p2a: Tyranitar|279/404 tox|[from] item: Leftovers","|-damage|p2a: Tyranitar|229/404 tox|[from] psn","|upkeep","|turn|31","||adding 10 for new turn","|","|t:|1752913741","|-singleturn|p2a: Tyranitar|move: Focus Punch","|move|p1a: Skarmory|Protect|p1a: Skarmory","|-singleturn|p1a: Skarmory|Protect","|move|p2a: Tyranitar|Focus Punch|p1a: Skarmory","|-activate|p1a: Skarmory|Protect","|","|-weather|Sandstorm|[upkeep]","|-heal|p1a: Skarmory|246/334|[from] item: Leftovers","|-heal|p2a: Tyranitar|254/404 tox|[from] item: Leftovers","|-damage|p2a: Tyranitar|179/404 tox|[from] psn","|upkeep","|turn|32","||adding 10 for new turn","|","|t:|1752913743","|-singleturn|p2a: Tyranitar|move: Focus Punch","|switch|p1a: Tyranitar|Tyranitar, M|144/404","|-damage|p1a: Tyranitar|43/404|[from] Spikes","|move|p2a: Tyranitar|Focus Punch|p1a: Tyranitar","|-supereffective|p1a: Tyranitar","|-damage|p1a: Tyranitar|0 fnt","|faint|p1a: Tyranitar","||adding 5 to each for mid turn request","|","|t:|1752913746","|switch|p1a: Skarmory|Skarmory, M|246/334","|","|-weather|Sandstorm|[upkeep]","|-heal|p1a: Skarmory|266/334|[from] item: Leftovers","|-heal|p2a: Tyranitar|204/404 tox|[from] item: Leftovers","|-damage|p2a: Tyranitar|104/404 tox|[from] psn","|upkeep","|turn|33","||adding 10 for new turn","|","|t:|1752913749","|switch|p2a: Skarmory|Skarmory, F|110/334","|move|p1a: Skarmory|Protect||[still]","|-fail|p1a: Skarmory","|","|-weather|Sandstorm|[upkeep]","|-heal|p2a: Skarmory|130/334|[from] item: Leftovers","|-heal|p1a: Skarmory|286/334|[from] item: Leftovers","|upkeep","|turn|34","||adding 10 for new turn","|","|t:|1752913755","|move|p2a: Skarmory|Protect|p2a: Skarmory","|-singleturn|p2a: Skarmory|Protect","|move|p1a: Skarmory|Spikes|p2a: Skarmory","|-sidestart|p2: foultestacceptor1|Spikes","|","|-weather|Sandstorm|[upkeep]","|-heal|p2a: Skarmory|150/334|[from] item: Leftovers","|-heal|p1a: Skarmory|306/334|[from] item: Leftovers","|upkeep","|turn|35","||adding 10 for new turn","|","|t:|1752913760","|move|p1a: Skarmory|Roar|p2a: Skarmory","|drag|p2a: Tyranitar|Tyranitar, F|104/404 tox","|-damage|p2a: Tyranitar|37/404 tox|[from] Spikes","|","|-weather|Sandstorm|[upkeep]","|-heal|p1a: Skarmory|326/334|[from] item: Leftovers","|-heal|p2a: Tyranitar|62/404 tox|[from] item: Leftovers","|-damage|p2a: Tyranitar|37/404 tox|[from] psn","|upkeep","|turn|36","||adding 10 for new turn","|","|t:|1752913763","|-singleturn|p2a: Tyranitar|move: Focus Punch","|move|p1a: Skarmory|Protect|p1a: Skarmory","|-singleturn|p1a: Skarmory|Protect","|move|p2a: Tyranitar|Focus Punch|p1a: Skarmory","|-activate|p1a: Skarmory|Protect","|","|-weather|Sandstorm|[upkeep]","|-heal|p1a: Skarmory|334/334|[from] item: Leftovers","|-heal|p2a: Tyranitar|62/404 tox|[from] item: Leftovers","|-damage|p2a: Tyranitar|12/404 tox|[from] psn","|upkeep","|turn|37","||adding 10 for new turn","|","|t:|1752913766","|-singleturn|p2a: Tyranitar|move: Focus Punch","|move|p1a: Skarmory|Protect|p1a: Skarmory","|-singleturn|p1a: Skarmory|Protect","|move|p2a: Tyranitar|Focus Punch|p1a: Skarmory","|-activate|p1a: Skarmory|Protect","|","|-weather|Sandstorm|[upkeep]","|-heal|p2a: Tyranitar|37/404 tox|[from] item: Leftovers","|-damage|p2a: Tyranitar|0 fnt|[from] psn","|faint|p2a: Tyranitar","|upkeep","||adding 5 to each for mid turn request","|","|t:|1752913767","|switch|p2a: Skarmory|Skarmory, F|150/334","|turn|38","||adding 10 for new turn","|","|t:|1752913772","|move|p2a: Skarmory|Protect|p2a: Skarmory","|-singleturn|p2a: Skarmory|Protect","|move|p1a: Skarmory|Spikes|p2a: Skarmory","|-sidestart|p2: foultestacceptor1|Spikes","|","|-weather|Sandstorm|[upkeep]","|-heal|p2a: Skarmory|170/334|[from] item: Leftovers","|upkeep","|turn|39","||adding 10 for new turn","|","|t:|1752913777","|move|p1a: Skarmory|Spikes||[still]","|-fail|p1a: Skarmory","|move|p2a: Skarmory|Roar||[still]","|-fail|p2a: Skarmory","|","|-weather|Sandstorm|[upkeep]","|-heal|p2a: Skarmory|190/334|[from] item: Leftovers","|upkeep","|turn|40","||adding 10 for new turn","|","|t:|1752913780","|move|p2a: Skarmory|Roar||[still]","|-fail|p2a: Skarmory","|move|p1a: Skarmory|Roar||[still]","|-fail|p1a: Skarmory","|","|-weather|Sandstorm|[upkeep]","|-heal|p2a: Skarmory|210/334|[from] item: Leftovers","|upkeep","|turn|41","||adding 10 for new turn","|","|t:|1752913783","|move|p1a: Skarmory|Roar||[still]","|-fail|p1a: Skarmory","|move|p2a: Skarmory|Roar||[still]","|-fail|p2a: Skarmory","|","|-weather|Sandstorm|[upkeep]","|-heal|p2a: Skarmory|230/334|[from] item: Leftovers","|upkeep","|turn|42","||adding 10 for new turn","|","|t:|1752913786","|move|p1a: Skarmory|Spikes||[still]","|-fail|p1a: Skarmory","|move|p2a: Skarmory|Roar||[still]","|-fail|p2a: Skarmory","|","|-weather|Sandstorm|[upkeep]","|-heal|p2a: Skarmory|250/334|[from] item: Leftovers","|upkeep","|turn|43","||adding 10 for new turn","|","|t:|1752913789","|move|p1a: Skarmory|Spikes||[still]","|-fail|p1a: Skarmory","|move|p2a: Skarmory|Roar||[still]","|-fail|p2a: Skarmory","|","|-weather|Sandstorm|[upkeep]","|-heal|p2a: Skarmory|270/334|[from] item: Leftovers","|upkeep","|turn|44","||adding 10 for new turn","|","|t:|1752913792","|move|p1a: Skarmory|Toxic|p2a: Skarmory","|-immune|p2a: Skarmory","|move|p2a: Skarmory|Roar||[still]","|-fail|p2a: Skarmory","|","|-weather|Sandstorm|[upkeep]","|-heal|p2a: Skarmory|290/334|[from] item: Leftovers","|upkeep","|turn|45","||adding 10 for new turn","|","|t:|1752913795","|move|p1a: Skarmory|Spikes||[still]","|-fail|p1a: Skarmory","|move|p2a: Skarmory|Roar||[still]","|-fail|p2a: Skarmory","|","|-weather|Sandstorm|[upkeep]","|-heal|p2a: Skarmory|310/334|[from] item: Leftovers","|upkeep","|turn|46","||adding 10 for new turn","|","|t:|1752913799","|move|p2a: Skarmory|Protect|p2a: Skarmory","|-singleturn|p2a: Skarmory|Protect","|move|p1a: Skarmory|Toxic|p2a: Skarmory|[miss]","|-miss|p1a: Skarmory|p2a: Skarmory","|","|-weather|Sandstorm|[upkeep]","|-heal|p2a: Skarmory|330/334|[from] item: Leftovers","|upkeep","|turn|47","||adding 10 for new turn","|","|t:|1752913802","|move|p1a: Skarmory|Toxic|p2a: Skarmory","|-immune|p2a: Skarmory","|move|p2a: Skarmory|Roar||[still]","|-fail|p2a: Skarmory","|","|-weather|Sandstorm|[upkeep]","|-heal|p2a: Skarmory|334/334|[from] item: Leftovers","|upkeep","|turn|48","||adding 10 for new turn","|","|t:|1752913805","|move|p2a: Skarmory|Protect|p2a: Skarmory","|-singleturn|p2a: Skarmory|Protect","|move|p1a: Skarmory|Spikes||[still]","|-fail|p1a: Skarmory","|","|-weather|Sandstorm|[upkeep]","|upkeep","|turn|49","||adding 10 for new turn","|","|t:|1752913808","|move|p1a: Skarmory|Spikes||[still]","|-fail|p1a: Skarmory","|move|p2a: Skarmory|Roar||[still]","|-fail|p2a: Skarmory","|","|-weather|Sandstorm|[upkeep]","|upkeep","|turn|50","||adding 10 for new turn","|","|t:|1752913811","|move|p1a: Skarmory|Toxic|p2a: Skarmory","|-immune|p2a: Skarmory","|move|p2a: Skarmory|Roar||[still]","|-fail|p2a: Skarmory","|","|-weather|Sandstorm|[upkeep]","|upkeep","|turn|51","||adding 10 for new turn","|","|t:|1752913814","|move|p1a: Skarmory|Toxic|p2a: Skarmory","|-immune|p2a: Skarmory","|move|p2a: Skarmory|Roar||[still]","|-fail|p2a: Skarmory","|","|-weather|Sandstorm|[upkeep]","|upkeep","|turn|52","||adding 10 for new turn","|","|t:|1752913817","|move|p1a: Skarmory|Spikes||[still]","|-fail|p1a: Skarmory","|move|p2a: Skarmory|Roar||[still]","|-fail|p2a: Skarmory","|","|-weather|Sandstorm|[upkeep]","|upkeep","|turn|53","||adding 10 for new turn","|","|t:|1752913820","|move|p1a: Skarmory|Toxic|p2a: Skarmory","|-immune|p2a: Skarmory","|move|p2a: Skarmory|Roar||[still]","|-fail|p2a: Skarmory","|","|-weather|Sandstorm|[upkeep]","|upkeep","|turn|54","||adding 10 for new turn","|","|t:|1752913823","|move|p1a: Skarmory|Spikes||[still]","|-fail|p1a: Skarmory","|move|p2a: Skarmory|Roar||[still]","|-fail|p2a: Skarmory","|","|-weather|Sandstorm|[upkeep]","|upkeep","|turn|55","||adding 10 for new turn","|","|t:|1752913827","|move|p2a: Skarmory|Protect|p2a: Skarmory","|-singleturn|p2a: Skarmory|Protect","|move|p1a: Skarmory|Spikes||[still]","|-fail|p1a: Skarmory","|","|-weather|Sandstorm|[upkeep]","|upkeep","|turn|56","||adding 10 for new turn","|","|t:|1752913830","|move|p1a: Skarmory|Spikes||[still]","|-fail|p1a: Skarmory","|move|p2a: Skarmory|Roar||[still]","|-fail|p2a: Skarmory","|","|-weather|Sandstorm|[upkeep]","|upkeep","|turn|57","||adding 10 for new turn","|","|t:|1752913833","|move|p1a: Skarmory|Spikes||[still]","|-fail|p1a: Skarmory","|move|p2a: Skarmory|Roar||[still]","|-fail|p2a: Skarmory","|","|-weather|Sandstorm|[upkeep]","|upkeep","|turn|58","||adding 10 for new turn","|","|t:|1752913836","|move|p1a: Skarmory|Spikes||[still]","|-fail|p1a: Skarmory","|move|p2a: Skarmory|Roar||[still]","|-fail|p2a: Skarmory","|","|-weather|Sandstorm|[upkeep]","|upkeep","|turn|59","||adding 10 for new turn","|","|t:|1752913839","|move|p1a: Skarmory|Spikes||[still]","|-fail|p1a: Skarmory","|move|p2a: Skarmory|Roar||[still]","|-fail|p2a: Skarmory","|","|-weather|Sandstorm|[upkeep]","|upkeep","|turn|60","||adding 10 for new turn","|","|t:|1752913842","|move|p1a: Skarmory|Spikes||[still]","|-fail|p1a: Skarmory","|move|p2a: Skarmory|Roar||[still]","|-fail|p2a: Skarmory","|","|-weather|Sandstorm|[upkeep]","|upkeep","|turn|61","||adding 10 for new turn","|","|t:|1752913845","|move|p1a: Skarmory|Spikes||[still]","|-fail|p1a: Skarmory","|move|p2a: Skarmory|Roar||[still]","|-fail|p2a: Skarmory","|","|-weather|Sandstorm|[upkeep]","|upkeep","|turn|62","||adding 10 for new turn","|","|t:|1752913848","|move|p1a: Skarmory|Spikes||[still]","|-fail|p1a: Skarmory","|move|p2a: Skarmory|Roar||[still]","|-fail|p2a: Skarmory","|","|-weather|Sandstorm|[upkeep]","|upkeep","|turn|63","||adding 10 for new turn","|","|t:|1752913851","|move|p1a: Skarmory|Spikes||[still]","|-fail|p1a: Skarmory","|move|p2a: Skarmory|Roar||[still]","|-fail|p2a: Skarmory","|","|-weather|Sandstorm|[upkeep]","|upkeep","|turn|64","||adding 10 for new turn","|","|t:|1752913854","|move|p1a: Skarmory|Spikes||[still]","|-fail|p1a: Skarmory","|move|p2a: Skarmory|Roar||[still]","|-fail|p2a: Skarmory","|","|-weather|Sandstorm|[upkeep]","|upkeep","|turn|65","||adding 10 for new turn","|","|t:|1752913857","|move|p2a: Skarmory|Protect|p2a: Skarmory","|-singleturn|p2a: Skarmory|Protect","|move|p1a: Skarmory|Spikes||[still]","|-fail|p1a: Skarmory","|","|-weather|Sandstorm|[upkeep]","|upkeep","|turn|66","||adding 10 for new turn","|","|t:|1752913860","|move|p1a: Skarmory|Spikes||[still]","|-fail|p1a: Skarmory","|move|p2a: Skarmory|Toxic|p1a: Skarmory","|-immune|p1a: Skarmory","|","|-weather|Sandstorm|[upkeep]","|upkeep","|turn|67","||adding 10 for new turn","|","|t:|1752913863","|move|p2a: Skarmory|Toxic|p1a: Skarmory","|-immune|p1a: Skarmory","|move|p1a: Skarmory|Roar||[still]","|-fail|p1a: Skarmory","|","|-weather|Sandstorm|[upkeep]","|upkeep","|turn|68","||adding 10 for new turn","|","|t:|1752913866","|move|p2a: Skarmory|Toxic|p1a: Skarmory","|-immune|p1a: Skarmory","|move|p1a: Skarmory|Roar||[still]","|-fail|p1a: Skarmory","|","|-weather|Sandstorm|[upkeep]","|upkeep","|turn|69","||adding 10 for new turn","|","|t:|1752913870","|move|p2a: Skarmory|Spikes||[still]","|-fail|p2a: Skarmory","|move|p1a: Skarmory|Roar||[still]","|-fail|p1a: Skarmory","|","|-weather|Sandstorm|[upkeep]","|upkeep","|turn|70","||adding 10 for new turn","|","|t:|1752913873","|move|p2a: Skarmory|Toxic|p1a: Skarmory|[miss]","|-miss|p2a: Skarmory|p1a: Skarmory","|move|p1a: Skarmory|Roar||[still]","|-fail|p1a: Skarmory","|","|-weather|Sandstorm|[upkeep]","|upkeep","|turn|71","||adding 10 for new turn","|","|t:|1752913876","|move|p2a: Skarmory|Spikes||[still]","|-fail|p2a: Skarmory","|move|p1a: Skarmory|Roar||[still]","|-fail|p1a: Skarmory","|","|-weather|Sandstorm|[upkeep]","|upkeep","|turn|72","||adding 10 for new turn","|","|t:|1752913879","|move|p2a: Skarmory|Spikes||[still]","|-fail|p2a: Skarmory","|move|p1a: Skarmory|Roar||[still]","|-fail|p1a: Skarmory","|","|-weather|Sandstorm|[upkeep]","|upkeep","|turn|73","||adding 10 for new turn","|","|t:|1752913882","|move|p2a: Skarmory|Toxic|p1a: Skarmory","|-immune|p1a: Skarmory","|move|p1a: Skarmory|Roar||[still]","|-fail|p1a: Skarmory","|","|-weather|Sandstorm|[upkeep]","|upkeep","|turn|74","||adding 10 for new turn","|","|t:|1752913885","|move|p2a: Skarmory|Spikes||[still]","|-fail|p2a: Skarmory","|move|p1a: Skarmory|Roar||[still]","|-fail|p1a: Skarmory","|","|-weather|Sandstorm|[upkeep]","|upkeep","|turn|75","||adding 10 for new turn","|","|t:|1752913888","|move|p2a: Skarmory|Spikes||[still]","|-fail|p2a: Skarmory","|move|p1a: Skarmory|Roar||[still]","|-fail|p1a: Skarmory","|","|-weather|Sandstorm|[upkeep]","|upkeep","|turn|76","||adding 10 for new turn","|","|t:|1752913891","|move|p2a: Skarmory|Spikes||[still]","|-fail|p2a: Skarmory","|move|p1a: Skarmory|Roar||[still]","|-fail|p1a: Skarmory","|","|-weather|Sandstorm|[upkeep]","|upkeep","|turn|77","||adding 10 for new turn","|","|t:|1752913894","|move|p2a: Skarmory|Spikes||[still]","|-fail|p2a: Skarmory","|move|p1a: Skarmory|Roar||[still]","|-fail|p1a: Skarmory","|","|-weather|Sandstorm|[upkeep]","|upkeep","|turn|78","||adding 10 for new turn","|","|t:|1752913897","|move|p2a: Skarmory|Toxic|p1a: Skarmory","|-immune|p1a: Skarmory","|move|p1a: Skarmory|Roar||[still]","|-fail|p1a: Skarmory","|","|-weather|Sandstorm|[upkeep]","|upkeep","|turn|79","||adding 10 for new turn","|","|t:|1752913900","|move|p2a: Skarmory|Spikes||[still]","|-fail|p2a: Skarmory","|move|p1a: Skarmory|Roar||[still]","|-fail|p1a: Skarmory","|","|-weather|Sandstorm|[upkeep]","|upkeep","|turn|80","||adding 10 for new turn","|","|t:|1752913903","|move|p2a: Skarmory|Toxic|p1a: Skarmory","|-immune|p1a: Skarmory","|move|p1a: Skarmory|Roar||[still]","|-fail|p1a: Skarmory","|","|-weather|Sandstorm|[upkeep]","|upkeep","|turn|81","||adding 10 for new turn","|","|t:|1752913906","|move|p2a: Skarmory|Spikes||[still]","|-fail|p2a: Skarmory","|move|p1a: Skarmory|Roar||[still]","|-fail|p1a: Skarmory","|","|-weather|Sandstorm|[upkeep]","|upkeep","|turn|82","||adding 10 for new turn","|","|t:|1752913909","|move|p2a: Skarmory|Spikes||[still]","|-fail|p2a: Skarmory","|move|p1a: Skarmory|Roar||[still]","|-fail|p1a: Skarmory","|","|-weather|Sandstorm|[upkeep]","|upkeep","|turn|83","||adding 10 for new turn","|","|t:|1752913912","|move|p2a: Skarmory|Spikes||[still]","|-fail|p2a: Skarmory","|move|p1a: Skarmory|Roar||[still]","|-fail|p1a: Skarmory","|","|-weather|Sandstorm|[upkeep]","|upkeep","|turn|84","||adding 10 for new turn","|","|t:|1752913915","|move|p2a: Skarmory|Spikes||[still]","|-fail|p2a: Skarmory","|move|p1a: Skarmory|Roar||[still]","|-fail|p1a: Skarmory","|","|-weather|Sandstorm|[upkeep]","|upkeep","|turn|85","||adding 10 for new turn","|","|t:|1752913918","|move|p2a: Skarmory|Spikes||[still]","|-fail|p2a: Skarmory","|move|p1a: Skarmory|Roar||[still]","|-fail|p1a: Skarmory","|","|-weather|Sandstorm|[upkeep]","|upkeep","|turn|86","||adding 10 for new turn","|","|t:|1752913921","|move|p2a: Skarmory|Spikes||[still]","|-fail|p2a: Skarmory","|move|p1a: Skarmory|Roar||[still]","|-fail|p1a: Skarmory","|","|-weather|Sandstorm|[upkeep]","|upkeep","|turn|87","||adding 10 for new turn","|","|t:|1752913925","|move|p1a: Skarmory|Toxic|p2a: Skarmory","|-immune|p2a: Skarmory","|move|p2a: Skarmory|Spikes||[still]","|-fail|p2a: Skarmory","|","|-weather|Sandstorm|[upkeep]","|upkeep","|turn|88","||adding 10 for new turn","|","|t:|1752913928","|move|p1a: Skarmory|Protect|p1a: Skarmory","|-singleturn|p1a: Skarmory|Protect","|move|p2a: Skarmory|Spikes||[still]","|-fail|p2a: Skarmory","|","|-weather|Sandstorm|[upkeep]","|upkeep","|turn|89","||adding 10 for new turn","|","|t:|1752913931","|move|p1a: Skarmory|Protect|p1a: Skarmory","|-singleturn|p1a: Skarmory|Protect","|move|p2a: Skarmory|Spikes||[still]","|-fail|p2a: Skarmory","|","|-weather|Sandstorm|[upkeep]","|upkeep","|turn|90","||adding 10 for new turn","|","|t:|1752913934","|move|p1a: Skarmory|Protect||[still]","|-fail|p1a: Skarmory","|move|p2a: Skarmory|Spikes||[still]","|-fail|p2a: Skarmory","|","|-weather|Sandstorm|[upkeep]","|upkeep","|turn|91","||adding 10 for new turn","|","|t:|1752913937","|move|p1a: Skarmory|Protect|p1a: Skarmory","|-singleturn|p1a: Skarmory|Protect","|move|p2a: Skarmory|Spikes||[still]","|-fail|p2a: Skarmory","|","|-weather|Sandstorm|[upkeep]","|upkeep","|turn|92","||adding 10 for new turn","|","|t:|1752913940","|move|p1a: Skarmory|Protect||[still]","|-fail|p1a: Skarmory","|move|p2a: Skarmory|Spikes||[still]","|-fail|p2a: Skarmory","|","|-weather|Sandstorm|[upkeep]","|upkeep","|turn|93","||adding 10 for new turn","|","|t:|1752913943","|move|p1a: Skarmory|Spikes||[still]","|-fail|p1a: Skarmory","|move|p2a: Skarmory|Spikes||[still]","|-fail|p2a: Skarmory","|","|-weather|Sandstorm|[upkeep]","|upkeep","|turn|94","||adding 10 for new turn","|","|t:|1752913946","|move|p2a: Skarmory|Spikes||[still]","|-fail|p2a: Skarmory","|move|p1a: Skarmory|Toxic|p2a: Skarmory","|-immune|p2a: Skarmory","|","|-weather|Sandstorm|[upkeep]","|upkeep","|turn|95","||adding 10 for new turn","|","|t:|1752913949","|move|p1a: Skarmory|Spikes||[still]","|-fail|p1a: Skarmory","|move|p2a: Skarmory|Toxic|p1a: Skarmory","|-immune|p1a: Skarmory","|","|-weather|Sandstorm|[upkeep]","|upkeep","|turn|96","||adding 10 for new turn","|","|t:|1752913952","|move|p2a: Skarmory|Protect|p2a: Skarmory","|-singleturn|p2a: Skarmory|Protect","|move|p1a: Skarmory|Spikes||[still]","|-fail|p1a: Skarmory","|","|-weather|Sandstorm|[upkeep]","|upkeep","|turn|97","||adding 10 for new turn","|","|t:|1752913955","|move|p2a: Skarmory|Spikes||[still]","|-fail|p2a: Skarmory","|move|p1a: Skarmory|Spikes||[still]","|-fail|p1a: Skarmory","|","|-weather|Sandstorm|[upkeep]","|upkeep","|turn|98","||adding 10 for new turn","|","|t:|1752913958","|move|p1a: Skarmory|Spikes||[still]","|-fail|p1a: Skarmory","|move|p2a: Skarmory|Toxic|p1a: Skarmory","|-immune|p1a: Skarmory","|","|-weather|Sandstorm|[upkeep]","|upkeep","|turn|99","||adding 10 for new turn","|","|t:|1752913961","|move|p1a: Skarmory|Toxic|p2a: Skarmory","|-immune|p2a: Skarmory","|move|p2a: Skarmory|Toxic|p1a: Skarmory","|-immune|p1a: Skarmory","|","|-weather|Sandstorm|[upkeep]","|upkeep","|turn|100","||adding 10 for new turn","|","|t:|1752913964","|move|p2a: Skarmory|Protect|p2a: Skarmory","|-singleturn|p2a: Skarmory|Protect","|move|p1a: Skarmory|Toxic|p2a: Skarmory","|-activate|p2a: Skarmory|Protect","|","|-weather|Sandstorm|[upkeep]","|upkeep","|turn|101","||adding 10 for new turn","|","|t:|1752913967","|move|p2a: Skarmory|Protect|p2a: Skarmory","|-singleturn|p2a: Skarmory|Protect","|move|p1a: Skarmory|Toxic|p2a: Skarmory","|-activate|p2a: Skarmory|Protect","|","|-weather|Sandstorm|[upkeep]","|upkeep","|turn|102","||adding 10 for new turn","|","|t:|1752913970","|move|p2a: Skarmory|Protect||[still]","|-fail|p2a: Skarmory","|move|p1a: Skarmory|Toxic|p2a: Skarmory","|-immune|p2a: Skarmory","|","|-weather|Sandstorm|[upkeep]","|upkeep","|turn|103","||adding 10 for new turn","|","|t:|1752913973","|move|p1a: Skarmory|Spikes||[still]","|-fail|p1a: Skarmory","|move|p2a: Skarmory|Spikes||[still]","|-fail|p2a: Skarmory","|","|-weather|Sandstorm|[upkeep]","|upkeep","|turn|104","||adding 10 for new turn","|","|t:|1752913976","|move|p1a: Skarmory|Spikes||[still]","|-fail|p1a: Skarmory","|move|p2a: Skarmory|Toxic|p1a: Skarmory","|-immune|p1a: Skarmory","|","|-weather|Sandstorm|[upkeep]","|upkeep","|turn|105","||adding 10 for new turn","|","|t:|1752913979","|move|p2a: Skarmory|Spikes||[still]","|-fail|p2a: Skarmory","|move|p1a: Skarmory|Toxic|p2a: Skarmory","|-immune|p2a: Skarmory","|","|-weather|Sandstorm|[upkeep]","|upkeep","|turn|106","||adding 10 for new turn","|","|t:|1752913983","|move|p1a: Skarmory|Protect|p1a: Skarmory","|-singleturn|p1a: Skarmory|Protect","|move|p2a: Skarmory|Spikes||[still]","|-fail|p2a: Skarmory","|","|-weather|Sandstorm|[upkeep]","|upkeep","|turn|107","||adding 10 for new turn","|","|t:|1752913986","|move|p1a: Skarmory|Protect|p1a: Skarmory","|-singleturn|p1a: Skarmory|Protect","|move|p2a: Skarmory|Toxic|p1a: Skarmory|[miss]","|-miss|p2a: Skarmory|p1a: Skarmory","|","|-weather|Sandstorm|[upkeep]","|upkeep","|turn|108","||adding 10 for new turn","|","|t:|1752913989","|move|p2a: Skarmory|Spikes||[still]","|-fail|p2a: Skarmory","|move|p1a: Skarmory|Toxic|p2a: Skarmory","|-immune|p2a: Skarmory","|","|-weather|Sandstorm|[upkeep]","|upkeep","|turn|109","||adding 10 for new turn","|","|t:|1752913991","|move|p1a: Skarmory|Spikes||[still]","|-fail|p1a: Skarmory","|move|p2a: Skarmory|Spikes||[still]","|-fail|p2a: Skarmory","|","|-weather|Sandstorm|[upkeep]","|upkeep","|turn|110","||adding 10 for new turn","|","|t:|1752913994","|move|p2a: Skarmory|Toxic|p1a: Skarmory","|-immune|p1a: Skarmory","|move|p1a: Skarmory|Roar||[still]","|-fail|p1a: Skarmory","|","|-weather|Sandstorm|[upkeep]","|upkeep","|turn|111","||adding 10 for new turn","|","|t:|1752913997","|move|p2a: Skarmory|Protect|p2a: Skarmory","|-singleturn|p2a: Skarmory|Protect","|move|p1a: Skarmory|Roar|p2a: Skarmory","|-activate|p2a: Skarmory|Protect","|","|-weather|Sandstorm|[upkeep]","|upkeep","|turn|112","||adding 10 for new turn","|","|t:|1752914000","|move|p2a: Skarmory|Protect|p2a: Skarmory","|-singleturn|p2a: Skarmory|Protect","|move|p1a: Skarmory|Roar|p2a: Skarmory","|-activate|p2a: Skarmory|Protect","|","|-weather|Sandstorm|[upkeep]","|upkeep","|turn|113","||adding 10 for new turn","|","|t:|1752914003","|move|p1a: Skarmory|Protect|p1a: Skarmory","|-singleturn|p1a: Skarmory|Protect","|move|p2a: Skarmory|Protect||[still]","|-fail|p2a: Skarmory","|","|-weather|Sandstorm|[upkeep]","|upkeep","|turn|114","||adding 10 for new turn","|","|t:|1752914006","|move|p1a: Skarmory|Toxic|p2a: Skarmory","|-immune|p2a: Skarmory","|move|p2a: Skarmory|Toxic|p1a: Skarmory","|-immune|p1a: Skarmory","|","|-weather|Sandstorm|[upkeep]","|upkeep","|turn|115","||adding 10 for new turn","|","|t:|1752914009","|move|p1a: Skarmory|Spikes||[still]","|-fail|p1a: Skarmory","|move|p2a: Skarmory|Roar||[still]","|-fail|p2a: Skarmory","|","|-weather|Sandstorm|[upkeep]","|upkeep","|turn|116","||adding 10 for new turn","|","|t:|1752914012","|move|p2a: Skarmory|Roar||[still]","|-fail|p2a: Skarmory","|move|p1a: Skarmory|Roar||[still]","|-fail|p1a: Skarmory","|","|-weather|Sandstorm|[upkeep]","|upkeep","|turn|117","||adding 10 for new turn","|","|t:|1752914015","|move|p1a: Skarmory|Roar||[still]","|-fail|p1a: Skarmory","|move|p2a: Skarmory|Roar||[still]","|-fail|p2a: Skarmory","|","|-weather|Sandstorm|[upkeep]","|upkeep","|turn|118","||adding 10 for new turn","|","|t:|1752914018","|move|p2a: Skarmory|Roar||[still]","|-fail|p2a: Skarmory","|move|p1a: Skarmory|Roar||[still]","|-fail|p1a: Skarmory","|","|-weather|Sandstorm|[upkeep]","|upkeep","|turn|119","||adding 10 for new turn","|","|t:|1752914021","|move|p1a: Skarmory|Roar||[still]","|-fail|p1a: Skarmory","|move|p2a: Skarmory|Roar||[still]","|-fail|p2a: Skarmory","|","|-weather|Sandstorm|[upkeep]","|upkeep","|turn|120","||adding 10 for new turn","|","|t:|1752914023","|move|p2a: Skarmory|Roar||[still]","|-fail|p2a: Skarmory","|move|p1a: Skarmory|Roar||[still]","|-fail|p1a: Skarmory","|","|-weather|Sandstorm|[upkeep]","|upkeep","|turn|121","||adding 10 for new turn","|","|t:|1752914026","|move|p2a: Skarmory|Roar||[still]","|-fail|p2a: Skarmory","|move|p1a: Skarmory|Roar||[still]","|-fail|p1a: Skarmory","|","|-weather|Sandstorm|[upkeep]","|upkeep","|turn|122","||adding 10 for new turn","|","|t:|1752914029","|move|p2a: Skarmory|Toxic|p1a: Skarmory","|-immune|p1a: Skarmory","|move|p1a: Skarmory|Struggle|p2a: Skarmory","|-damage|p2a: Skarmory|312/334","|-damage|p1a: Skarmory|329/334|[from] Recoil|[of] p2a: Skarmory","|","|-weather|Sandstorm|[upkeep]","|-heal|p1a: Skarmory|334/334|[from] item: Leftovers","|-heal|p2a: Skarmory|332/334|[from] item: Leftovers","|upkeep","|turn|123","||adding 10 for new turn","|","|t:|1752914031","|move|p1a: Skarmory|Struggle|p2a: Skarmory","|-crit|p2a: Skarmory","|-damage|p2a: Skarmory|292/334","|-damage|p1a: Skarmory|324/334|[from] Recoil|[of] p2a: Skarmory","|move|p2a: Skarmory|Spikes||[still]","|-fail|p2a: Skarmory","|","|-weather|Sandstorm|[upkeep]","|-heal|p2a: Skarmory|312/334|[from] item: Leftovers","|-heal|p1a: Skarmory|334/334|[from] item: Leftovers","|upkeep","|turn|124","||adding 10 for new turn","|","|t:|1752914034","|move|p1a: Skarmory|Struggle|p2a: Skarmory","|-damage|p2a: Skarmory|293/334","|-damage|p1a: Skarmory|330/334|[from] Recoil|[of] p2a: Skarmory","|move|p2a: Skarmory|Roar||[still]","|-fail|p2a: Skarmory","|","|-weather|Sandstorm|[upkeep]","|-heal|p2a: Skarmory|313/334|[from] item: Leftovers","|-heal|p1a: Skarmory|334/334|[from] item: Leftovers","|upkeep","|turn|125","||adding 10 for new turn","|","|t:|1752914036","|move|p1a: Skarmory|Struggle|p2a: Skarmory","|-damage|p2a: Skarmory|291/334","|-damage|p1a: Skarmory|329/334|[from] Recoil|[of] p2a: Skarmory","|move|p2a: Skarmory|Roar||[still]","|-fail|p2a: Skarmory","|","|-weather|Sandstorm|[upkeep]","|-heal|p2a: Skarmory|311/334|[from] item: Leftovers","|-heal|p1a: Skarmory|334/334|[from] item: Leftovers","|upkeep","|turn|126","||adding 10 for new turn","|","|t:|1752914039","|move|p1a: Skarmory|Struggle|p2a: Skarmory","|-damage|p2a: Skarmory|289/334","|-damage|p1a: Skarmory|329/334|[from] Recoil|[of] p2a: Skarmory","|move|p2a: Skarmory|Toxic|p1a: Skarmory","|-immune|p1a: Skarmory","|","|-weather|Sandstorm|[upkeep]","|-heal|p2a: Skarmory|309/334|[from] item: Leftovers","|-heal|p1a: Skarmory|334/334|[from] item: Leftovers","|upkeep","|turn|127","||adding 10 for new turn","|","|t:|1752914042","|move|p2a: Skarmory|Protect|p2a: Skarmory","|-singleturn|p2a: Skarmory|Protect","|move|p1a: Skarmory|Struggle|p2a: Skarmory","|-activate|p2a: Skarmory|Protect","|","|-weather|Sandstorm|[upkeep]","|-heal|p2a: Skarmory|329/334|[from] item: Leftovers","|upkeep","|turn|128","||adding 10 for new turn","|","|t:|1752914045","|move|p2a: Skarmory|Protect|p2a: Skarmory","|-singleturn|p2a: Skarmory|Protect","|move|p1a: Skarmory|Struggle|p2a: Skarmory","|-activate|p2a: Skarmory|Protect","|","|-weather|Sandstorm|[upkeep]","|-heal|p2a: Skarmory|334/334|[from] item: Leftovers","|upkeep","|turn|129","||adding 10 for new turn","|","|t:|1752914047","|move|p2a: Skarmory|Struggle|p1a: Skarmory","|-damage|p1a: Skarmory|311/334","|-damage|p2a: Skarmory|329/334|[from] Recoil|[of] p1a: Skarmory","|move|p1a: Skarmory|Struggle|p2a: Skarmory","|-damage|p2a: Skarmory|309/334","|-damage|p1a: Skarmory|306/334|[from] Recoil|[of] p2a: Skarmory","|","|-weather|Sandstorm|[upkeep]","|-heal|p1a: Skarmory|326/334|[from] item: Leftovers","|-heal|p2a: Skarmory|329/334|[from] item: Leftovers","|upkeep","|turn|130","||adding 10 for new turn","|","|t:|1752914050","|move|p2a: Skarmory|Struggle|p1a: Skarmory","|-damage|p1a: Skarmory|306/334","|-damage|p2a: Skarmory|324/334|[from] Recoil|[of] p1a: Skarmory","|move|p1a: Skarmory|Struggle|p2a: Skarmory","|-damage|p2a: Skarmory|303/334","|-damage|p1a: Skarmory|301/334|[from] Recoil|[of] p2a: Skarmory","|","|-weather|Sandstorm|[upkeep]","|-heal|p2a: Skarmory|323/334|[from] item: Leftovers","|-heal|p1a: Skarmory|321/334|[from] item: Leftovers","|upkeep","|turn|131","||adding 10 for new turn","|","|t:|1752914052","|move|p2a: Skarmory|Struggle|p1a: Skarmory","|-damage|p1a: Skarmory|298/334","|-damage|p2a: Skarmory|318/334|[from] Recoil|[of] p1a: Skarmory","|move|p1a: Skarmory|Struggle|p2a: Skarmory","|-damage|p2a: Skarmory|298/334","|-damage|p1a: Skarmory|293/334|[from] Recoil|[of] p2a: Skarmory","|","|-weather|Sandstorm|[upkeep]","|-heal|p2a: Skarmory|318/334|[from] item: Leftovers","|-heal|p1a: Skarmory|313/334|[from] item: Leftovers","|upkeep","|turn|132","||adding 10 for new turn","|","|t:|1752914055","|move|p2a: Skarmory|Struggle|p1a: Skarmory","|-damage|p1a: Skarmory|292/334","|-damage|p2a: Skarmory|313/334|[from] Recoil|[of] p1a: Skarmory","|move|p1a: Skarmory|Struggle|p2a: Skarmory","|-crit|p2a: Skarmory","|-damage|p2a: Skarmory|269/334","|-damage|p1a: Skarmory|281/334|[from] Recoil|[of] p2a: Skarmory","|","|-weather|Sandstorm|[upkeep]","|-heal|p2a: Skarmory|289/334|[from] item: Leftovers","|-heal|p1a: Skarmory|301/334|[from] item: Leftovers","|upkeep","|turn|133","||adding 10 for new turn","|","|t:|1752914058","|move|p1a: Skarmory|Struggle|p2a: Skarmory","|-damage|p2a: Skarmory|270/334","|-damage|p1a: Skarmory|297/334|[from] Recoil|[of] p2a: Skarmory","|move|p2a: Skarmory|Struggle|p1a: Skarmory","|-damage|p1a: Skarmory|275/334","|-damage|p2a: Skarmory|265/334|[from] Recoil|[of] p1a: Skarmory","|","|-weather|Sandstorm|[upkeep]","|-heal|p1a: Skarmory|295/334|[from] item: Leftovers","|-heal|p2a: Skarmory|285/334|[from] item: Leftovers","|upkeep","|turn|134","||adding 10 for new turn","|","|t:|1752914061","|move|p2a: Skarmory|Struggle|p1a: Skarmory","|-damage|p1a: Skarmory|275/334","|-damage|p2a: Skarmory|280/334|[from] Recoil|[of] p1a: Skarmory","|move|p1a: Skarmory|Struggle|p2a: Skarmory","|-damage|p2a: Skarmory|258/334","|-damage|p1a: Skarmory|270/334|[from] Recoil|[of] p2a: Skarmory","|","|-weather|Sandstorm|[upkeep]","|-heal|p1a: Skarmory|290/334|[from] item: Leftovers","|-heal|p2a: Skarmory|278/334|[from] item: Leftovers","|upkeep","|turn|135","||adding 10 for new turn","|","|t:|1752914063","|move|p2a: Skarmory|Struggle|p1a: Skarmory","|-damage|p1a: Skarmory|269/334","|-damage|p2a: Skarmory|273/334|[from] Recoil|[of] p1a: Skarmory","|move|p1a: Skarmory|Struggle|p2a: Skarmory","|-damage|p2a: Skarmory|251/334","|-damage|p1a: Skarmory|264/334|[from] Recoil|[of] p2a: Skarmory","|","|-weather|Sandstorm|[upkeep]","|-heal|p1a: Skarmory|284/334|[from] item: Leftovers","|-heal|p2a: Skarmory|271/334|[from] item: Leftovers","|upkeep","|turn|136","||adding 10 for new turn","|","|t:|1752914066","|move|p1a: Skarmory|Struggle|p2a: Skarmory","|-damage|p2a: Skarmory|249/334","|-damage|p1a: Skarmory|279/334|[from] Recoil|[of] p2a: Skarmory","|move|p2a: Skarmory|Struggle|p1a: Skarmory","|-damage|p1a: Skarmory|257/334","|-damage|p2a: Skarmory|244/334|[from] Recoil|[of] p1a: Skarmory","|","|-weather|Sandstorm|[upkeep]","|-heal|p2a: Skarmory|264/334|[from] item: Leftovers","|-heal|p1a: Skarmory|277/334|[from] item: Leftovers","|upkeep","|turn|137","||adding 10 for new turn","|","|t:|1752914068","|move|p1a: Skarmory|Struggle|p2a: Skarmory","|-crit|p2a: Skarmory","|-damage|p2a: Skarmory|218/334","|-damage|p1a: Skarmory|266/334|[from] Recoil|[of] p2a: Skarmory","|move|p2a: Skarmory|Struggle|p1a: Skarmory","|-damage|p1a: Skarmory|244/334","|-damage|p2a: Skarmory|213/334|[from] Recoil|[of] p1a: Skarmory","|","|-weather|Sandstorm|[upkeep]","|-heal|p1a: Skarmory|264/334|[from] item: Leftovers","|-heal|p2a: Skarmory|233/334|[from] item: Leftovers","|upkeep","|turn|138","||adding 10 for new turn","|","|t:|1752914071","|move|p1a: Skarmory|Struggle|p2a: Skarmory","|-damage|p2a: Skarmory|211/334","|-damage|p1a: Skarmory|259/334|[from] Recoil|[of] p2a: Skarmory","|move|p2a: Skarmory|Struggle|p1a: Skarmory","|-damage|p1a: Skarmory|238/334","|-damage|p2a: Skarmory|206/334|[from] Recoil|[of] p1a: Skarmory","|","|-weather|Sandstorm|[upkeep]","|-heal|p1a: Skarmory|258/334|[from] item: Leftovers","|-heal|p2a: Skarmory|226/334|[from] item: Leftovers","|upkeep","|turn|139","||adding 10 for new turn","|","|t:|1752914073","|move|p2a: Skarmory|Struggle|p1a: Skarmory","|-damage|p1a: Skarmory|236/334","|-damage|p2a: Skarmory|221/334|[from] Recoil|[of] p1a: Skarmory","|move|p1a: Skarmory|Struggle|p2a: Skarmory","|-damage|p2a: Skarmory|198/334","|-damage|p1a: Skarmory|231/334|[from] Recoil|[of] p2a: Skarmory","|","|-weather|Sandstorm|[upkeep]","|-heal|p1a: Skarmory|251/334|[from] item: Leftovers","|-heal|p2a: Skarmory|218/334|[from] item: Leftovers","|upkeep","|turn|140","||adding 10 for new turn","|","|t:|1752914076","|move|p2a: Skarmory|Struggle|p1a: Skarmory","|-damage|p1a: Skarmory|230/334","|-damage|p2a: Skarmory|213/334|[from] Recoil|[of] p1a: Skarmory","|move|p1a: Skarmory|Struggle|p2a: Skarmory","|-damage|p2a: Skarmory|190/334","|-damage|p1a: Skarmory|225/334|[from] Recoil|[of] p2a: Skarmory","|","|-weather|Sandstorm|[upkeep]","|-heal|p1a: Skarmory|245/334|[from] item: Leftovers","|-heal|p2a: Skarmory|210/334|[from] item: Leftovers","|upkeep","|turn|141","||adding 10 for new turn","|","|t:|1752914079","|move|p2a: Skarmory|Struggle|p1a: Skarmory","|-damage|p1a: Skarmory|222/334","|-damage|p2a: Skarmory|205/334|[from] Recoil|[of] p1a: Skarmory","|move|p1a: Skarmory|Struggle|p2a: Skarmory","|-damage|p2a: Skarmory|182/334","|-damage|p1a: Skarmory|217/334|[from] Recoil|[of] p2a: Skarmory","|","|-weather|Sandstorm|[upkeep]","|-heal|p2a: Skarmory|202/334|[from] item: Leftovers","|-heal|p1a: Skarmory|237/334|[from] item: Leftovers","|upkeep","|turn|142","||adding 10 for new turn","|","|t:|1752914081","|move|p2a: Skarmory|Struggle|p1a: Skarmory","|-damage|p1a: Skarmory|217/334","|-damage|p2a: Skarmory|197/334|[from] Recoil|[of] p1a: Skarmory","|move|p1a: Skarmory|Struggle|p2a: Skarmory","|-damage|p2a: Skarmory|177/334","|-damage|p1a: Skarmory|212/334|[from] Recoil|[of] p2a: Skarmory","|","|-weather|Sandstorm|[upkeep]","|-heal|p1a: Skarmory|232/334|[from] item: Leftovers","|-heal|p2a: Skarmory|197/334|[from] item: Leftovers","|upkeep","|turn|143","||adding 10 for new turn","|","|t:|1752914084","|move|p1a: Skarmory|Struggle|p2a: Skarmory","|-damage|p2a: Skarmory|177/334","|-damage|p1a: Skarmory|227/334|[from] Recoil|[of] p2a: Skarmory","|move|p2a: Skarmory|Struggle|p1a: Skarmory","|-damage|p1a: Skarmory|207/334","|-damage|p2a: Skarmory|172/334|[from] Recoil|[of] p1a: Skarmory","|","|-weather|Sandstorm|[upkeep]","|-heal|p2a: Skarmory|192/334|[from] item: Leftovers","|-heal|p1a: Skarmory|227/334|[from] item: Leftovers","|upkeep","|turn|144","||adding 10 for new turn","|","|t:|1752914086","|move|p1a: Skarmory|Struggle|p2a: Skarmory","|-damage|p2a: Skarmory|172/334","|-damage|p1a: Skarmory|222/334|[from] Recoil|[of] p2a: Skarmory","|move|p2a: Skarmory|Struggle|p1a: Skarmory","|-damage|p1a: Skarmory|201/334","|-damage|p2a: Skarmory|167/334|[from] Recoil|[of] p1a: Skarmory","|","|-weather|Sandstorm|[upkeep]","|-heal|p1a: Skarmory|221/334|[from] item: Leftovers","|-heal|p2a: Skarmory|187/334|[from] item: Leftovers","|upkeep","|turn|145","||adding 10 for new turn","|","|t:|1752914089","|move|p2a: Skarmory|Struggle|p1a: Skarmory","|-damage|p1a: Skarmory|202/334","|-damage|p2a: Skarmory|183/334|[from] Recoil|[of] p1a: Skarmory","|move|p1a: Skarmory|Struggle|p2a: Skarmory","|-damage|p2a: Skarmory|164/334","|-damage|p1a: Skarmory|198/334|[from] Recoil|[of] p2a: Skarmory","|","|-weather|Sandstorm|[upkeep]","|-heal|p2a: Skarmory|184/334|[from] item: Leftovers","|-heal|p1a: Skarmory|218/334|[from] item: Leftovers","|upkeep","|turn|146","||adding 10 for new turn","|","|t:|1752914092","|move|p1a: Skarmory|Struggle|p2a: Skarmory","|-damage|p2a: Skarmory|163/334","|-damage|p1a: Skarmory|213/334|[from] Recoil|[of] p2a: Skarmory","|move|p2a: Skarmory|Struggle|p1a: Skarmory","|-damage|p1a: Skarmory|192/334","|-damage|p2a: Skarmory|158/334|[from] Recoil|[of] p1a: Skarmory","|","|-weather|Sandstorm|[upkeep]","|-heal|p2a: Skarmory|178/334|[from] item: Leftovers","|-heal|p1a: Skarmory|212/334|[from] item: Leftovers","|upkeep","|turn|147","||adding 10 for new turn","|","|t:|1752914094","|move|p1a: Skarmory|Struggle|p2a: Skarmory","|-damage|p2a: Skarmory|158/334","|-damage|p1a: Skarmory|207/334|[from] Recoil|[of] p2a: Skarmory","|move|p2a: Skarmory|Struggle|p1a: Skarmory","|-damage|p1a: Skarmory|184/334","|-damage|p2a: Skarmory|153/334|[from] Recoil|[of] p1a: Skarmory","|","|-weather|Sandstorm|[upkeep]","|-heal|p2a: Skarmory|173/334|[from] item: Leftovers","|-heal|p1a: Skarmory|204/334|[from] item: Leftovers","|upkeep","|turn|148","||adding 10 for new turn","|","|t:|1752914097","|move|p1a: Skarmory|Struggle|p2a: Skarmory","|-damage|p2a: Skarmory|153/334","|-damage|p1a: Skarmory|199/334|[from] Recoil|[of] p2a: Skarmory","|move|p2a: Skarmory|Struggle|p1a: Skarmory","|-damage|p1a: Skarmory|178/334","|-damage|p2a: Skarmory|148/334|[from] Recoil|[of] p1a: Skarmory","|","|-weather|Sandstorm|[upkeep]","|-heal|p2a: Skarmory|168/334|[from] item: Leftovers","|-heal|p1a: Skarmory|198/334|[from] item: Leftovers","|upkeep","|turn|149","||adding 10 for new turn","|","|t:|1752914100","|move|p2a: Skarmory|Struggle|p1a: Skarmory","|-damage|p1a: Skarmory|178/334","|-damage|p2a: Skarmory|163/334|[from] Recoil|[of] p1a: Skarmory","|move|p1a: Skarmory|Struggle|p2a: Skarmory","|-damage|p2a: Skarmory|143/334","|-damage|p1a: Skarmory|173/334|[from] Recoil|[of] p2a: Skarmory","|","|-weather|Sandstorm|[upkeep]","|-heal|p1a: Skarmory|193/334|[from] item: Leftovers","|-heal|p2a: Skarmory|163/334|[from] item: Leftovers","|upkeep","|turn|150","||adding 10 for new turn","|","|t:|1752914102","|move|p1a: Skarmory|Struggle|p2a: Skarmory","|-damage|p2a: Skarmory|142/334","|-damage|p1a: Skarmory|188/334|[from] Recoil|[of] p2a: Skarmory","|move|p2a: Skarmory|Struggle|p1a: Skarmory","|-damage|p1a: Skarmory|168/334","|-damage|p2a: Skarmory|137/334|[from] Recoil|[of] p1a: Skarmory","|","|-weather|Sandstorm|[upkeep]","|-heal|p1a: Skarmory|188/334|[from] item: Leftovers","|-heal|p2a: Skarmory|157/334|[from] item: Leftovers","|upkeep","|turn|151","||adding 10 for new turn","|","|t:|1752914105","|move|p2a: Skarmory|Struggle|p1a: Skarmory","|-damage|p1a: Skarmory|166/334","|-damage|p2a: Skarmory|152/334|[from] Recoil|[of] p1a: Skarmory","|move|p1a: Skarmory|Struggle|p2a: Skarmory","|-damage|p2a: Skarmory|132/334","|-damage|p1a: Skarmory|161/334|[from] Recoil|[of] p2a: Skarmory","|","|-weather|Sandstorm|[upkeep]","|-heal|p1a: Skarmory|181/334|[from] item: Leftovers","|-heal|p2a: Skarmory|152/334|[from] item: Leftovers","|upkeep","|turn|152","||adding 10 for new turn","|","|t:|1752914107","|move|p2a: Skarmory|Struggle|p1a: Skarmory","|-damage|p1a: Skarmory|160/334","|-damage|p2a: Skarmory|147/334|[from] Recoil|[of] p1a: Skarmory","|move|p1a: Skarmory|Struggle|p2a: Skarmory","|-damage|p2a: Skarmory|127/334","|-damage|p1a: Skarmory|155/334|[from] Recoil|[of] p2a: Skarmory","|","|-weather|Sandstorm|[upkeep]","|-heal|p2a: Skarmory|147/334|[from] item: Leftovers","|-heal|p1a: Skarmory|175/334|[from] item: Leftovers","|upkeep","|turn|153","||adding 10 for new turn","|","|t:|1752914110","|move|p1a: Skarmory|Struggle|p2a: Skarmory","|-damage|p2a: Skarmory|128/334","|-damage|p1a: Skarmory|171/334|[from] Recoil|[of] p2a: Skarmory","|move|p2a: Skarmory|Struggle|p1a: Skarmory","|-damage|p1a: Skarmory|151/334","|-damage|p2a: Skarmory|123/334|[from] Recoil|[of] p1a: Skarmory","|","|-weather|Sandstorm|[upkeep]","|-heal|p1a: Skarmory|171/334|[from] item: Leftovers","|-heal|p2a: Skarmory|143/334|[from] item: Leftovers","|upkeep","|turn|154","||adding 10 for new turn","|","|t:|1752914113","|move|p2a: Skarmory|Struggle|p1a: Skarmory","|-crit|p1a: Skarmory","|-damage|p1a: Skarmory|131/334","|-damage|p2a: Skarmory|133/334|[from] Recoil|[of] p1a: Skarmory","|move|p1a: Skarmory|Struggle|p2a: Skarmory","|-damage|p2a: Skarmory|113/334","|-damage|p1a: Skarmory|126/334|[from] Recoil|[of] p2a: Skarmory","|","|-weather|Sandstorm|[upkeep]","|-heal|p1a: Skarmory|146/334|[from] item: Leftovers","|-heal|p2a: Skarmory|133/334|[from] item: Leftovers","|upkeep","|turn|155","||adding 10 for new turn","|","|t:|1752914115","|move|p1a: Skarmory|Struggle|p2a: Skarmory","|-damage|p2a: Skarmory|111/334","|-damage|p1a: Skarmory|141/334|[from] Recoil|[of] p2a: Skarmory","|move|p2a: Skarmory|Struggle|p1a: Skarmory","|-damage|p1a: Skarmory|122/334","|-damage|p2a: Skarmory|107/334|[from] Recoil|[of] p1a: Skarmory","|","|-weather|Sandstorm|[upkeep]","|-heal|p2a: Skarmory|127/334|[from] item: Leftovers","|-heal|p1a: Skarmory|142/334|[from] item: Leftovers","|upkeep","|turn|156","||adding 10 for new turn","|","|t:|1752914118","|move|p2a: Skarmory|Struggle|p1a: Skarmory","|-damage|p1a: Skarmory|120/334","|-damage|p2a: Skarmory|122/334|[from] Recoil|[of] p1a: Skarmory","|move|p1a: Skarmory|Struggle|p2a: Skarmory","|-crit|p2a: Skarmory","|-damage|p2a: Skarmory|78/334","|-damage|p1a: Skarmory|109/334|[from] Recoil|[of] p2a: Skarmory","|","|-weather|Sandstorm|[upkeep]","|-heal|p1a: Skarmory|129/334|[from] item: Leftovers","|-heal|p2a: Skarmory|98/334|[from] item: Leftovers","|upkeep","|turn|157","||adding 10 for new turn","|","|t:|1752914120","|move|p1a: Skarmory|Struggle|p2a: Skarmory","|-damage|p2a: Skarmory|77/334","|-damage|p1a: Skarmory|124/334|[from] Recoil|[of] p2a: Skarmory","|move|p2a: Skarmory|Struggle|p1a: Skarmory","|-damage|p1a: Skarmory|104/334","|-damage|p2a: Skarmory|72/334|[from] Recoil|[of] p1a: Skarmory","|","|-weather|Sandstorm|[upkeep]","|-heal|p2a: Skarmory|92/334|[from] item: Leftovers","|-heal|p1a: Skarmory|124/334|[from] item: Leftovers","|upkeep","|turn|158","||adding 10 for new turn","|","|t:|1752914123","|move|p2a: Skarmory|Struggle|p1a: Skarmory","|-damage|p1a: Skarmory|102/334","|-damage|p2a: Skarmory|87/334|[from] Recoil|[of] p1a: Skarmory","|move|p1a: Skarmory|Struggle|p2a: Skarmory","|-damage|p2a: Skarmory|67/334","|-damage|p1a: Skarmory|97/334|[from] Recoil|[of] p2a: Skarmory","|","|-weather|Sandstorm|[upkeep]","|-heal|p2a: Skarmory|87/334|[from] item: Leftovers","|-heal|p1a: Skarmory|117/334|[from] item: Leftovers","|upkeep","|turn|159","||adding 10 for new turn","|","|t:|1752914126","|move|p2a: Skarmory|Struggle|p1a: Skarmory","|-damage|p1a: Skarmory|98/334","|-damage|p2a: Skarmory|83/334|[from] Recoil|[of] p1a: Skarmory","|move|p1a: Skarmory|Struggle|p2a: Skarmory","|-damage|p2a: Skarmory|63/334","|-damage|p1a: Skarmory|93/334|[from] Recoil|[of] p2a: Skarmory","|","|-weather|Sandstorm|[upkeep]","|-heal|p2a: Skarmory|83/334|[from] item: Leftovers","|-heal|p1a: Skarmory|113/334|[from] item: Leftovers","|upkeep","|turn|160","||adding 10 for new turn","|","|t:|1752914128","|move|p1a: Skarmory|Struggle|p2a: Skarmory","|-damage|p2a: Skarmory|61/334","|-damage|p1a: Skarmory|108/334|[from] Recoil|[of] p2a: Skarmory","|move|p2a: Skarmory|Struggle|p1a: Skarmory","|-damage|p1a: Skarmory|87/334","|-damage|p2a: Skarmory|56/334|[from] Recoil|[of] p1a: Skarmory","|","|-weather|Sandstorm|[upkeep]","|-heal|p2a: Skarmory|76/334|[from] item: Leftovers","|-heal|p1a: Skarmory|107/334|[from] item: Leftovers","|upkeep","|turn|161","||adding 10 for new turn","|","|t:|1752914131","|move|p2a: Skarmory|Struggle|p1a: Skarmory","|-damage|p1a: Skarmory|86/334","|-damage|p2a: Skarmory|71/334|[from] Recoil|[of] p1a: Skarmory","|move|p1a: Skarmory|Struggle|p2a: Skarmory","|-damage|p2a: Skarmory|49/334","|-damage|p1a: Skarmory|81/334|[from] Recoil|[of] p2a: Skarmory","|","|-weather|Sandstorm|[upkeep]","|-heal|p1a: Skarmory|101/334|[from] item: Leftovers","|-heal|p2a: Skarmory|69/334|[from] item: Leftovers","|upkeep","|turn|162","||adding 10 for new turn","|","|t:|1752914134","|move|p1a: Skarmory|Struggle|p2a: Skarmory","|-damage|p2a: Skarmory|49/334","|-damage|p1a: Skarmory|96/334|[from] Recoil|[of] p2a: Skarmory","|move|p2a: Skarmory|Struggle|p1a: Skarmory","|-damage|p1a: Skarmory|77/334","|-damage|p2a: Skarmory|45/334|[from] Recoil|[of] p1a: Skarmory","|","|-weather|Sandstorm|[upkeep]","|-heal|p1a: Skarmory|97/334|[from] item: Leftovers","|-heal|p2a: Skarmory|65/334|[from] item: Leftovers","|upkeep","|turn|163","||adding 10 for new turn","|","|t:|1752914136","|move|p1a: Skarmory|Struggle|p2a: Skarmory","|-damage|p2a: Skarmory|45/334","|-damage|p1a: Skarmory|92/334|[from] Recoil|[of] p2a: Skarmory","|move|p2a: Skarmory|Struggle|p1a: Skarmory","|-damage|p1a: Skarmory|70/334","|-damage|p2a: Skarmory|40/334|[from] Recoil|[of] p1a: Skarmory","|","|-weather|Sandstorm|[upkeep]","|-heal|p1a: Skarmory|90/334|[from] item: Leftovers","|-heal|p2a: Skarmory|60/334|[from] item: Leftovers","|upkeep","|turn|164","||adding 10 for new turn","|","|t:|1752914139","|move|p2a: Skarmory|Struggle|p1a: Skarmory","|-damage|p1a: Skarmory|70/334","|-damage|p2a: Skarmory|55/334|[from] Recoil|[of] p1a: Skarmory","|move|p1a: Skarmory|Struggle|p2a: Skarmory","|-damage|p2a: Skarmory|34/334","|-damage|p1a: Skarmory|65/334|[from] Recoil|[of] p2a: Skarmory","|","|-weather|Sandstorm|[upkeep]","|-heal|p1a: Skarmory|85/334|[from] item: Leftovers","|-heal|p2a: Skarmory|54/334|[from] item: Leftovers","|upkeep","|turn|165","||adding 10 for new turn","|","|t:|1752914141","|move|p2a: Skarmory|Struggle|p1a: Skarmory","|-damage|p1a: Skarmory|65/334","|-damage|p2a: Skarmory|49/334|[from] Recoil|[of] p1a: Skarmory","|move|p1a: Skarmory|Struggle|p2a: Skarmory","|-damage|p2a: Skarmory|29/334","|-damage|p1a: Skarmory|60/334|[from] Recoil|[of] p2a: Skarmory","|","|-weather|Sandstorm|[upkeep]","|-heal|p2a: Skarmory|49/334|[from] item: Leftovers","|-heal|p1a: Skarmory|80/334|[from] item: Leftovers","|upkeep","|turn|166","||adding 10 for new turn","|","|t:|1752914144","|move|p2a: Skarmory|Struggle|p1a: Skarmory","|-damage|p1a: Skarmory|59/334","|-damage|p2a: Skarmory|44/334|[from] Recoil|[of] p1a: Skarmory","|move|p1a: Skarmory|Struggle|p2a: Skarmory","|-damage|p2a: Skarmory|22/334","|-damage|p1a: Skarmory|54/334|[from] Recoil|[of] p2a: Skarmory","|","|-weather|Sandstorm|[upkeep]","|-heal|p2a: Skarmory|42/334|[from] item: Leftovers","|-heal|p1a: Skarmory|74/334|[from] item: Leftovers","|upkeep","|turn|167","||adding 10 for new turn","|","|t:|1752914147","|move|p2a: Skarmory|Struggle|p1a: Skarmory","|-damage|p1a: Skarmory|52/334","|-damage|p2a: Skarmory|37/334|[from] Recoil|[of] p1a: Skarmory","|move|p1a: Skarmory|Struggle|p2a: Skarmory","|-crit|p2a: Skarmory","|-damage|p2a: Skarmory|0 fnt","|-damage|p1a: Skarmory|43/334|[from] Recoil|[of] p2a: Skarmory","|faint|p2a: Skarmory","|","|win|foultestchallenge1",""],"p1rating":null,"p2rating":null,"endType":"normal","ladderError":true,"timestamp":"Sat Jul 19 2025 01:35:47 GMT-0700 (アメリカ太平洋夏時間)","roomid":"battle-gen3ou-870","format":"gen3ou"}