{"winner":"foultestchallenge1","seed":"sodium,1d1cf817141aab3608c04a680d278db1","turns":45,"p1":"foultestchallenge1","p2":"foultestacceptor1","p1team":[{"name":"Tyranitar","species":"Tyranitar","item":"Leftovers","ability":"Sand Stream","moves":["Rock Slide","Earthquake","Hidden Power Bug","Roar"],"nature":"Adamant","evs":{"hp":184,"atk":196,"def":120,"spa":0,"spd":0,"spe":8},"gender":"M","ivs":{"hp":31,"atk":30,"def":30,"spa":31,"spd":30,"spe":31},"happiness":255,"hpType":"Bug","pokeball":"","gigantamax":false,"dynamaxLevel":10,"teraType":"","level":100},{"name":"Milotic","species":"Milotic","item":"Leftovers","ability":"Marvel Scale","moves":["Surf","Toxic","Recover","Refresh"],"nature":"Bold","evs":{"hp":248,"atk":0,"def":212,"spa":0,"spd":0,"spe":48},"gender":"M","ivs":{"hp":31,"atk":0,"def":31,"spa":31,"spd":31,"spe":31},"level":100},{"name":"Blissey","species":"Blissey","item":"Leftovers","ability":"Natural Cure","moves":["Seismic Toss","Ice Beam","Thunder Wave","Soft-Boiled"],"nature":"Bold","evs":{"hp":40,"atk":0,"def":244,"spa":208,"spd":0,"spe":16},"gender":"F","level":100,"ivs":{"hp":31,"atk":31,"def":31,"spa":31,"spd":31,"spe":31}},{"name":"Skarmory","species":"Skarmory","item":"Leftovers","ability":"Keen Eye","moves":["Drill Peck","Toxic","Spikes","Roar"],"nature":"Careful","evs":{"hp":248,"atk":0,"def":0,"spa":0,"spd":236,"spe":24},"gender":"F","level":100,"ivs":{"hp":31,"atk":31,"def":31,"spa":31,"spd":31,"spe":31}},{"name":"Claydol","species":"Claydol","item":"Leftovers","ability":"Levitate","moves":["Earthquake","Psychic","Refresh","Rapid Spin"],"nature":"Adamant","evs":{"hp":224,"atk":228,"def":0,"spa":36,"spd":0,"spe":20},"gender":"N","level":100,"ivs":{"hp":31,"atk":31,"def":31,"spa":31,"spd":31,"spe":31}},{"name":"Dugtrio","species":"Dugtrio","item":"Choice Band","ability":"Arena Trap","moves":["Earthquake","Aerial Ace","Hidden Power Bug","Screech"],"nature":"Jolly","evs":{"hp":0,"atk":252,"def":0,"spa":0,"spd":4,"spe":252},"gender":"F","ivs":{"hp":31,"atk":30,"def":30,"spa":31,"spd":30,"spe":31},"happiness":255,"hpType":"Bug","pokeball":"","gigantamax":false,"dynamaxLevel":10,"teraType":"","level":100}],"p2team":[{"name":"Zapdos","species":"Zapdos","item":"Leftovers","ability":"Pressure","moves":["Thunderbolt","Hidden Power Grass","Baton Pass","Roar"],"nature":"Modest","evs":{"hp":0,"atk":0,"def":0,"spa":220,"spd":48,"spe":240},"gender":"N","ivs":{"hp":31,"atk":2,"def":31,"spa":30,"spd":31,"spe":31},"happiness":255,"hpType":"Grass","pokeball":"","gigantamax":false,"dynamaxLevel":10,"teraType":"","level":100},{"name":"Metagross","species":"Metagross","item":"Choice Band","ability":"Clear Body","moves":["Meteor Mash","Explosion","Earthquake","Rock Slide"],"nature":"Adamant","evs":{"hp":128,"atk":252,"def":0,"spa":0,"spd":0,"spe":128},"gender":"N","level":100,"ivs":{"hp":31,"atk":31,"def":31,"spa":31,"spd":31,"spe":31}},{"name":"Celebi","species":"Celebi","item":"Leftovers","ability":"Natural Cure","moves":["Calm Mind","Giga Drain","Hidden Power Ice","Baton Pass"],"nature":"Timid","evs":{"hp":208,"atk":0,"def":84,"spa":36,"spd":0,"spe":180},"gender":"N","ivs":{"hp":31,"atk":3,"def":31,"spa":31,"spd":31,"spe":30},"happiness":255,"hpType":"Ice","pokeball":"","gigantamax":false,"dynamaxLevel":10,"teraType":"","level":100},{"name":"Gengar","species":"Gengar","item":"Leftovers","ability":"Levitate","moves":["Thunderbolt","Ice Punch","Giga Drain","Explosion"],"nature":"Timid","evs":{"hp":8,"atk":0,"def":200,"spa":116,"spd":0,"spe":184},"gender":"M","level":100,"ivs":{"hp":31,"atk":31,"def":31,"spa":31,"spd":31,"spe":31}},{"name":"Swampert","species":"Swampert","item":"Leftovers","ability":"Torrent","moves":["Hydro Pump","Earthquake","Ice Beam","Refresh"],"nature":"Quiet","evs":{"hp":240,"atk":0,"def":12,"spa":216,"spd":0,"spe":40},"gender":"M","level":100,"ivs":{"hp":31,"atk":31,"def":31,"spa":31,"spd":31,"spe":31}},{"name":"Charizard","species":"Charizard","item":"Leftovers","ability":"Blaze","moves":["Substitute","Hidden Power Grass","Fire Blast","Focus Punch"],"nature":"Mild","evs":{"hp":0,"atk":4,"def":0,"spa":252,"spd":0,"spe":252},"gender":"F","ivs":{"hp":31,"atk":30,"def":31,"spa":30,"spd":31,"spe":31},"happiness":255,"hpType":"Grass","pokeball":"","gigantamax":false,"dynamaxLevel":10,"teraType":"","level":100}],"score":[2,0],"inputLog":[">version 372d05e49c92a79eecdf6c8dddb208bd1765c00f",">start {\"formatid\":\"gen3ou\",\"seed\":\"sodium,1d1cf817141aab3608c04a680d278db1\"}",">player p1 {\"name\":\"foultestchallenge1\",\"avatar\":\"1\",\"team\":\"Tyranitar||Leftovers|SandStream|RockSlide,Earthquake,HiddenPowerBug,Roar|Adamant|184,196,120,,,8|M|,30,30,,30,|||,Bug,,,,]Milotic||Leftovers|MarvelScale|Surf,Toxic,Recover,Refresh|Bold|248,,212,,,48|M|,0,,,,|||]Blissey||Leftovers|NaturalCure|SeismicToss,IceBeam,ThunderWave,SoftBoiled|Bold|40,,244,208,,16|F||||]Skarmory||Leftovers|KeenEye|DrillPeck,Toxic,Spikes,Roar|Careful|248,,,,236,24|F||||]Claydol||Leftovers|Levitate|Earthquake,Psychic,Refresh,RapidSpin|Adamant|224,228,,36,,20|N||||]Dugtrio||ChoiceBand|ArenaTrap|Earthquake,AerialAce,HiddenPowerBug,Screech|Jolly|,252,,,4,252|F|,30,30,,30,|||,Bug,,,,\",\"rating\":0}",">player p2 {\"name\":\"foultestacceptor1\",\"avatar\":\"169\",\"team\":\"Zapdos||Leftovers|Pressure|Thunderbolt,HiddenPowerGrass,BatonPass,Roar|Modest|,,,220,48,240|N|,2,,30,,|||,Grass,,,,]Metagross||ChoiceBand|ClearBody|MeteorMash,Explosion,Earthquake,RockSlide|Adamant|128,252,,,,128|N||||]Celebi||Leftovers|NaturalCure|CalmMind,GigaDrain,HiddenPowerIce,BatonPass|Timid|208,,84,36,,180|N|,3,,,,30|||,Ice,,,,]Gengar||Leftovers|Levitate|Thunderbolt,IcePunch,GigaDrain,Explosion|Timid|8,,200,116,,184|M||||]Swampert||Leftovers|Torrent|HydroPump,Earthquake,IceBeam,Refresh|Quiet|240,,12,216,,40|M||||]Charizard||Leftovers|Blaze|Substitute,HiddenPowerGrass,FireBlast,FocusPunch|Mild|,4,,252,,252|F|,30,,30,,|||,Grass,,,,\",\"rating\":0}",">p1 move rockslide",">p2 switch 5",">p1 switch 2",">p2 move hydropump",">p1 move surf",">p2 move earthquake",">p1 move surf",">p2 switch 5",">p1 switch 3",">p2 move thunderbolt",">p1 move seismictoss",">p2 switch 2",">p1 switch 3",">p2 move meteormash",">p1 move recover",">p2 move meteormash",">p1 move recover",">p2 switch 2",">p1 switch 3",">p2 move thunderbolt",">p1 move softboiled",">p2 switch 2",">p1 switch 3",">p2 move earthquake",">p1 move recover",">p2 move earthquake",">p1 move recover",">p2 move earthquake",">p1 move recover",">p2 move earthquake",">p1 move recover",">p2 move earthquake",">p1 move recover",">p2 move earthquake",">p1 move recover",">p2 move earthquake",">p1 move surf",">p2 move earthquake",">p1 move recover",">p2 move earthquake",">p1 move surf",">p2 move earthquake",">p2 switch 6",">p1 switch 3",">p2 move hiddenpower",">p1 move icebeam",">p2 switch 5",">p1 move seismictoss",">p2 move earthquake",">p1 move seismictoss",">p2 move earthquake",">p1 move seismictoss",">p2 move earthquake",">p2 switch 3",">p1 move icebeam",">p2 move calmmind",">p1 move icebeam",">p2 move calmmind",">p1 switch 4",">p2 move calmmind",">p1 move roar",">p2 move hiddenpower",">p1 switch 4",">p2 move thunderbolt",">p1 move softboiled",">p2 move explosion",">p1 switch 2",">p2 switch 4",">p1 switch 4",">p2 move gigadrain",">p1 move toxic",">p2 move calmmind",">p1 move toxic",">p2 move batonpass",">p2 switch 5",">p1 switch 3",">p2 move fireblast",">p1 move surf",">p2 move hiddenpower",">p1 switch 4",">p1 move rockslide",">p2 move hiddenpower",">p1 switch 3",">p2 move fireblast",">p1 switch 3",">p1 switch 5",">p2 switch 2",">p1 move psychic",">p2 move batonpass",">p2 switch 2",">p2 switch 5",">p1 switch 5",">p2 move calmmind",">p1 move hiddenpower",">p2 move gigadrain",">p2 switch 2",">p1 move rockslide",">p2 move hiddenpower",">p1 switch 5",">p1 move psychic",">p2 move hiddenpower"],"log":["|j|☆foultestchallenge1","|j|☆foultestacceptor1","|t:|1752958756","|gametype|singles","|player|p1|foultestchallenge1|1|","|player|p2|foultestacceptor1|169|","|teamsize|p1|6","|teamsize|p2|6","|gen|3","|tier|[Gen 3] OU","|rule|Sleep Clause Mod: Limit one foe put to sleep","|rule|Switch Priority Clause Mod: Faster Pokémon switch first","|rule|Species Clause: Limit one of each Pokémon","|rule|OHKO Clause: OHKO moves are banned","|rule|Evasion Items Clause: Evasion items are banned","|rule|Evasion Moves Clause: Evasion moves are banned","|rule|Endless Battle Clause: Forcing endless battles is banned","|rule|HP Percentage Mod: HP is shown in percentages","|rule|One Boost Passer Clause: Limit one Baton Passer that has a way to boost its stats","|rule|Freeze Clause Mod: Limit one foe frozen","|","|t:|1752958756","|start","|switch|p1a: Tyranitar|Tyranitar, M|387/387","|switch|p2a: Zapdos|Zapdos|321/321","|-ability|p2a: Zapdos|Pressure|[silent]","|-weather|Sandstorm|[from] ability: Sand Stream|[of] p1a: Tyranitar","|turn|1","|inactive|Battle timer is ON: inactive players will automatically lose when time's up. (requested by foultestchallenge1)","|inactive|foultestacceptor1 also wants the timer to be on.","|","|t:|1752958764","|switch|p2a: Swampert|Swampert, M|401/401","|move|p1a: Tyranitar|Rock Slide|p2a: Swampert","|-resisted|p2a: Swampert","|-damage|p2a: Swampert|322/401","|","|-weather|Sandstorm|[upkeep]","|-heal|p2a: Swampert|347/401|[from] item: Leftovers","|upkeep","|turn|2","||adding 10 for new turn","|","|t:|1752958772","|switch|p1a: Milotic|Milotic, M|393/393","|move|p2a: Swampert|Hydro Pump|p1a: Milotic|[miss]","|-miss|p2a: Swampert|p1a: Milotic","|","|-weather|Sandstorm|[upkeep]","|-damage|p1a: Milotic|369/393|[from] Sandstorm","|-heal|p1a: Milotic|393/393|[from] item: Leftovers","|-heal|p2a: Swampert|372/401|[from] item: Leftovers","|upkeep","|turn|3","||adding 10 for new turn","|","|t:|1752958780","|move|p1a: Milotic|Surf|p2a: Swampert","|-damage|p2a: Swampert|254/401","|move|p2a: Swampert|Earthquake|p1a: Milotic","|-damage|p1a: Milotic|274/393","|","|-weather|Sandstorm|[upkeep]","|-damage|p1a: Milotic|250/393|[from] Sandstorm","|-heal|p1a: Milotic|274/393|[from] item: Leftovers","|-heal|p2a: Swampert|279/401|[from] item: Leftovers","|upkeep","|turn|4","||adding 10 for new turn","|","|t:|1752958788","|switch|p2a: Zapdos|Zapdos|321/321","|-ability|p2a: Zapdos|Pressure|[silent]","|move|p1a: Milotic|Surf|p2a: Zapdos","|-crit|p2a: Zapdos","|-damage|p2a: Zapdos|90/321","|","|-weather|Sandstorm|[upkeep]","|-damage|p2a: Zapdos|70/321|[from] Sandstorm","|-damage|p1a: Milotic|250/393|[from] Sandstorm","|-heal|p2a: Zapdos|90/321|[from] item: Leftovers","|-heal|p1a: Milotic|274/393|[from] item: Leftovers","|upkeep","|turn|5","||adding 10 for new turn","|","|t:|1752958796","|switch|p1a: Blissey|Blissey, F|661/661","|move|p2a: Zapdos|Thunderbolt|p1a: Blissey","|-damage|p1a: Blissey|533/661","|","|-weather|Sandstorm|[upkeep]","|-damage|p2a: Zapdos|70/321|[from] Sandstorm","|-damage|p1a: Blissey|492/661|[from] Sandstorm","|-heal|p2a: Zapdos|90/321|[from] item: Leftovers","|-heal|p1a: Blissey|533/661|[from] item: Leftovers","|upkeep","|turn|6","||adding 10 for new turn","|","|t:|1752958804","|switch|p2a: Metagross|Metagross|333/333","|move|p1a: Blissey|Seismic Toss|p2a: Metagross","|-damage|p2a: Metagross|233/333","|","|-weather|Sandstorm|[upkeep]","|-damage|p1a: Blissey|492/661|[from] Sandstorm","|-heal|p1a: Blissey|533/661|[from] item: Leftovers","|upkeep","|turn|7","||adding 10 for new turn","|","|t:|1752958812","|switch|p1a: Milotic|Milotic, M|274/393","|move|p2a: Metagross|Meteor Mash|p1a: Milotic","|-resisted|p1a: Milotic","|-damage|p1a: Milotic|151/393","|","|-weather|Sandstorm|[upkeep]","|-damage|p1a: Milotic|127/393|[from] Sandstorm","|-heal|p1a: Milotic|151/393|[from] item: Leftovers","|upkeep","|turn|8","||adding 10 for new turn","|","|t:|1752958820","|move|p1a: Milotic|Recover|p1a: Milotic","|-heal|p1a: Milotic|347/393","|move|p2a: Metagross|Meteor Mash|p1a: Milotic","|-resisted|p1a: Milotic","|-crit|p1a: Milotic","|-damage|p1a: Milotic|65/393","|","|-weather|Sandstorm|[upkeep]","|-damage|p1a: Milotic|41/393|[from] Sandstorm","|-heal|p1a: Milotic|65/393|[from] item: Leftovers","|upkeep","|turn|9","||adding 10 for new turn","|","|t:|1752958828","|switch|p2a: Zapdos|Zapdos|90/321","|-ability|p2a: Zapdos|Pressure|[silent]","|move|p1a: Milotic|Recover|p1a: Milotic","|-heal|p1a: Milotic|261/393","|","|-weather|Sandstorm|[upkeep]","|-damage|p2a: Zapdos|70/321|[from] Sandstorm","|-damage|p1a: Milotic|237/393|[from] Sandstorm","|-heal|p2a: Zapdos|90/321|[from] item: Leftovers","|-heal|p1a: Milotic|261/393|[from] item: Leftovers","|upkeep","|turn|10","||adding 10 for new turn","|","|t:|1752958836","|switch|p1a: Blissey|Blissey, F|533/661","|move|p2a: Zapdos|Thunderbolt|p1a: Blissey","|-crit|p1a: Blissey","|-damage|p1a: Blissey|236/661","|","|-weather|Sandstorm|[upkeep]","|-damage|p2a: Zapdos|70/321|[from] Sandstorm","|-damage|p1a: Blissey|195/661|[from] Sandstorm","|-heal|p2a: Zapdos|90/321|[from] item: Leftovers","|-heal|p1a: Blissey|236/661|[from] item: Leftovers","|upkeep","|turn|11","||adding 10 for new turn","|","|t:|1752958844","|switch|p2a: Metagross|Metagross|233/333","|move|p1a: Blissey|Soft-Boiled|p1a: Blissey","|-heal|p1a: Blissey|566/661","|","|-weather|Sandstorm|[upkeep]","|-damage|p1a: Blissey|525/661|[from] Sandstorm","|-heal|p1a: Blissey|566/661|[from] item: Leftovers","|upkeep","|turn|12","||adding 10 for new turn","|","|t:|1752958852","|switch|p1a: Milotic|Milotic, M|261/393","|move|p2a: Metagross|Earthquake|p1a: Milotic","|-damage|p1a: Milotic|87/393","|","|-weather|Sandstorm|[upkeep]","|-damage|p1a: Milotic|63/393|[from] Sandstorm","|-heal|p1a: Milotic|87/393|[from] item: Leftovers","|upkeep","|turn|13","||adding 10 for new turn","|","|t:|1752958859","|move|p1a: Milotic|Recover|p1a: Milotic","|-heal|p1a: Milotic|283/393","|move|p2a: Metagross|Earthquake|p1a: Milotic","|-damage|p1a: Milotic|97/393","|","|-weather|Sandstorm|[upkeep]","|-damage|p1a: Milotic|73/393|[from] Sandstorm","|-heal|p1a: Milotic|97/393|[from] item: Leftovers","|upkeep","|turn|14","||adding 10 for new turn","|","|t:|1752958867","|move|p1a: Milotic|Recover|p1a: Milotic","|-heal|p1a: Milotic|293/393","|move|p2a: Metagross|Earthquake|p1a: Milotic","|-damage|p1a: Milotic|124/393","|","|-weather|Sandstorm|[upkeep]","|-damage|p1a: Milotic|100/393|[from] Sandstorm","|-heal|p1a: Milotic|124/393|[from] item: Leftovers","|upkeep","|turn|15","||adding 10 for new turn","|","|t:|1752958875","|move|p1a: Milotic|Recover|p1a: Milotic","|-heal|p1a: Milotic|320/393","|move|p2a: Metagross|Earthquake|p1a: Milotic","|-damage|p1a: Milotic|155/393","|","|-weather|Sandstorm|[upkeep]","|-damage|p1a: Milotic|131/393|[from] Sandstorm","|-heal|p1a: Milotic|155/393|[from] item: Leftovers","|upkeep","|turn|16","||adding 10 for new turn","|","|t:|1752958883","|move|p1a: Milotic|Recover|p1a: Milotic","|-heal|p1a: Milotic|351/393","|move|p2a: Metagross|Earthquake|p1a: Milotic","|-damage|p1a: Milotic|161/393","|","|-weather|Sandstorm|[upkeep]","|-damage|p1a: Milotic|137/393|[from] Sandstorm","|-heal|p1a: Milotic|161/393|[from] item: Leftovers","|upkeep","|turn|17","||adding 10 for new turn","|","|t:|1752958891","|move|p1a: Milotic|Recover|p1a: Milotic","|-heal|p1a: Milotic|357/393","|move|p2a: Metagross|Earthquake|p1a: Milotic","|-damage|p1a: Milotic|194/393","|","|-weather|Sandstorm|[upkeep]","|-damage|p1a: Milotic|170/393|[from] Sandstorm","|-heal|p1a: Milotic|194/393|[from] item: Leftovers","|upkeep","|turn|18","||adding 10 for new turn","|","|t:|1752958898","|move|p1a: Milotic|Recover|p1a: Milotic","|-heal|p1a: Milotic|390/393","|move|p2a: Metagross|Earthquake|p1a: Milotic","|-damage|p1a: Milotic|218/393","|","|-weather|Sandstorm|[upkeep]","|-damage|p1a: Milotic|194/393|[from] Sandstorm","|-heal|p1a: Milotic|218/393|[from] item: Leftovers","|upkeep","|turn|19","||adding 10 for new turn","|","|t:|1752958906","|move|p1a: Milotic|Surf|p2a: Metagross","|-damage|p2a: Metagross|100/333","|move|p2a: Metagross|Earthquake|p1a: Milotic","|-damage|p1a: Milotic|57/393","|","|-weather|Sandstorm|[upkeep]","|-damage|p1a: Milotic|33/393|[from] Sandstorm","|-heal|p1a: Milotic|57/393|[from] item: Leftovers","|upkeep","|turn|20","||adding 10 for new turn","|","|t:|1752958914","|move|p1a: Milotic|Recover|p1a: Milotic","|-heal|p1a: Milotic|253/393","|move|p2a: Metagross|Earthquake|p1a: Milotic","|-damage|p1a: Milotic|90/393","|","|-weather|Sandstorm|[upkeep]","|-damage|p1a: Milotic|66/393|[from] Sandstorm","|-heal|p1a: Milotic|90/393|[from] item: Leftovers","|upkeep","|turn|21","||adding 10 for new turn","|","|t:|1752958922","|move|p1a: Milotic|Surf|p2a: Metagross","|-damage|p2a: Metagross|0 fnt","|faint|p2a: Metagross","||adding 5 to each for mid turn request","|","|t:|1752958929","|switch|p2a: Charizard|Charizard, F|297/297","|","|-weather|Sandstorm|[upkeep]","|-damage|p2a: Charizard|279/297|[from] Sandstorm","|-damage|p1a: Milotic|66/393|[from] Sandstorm","|-heal|p2a: Charizard|297/297|[from] item: Leftovers","|-heal|p1a: Milotic|90/393|[from] item: Leftovers","|upkeep","|turn|22","||adding 10 for new turn","|","|t:|1752958937","|switch|p1a: Blissey|Blissey, F|566/661","|move|p2a: Charizard|Hidden Power|p1a: Blissey","|-damage|p1a: Blissey|504/661","|","|-weather|Sandstorm|[upkeep]","|-damage|p2a: Charizard|279/297|[from] Sandstorm","|-damage|p1a: Blissey|463/661|[from] Sandstorm","|-heal|p2a: Charizard|297/297|[from] item: Leftovers","|-heal|p1a: Blissey|504/661|[from] item: Leftovers","|upkeep","|turn|23","||adding 10 for new turn","|","|t:|1752958945","|switch|p2a: Swampert|Swampert, M|279/401","|move|p1a: Blissey|Ice Beam|p2a: Swampert","|-damage|p2a: Swampert|204/401","|-status|p2a: Swampert|frz","|","|-weather|Sandstorm|[upkeep]","|-damage|p1a: Blissey|463/661|[from] Sandstorm","|-heal|p1a: Blissey|504/661|[from] item: Leftovers","|-heal|p2a: Swampert|229/401 frz|[from] item: Leftovers","|upkeep","|turn|24","||adding 10 for new turn","|","|t:|1752958952","|move|p1a: Blissey|Seismic Toss|p2a: Swampert","|-damage|p2a: Swampert|129/401 frz","|cant|p2a: Swampert|frz","|","|-weather|Sandstorm|[upkeep]","|-damage|p1a: Blissey|463/661|[from] Sandstorm","|-heal|p1a: Blissey|504/661|[from] item: Leftovers","|-heal|p2a: Swampert|154/401 frz|[from] item: Leftovers","|upkeep","|turn|25","||adding 10 for new turn","|","|t:|1752958960","|move|p1a: Blissey|Seismic Toss|p2a: Swampert","|-damage|p2a: Swampert|54/401 frz","|cant|p2a: Swampert|frz","|","|-weather|Sandstorm|[upkeep]","|-damage|p1a: Blissey|463/661|[from] Sandstorm","|-heal|p1a: Blissey|504/661|[from] item: Leftovers","|-heal|p2a: Swampert|79/401 frz|[from] item: Leftovers","|upkeep","|turn|26","||adding 10 for new turn","|","|t:|1752958968","|move|p1a: Blissey|Seismic Toss|p2a: Swampert","|-damage|p2a: Swampert|0 fnt","|faint|p2a: Swampert","||adding 5 to each for mid turn request","|","|t:|1752958972","|switch|p2a: Celebi|Celebi|393/393","|","|-weather|Sandstorm|[upkeep]","|-damage|p2a: Celebi|369/393|[from] Sandstorm","|-damage|p1a: Blissey|463/661|[from] Sandstorm","|-heal|p2a: Celebi|393/393|[from] item: Leftovers","|-heal|p1a: Blissey|504/661|[from] item: Leftovers","|upkeep","|turn|27","||adding 10 for new turn","|","|t:|1752958980","|move|p2a: Celebi|Calm Mind|p2a: Celebi","|-boost|p2a: Celebi|spa|1","|-boost|p2a: Celebi|spd|1","|move|p1a: Blissey|Ice Beam|p2a: Celebi","|-supereffective|p2a: Celebi","|-damage|p2a: Celebi|298/393","|","|-weather|Sandstorm|[upkeep]","|-damage|p2a: Celebi|274/393|[from] Sandstorm","|-damage|p1a: Blissey|463/661|[from] Sandstorm","|-heal|p2a: Celebi|298/393|[from] item: Leftovers","|-heal|p1a: Blissey|504/661|[from] item: Leftovers","|upkeep","|turn|28","||adding 10 for new turn","|","|t:|1752958988","|move|p2a: Celebi|Calm Mind|p2a: Celebi","|-boost|p2a: Celebi|spa|1","|-boost|p2a: Celebi|spd|1","|move|p1a: Blissey|Ice Beam|p2a: Celebi","|-supereffective|p2a: Celebi","|-damage|p2a: Celebi|220/393","|","|-weather|Sandstorm|[upkeep]","|-damage|p2a: Celebi|196/393|[from] Sandstorm","|-damage|p1a: Blissey|463/661|[from] Sandstorm","|-heal|p2a: Celebi|220/393|[from] item: Leftovers","|-heal|p1a: Blissey|504/661|[from] item: Leftovers","|upkeep","|turn|29","||adding 10 for new turn","|","|t:|1752958995","|switch|p1a: Skarmory|Skarmory, F|333/333","|move|p2a: Celebi|Calm Mind|p2a: Celebi","|-boost|p2a: Celebi|spa|1","|-boost|p2a: Celebi|spd|1","|","|-weather|Sandstorm|[upkeep]","|-damage|p2a: Celebi|196/393|[from] Sandstorm","|-heal|p2a: Celebi|220/393|[from] item: Leftovers","|upkeep","|turn|30","||adding 10 for new turn","|","|t:|1752959003","|move|p2a: Celebi|Hidden Power|p1a: Skarmory","|-damage|p1a: Skarmory|208/333","|move|p1a: Skarmory|Roar|p2a: Celebi","|drag|p2a: Gengar|Gengar, M|263/263","|","|-weather|Sandstorm|[upkeep]","|-damage|p2a: Gengar|247/263|[from] Sandstorm","|-heal|p2a: Gengar|263/263|[from] item: Leftovers","|-heal|p1a: Skarmory|228/333|[from] item: Leftovers","|upkeep","|turn|31","||adding 10 for new turn","|","|t:|1752959011","|switch|p1a: Blissey|Blissey, F|504/661","|move|p2a: Gengar|Thunderbolt|p1a: Blissey","|-damage|p1a: Blissey|424/661","|","|-weather|Sandstorm|[upkeep]","|-damage|p2a: Gengar|247/263|[from] Sandstorm","|-damage|p1a: Blissey|383/661|[from] Sandstorm","|-heal|p2a: Gengar|263/263|[from] item: Leftovers","|-heal|p1a: Blissey|424/661|[from] item: Leftovers","|upkeep","|turn|32","||adding 10 for new turn","|","|t:|1752959019","|move|p2a: Gengar|Explosion|p1a: Blissey","|-damage|p1a: Blissey|0 fnt","|faint|p2a: Gengar","|faint|p1a: Blissey","||adding 5 to each for mid turn request","|","|t:|1752959027","|switch|p2a: Celebi|Celebi|220/393","|switch|p1a: Tyranitar|Tyranitar, M|387/387","|","|-weather|Sandstorm|[upkeep]","|-damage|p2a: Celebi|196/393|[from] Sandstorm","|-heal|p2a: Celebi|220/393|[from] item: Leftovers","|upkeep","|turn|33","||adding 10 for new turn","|","|t:|1752959034","|switch|p1a: Skarmory|Skarmory, F|228/333","|move|p2a: Celebi|Giga Drain|p1a: Skarmory","|-resisted|p1a: Skarmory","|-damage|p1a: Skarmory|212/333","|-heal|p2a: Celebi|228/393|[from] drain|[of] p1a: Skarmory","|","|-weather|Sandstorm|[upkeep]","|-damage|p2a: Celebi|204/393|[from] Sandstorm","|-heal|p2a: Celebi|228/393|[from] item: Leftovers","|-heal|p1a: Skarmory|232/333|[from] item: Leftovers","|upkeep","|turn|34","||adding 10 for new turn","|","|t:|1752959042","|move|p2a: Celebi|Calm Mind|p2a: Celebi","|-boost|p2a: Celebi|spa|1","|-boost|p2a: Celebi|spd|1","|move|p1a: Skarmory|Toxic|p2a: Celebi","|-status|p2a: Celebi|tox","|","|-weather|Sandstorm|[upkeep]","|-damage|p2a: Celebi|204/393 tox|[from] Sandstorm","|-heal|p2a: Celebi|228/393 tox|[from] item: Leftovers","|-damage|p2a: Celebi|204/393 tox|[from] psn","|-heal|p1a: Skarmory|252/333|[from] item: Leftovers","|upkeep","|turn|35","||adding 10 for new turn","|","|t:|1752959049","|move|p2a: Celebi|Baton Pass|p2a: Celebi","||adding 5 to each for mid turn request","|","|t:|1752959057","|-curestatus|p2a: Celebi|tox|[from] ability: Natural Cure","|switch|p2a: Charizard|Charizard, F|297/297|[from] Baton Pass","|move|p1a: Skarmory|Toxic|p2a: Charizard","|-status|p2a: Charizard|tox","|","|-weather|Sandstorm|[upkeep]","|-damage|p2a: Charizard|279/297 tox|[from] Sandstorm","|-heal|p2a: Charizard|297/297 tox|[from] item: Leftovers","|-damage|p2a: Charizard|279/297 tox|[from] psn","|-heal|p1a: Skarmory|272/333|[from] item: Leftovers","|upkeep","|turn|36","||adding 10 for new turn","|","|t:|1752959064","|switch|p1a: Milotic|Milotic, M|90/393","|move|p2a: Charizard|Fire Blast|p1a: Milotic|[miss]","|-miss|p2a: Charizard|p1a: Milotic","|","|-weather|Sandstorm|[upkeep]","|-damage|p2a: Charizard|261/297 tox|[from] Sandstorm","|-damage|p1a: Milotic|66/393|[from] Sandstorm","|-heal|p2a: Charizard|279/297 tox|[from] item: Leftovers","|-damage|p2a: Charizard|243/297 tox|[from] psn","|-heal|p1a: Milotic|90/393|[from] item: Leftovers","|upkeep","|turn|37","||adding 10 for new turn","|","|t:|1752959072","|move|p2a: Charizard|Hidden Power|p1a: Milotic","|-supereffective|p1a: Milotic","|-damage|p1a: Milotic|0 fnt","|faint|p1a: Milotic","||adding 5 to each for mid turn request","|","|t:|1752959079","|switch|p1a: Tyranitar|Tyranitar, M|387/387","|","|-weather|Sandstorm|[upkeep]","|-damage|p2a: Charizard|225/297 tox|[from] Sandstorm","|-heal|p2a: Charizard|243/297 tox|[from] item: Leftovers","|-damage|p2a: Charizard|189/297 tox|[from] psn","|upkeep","|turn|38","||adding 10 for new turn","|","|t:|1752959086","|move|p2a: Charizard|Hidden Power|p1a: Tyranitar","|-supereffective|p1a: Tyranitar","|-damage|p1a: Tyranitar|142/387","|move|p1a: Tyranitar|Rock Slide|p2a: Charizard|[miss]","|-miss|p1a: Tyranitar|p2a: Charizard","|","|-weather|Sandstorm|[upkeep]","|-damage|p2a: Charizard|171/297 tox|[from] Sandstorm","|-heal|p2a: Charizard|189/297 tox|[from] item: Leftovers","|-damage|p2a: Charizard|117/297 tox|[from] psn","|-heal|p1a: Tyranitar|166/387|[from] item: Leftovers","|upkeep","|turn|39","||adding 10 for new turn","|","|t:|1752959094","|switch|p1a: Skarmory|Skarmory, F|272/333","|move|p2a: Charizard|Fire Blast|p1a: Skarmory","|-supereffective|p1a: Skarmory","|-damage|p1a: Skarmory|0 fnt","|faint|p1a: Skarmory","||adding 5 to each for mid turn request","|","|t:|1752959101","|switch|p1a: Tyranitar|Tyranitar, M|166/387","|","|-weather|Sandstorm|[upkeep]","|-damage|p2a: Charizard|99/297 tox|[from] Sandstorm","|-heal|p2a: Charizard|117/297 tox|[from] item: Leftovers","|-damage|p2a: Charizard|27/297 tox|[from] psn","|-heal|p1a: Tyranitar|190/387|[from] item: Leftovers","|upkeep","|turn|40","||adding 10 for new turn","|","|t:|1752959109","|switch|p2a: Zapdos|Zapdos|90/321","|-ability|p2a: Zapdos|Pressure|[silent]","|switch|p1a: Claydol|Claydol|317/317","|","|-weather|Sandstorm|[upkeep]","|-damage|p2a: Zapdos|70/321|[from] Sandstorm","|-heal|p2a: Zapdos|90/321|[from] item: Leftovers","|upkeep","|turn|41","||adding 10 for new turn","|","|t:|1752959116","|move|p2a: Zapdos|Baton Pass|p2a: Zapdos","||adding 5 to each for mid turn request","|","|t:|1752959123","|switch|p2a: Charizard|Charizard, F|27/297 tox|[from] Baton Pass","|move|p1a: Claydol|Psychic|p2a: Charizard","|-damage|p2a: Charizard|0 fnt","|faint|p2a: Charizard","||adding 5 to each for mid turn request","|","|t:|1752959130","|switch|p2a: Celebi|Celebi|204/393","|","|-weather|Sandstorm|[upkeep]","|-damage|p2a: Celebi|180/393|[from] Sandstorm","|-heal|p2a: Celebi|204/393|[from] item: Leftovers","|upkeep","|turn|42","||adding 10 for new turn","|","|t:|1752959138","|switch|p1a: Tyranitar|Tyranitar, M|190/387","|move|p2a: Celebi|Calm Mind|p2a: Celebi","|-boost|p2a: Celebi|spa|1","|-boost|p2a: Celebi|spd|1","|","|-weather|Sandstorm|[upkeep]","|-damage|p2a: Celebi|180/393|[from] Sandstorm","|-heal|p2a: Celebi|204/393|[from] item: Leftovers","|-heal|p1a: Tyranitar|214/387|[from] item: Leftovers","|upkeep","|turn|43","||adding 10 for new turn","|","|t:|1752959145","|move|p2a: Celebi|Giga Drain|p1a: Tyranitar","|-supereffective|p1a: Tyranitar","|-damage|p1a: Tyranitar|3/387","|-heal|p2a: Celebi|309/393|[from] drain|[of] p1a: Tyranitar","|move|p1a: Tyranitar|Hidden Power|p2a: Celebi","|-supereffective|p2a: Celebi","|-damage|p2a: Celebi|0 fnt","|faint|p2a: Celebi","||adding 5 to each for mid turn request","|","|t:|1752959151","|switch|p2a: Zapdos|Zapdos|90/321","|-ability|p2a: Zapdos|Pressure|[silent]","|","|-weather|Sandstorm|[upkeep]","|-damage|p2a: Zapdos|70/321|[from] Sandstorm","|-heal|p2a: Zapdos|90/321|[from] item: Leftovers","|-heal|p1a: Tyranitar|27/387|[from] item: Leftovers","|upkeep","|turn|44","||adding 10 for new turn","|","|t:|1752959158","|move|p2a: Zapdos|Hidden Power|p1a: Tyranitar","|-supereffective|p1a: Tyranitar","|-damage|p1a: Tyranitar|0 fnt","|faint|p1a: Tyranitar","||adding 5 to each for mid turn request","|","|t:|1752959162","|switch|p1a: Claydol|Claydol|317/317","|","|-weather|Sandstorm|[upkeep]","|-damage|p2a: Zapdos|70/321|[from] Sandstorm","|-heal|p2a: Zapdos|90/321|[from] item: Leftovers","|upkeep","|turn|45","||adding 10 for new turn","|","|t:|1752959168","|move|p2a: Zapdos|Hidden Power|p1a: Claydol","|-supereffective|p1a: Claydol","|-damage|p1a: Claydol|160/317","|move|p1a: Claydol|Psychic|p2a: Zapdos","|-damage|p2a: Zapdos|12/321","|","|-weather|Sandstorm|[upkeep]","|-damage|p2a: Zapdos|0 fnt|[from] Sandstorm","|faint|p2a: Zapdos","|","|win|foultestchallenge1",""],"p1rating":null,"p2rating":null,"endType":"normal","ladderError":true,"timestamp":"Sat Jul 19 2025 14:06:08 GMT-0700 (アメリカ太平洋夏時間)","roomid":"battle-gen3ou-987","format":"gen3ou"}