{"winner":"foultestchallenge1","seed":"sodium,0f0c7a439b86c837902cfcc8bc7a6286","turns":90,"p1":"foultestchallenge1","p2":"foultestacceptor1","p1team":[{"name":"Medicham","species":"Medicham","item":"Salac Berry","ability":"Pure Power","moves":["Brick Break","Focus Punch","Rock Slide","Shadow Ball"],"nature":"Jolly","evs":{"hp":4,"atk":252,"def":0,"spa":0,"spd":0,"spe":252},"gender":"F","level":100,"ivs":{"hp":31,"atk":31,"def":31,"spa":31,"spd":31,"spe":31}},{"name":"Magneton","species":"Magneton","item":"Magnet","ability":"Magnet Pull","moves":["Thunderbolt","Hidden Power Fire","Toxic","Rain Dance"],"nature":"Modest","evs":{"hp":4,"atk":0,"def":0,"spa":252,"spd":0,"spe":252},"gender":"N","ivs":{"hp":31,"atk":2,"def":31,"spa":30,"spd":31,"spe":30},"happiness":255,"hpType":"Fire","pokeball":"","gigantamax":false,"dynamaxLevel":10,"teraType":"","level":100},{"name":"Snorlax","species":"Snorlax","item":"Leftovers","ability":"Immunity","moves":["Self-Destruct","Body Slam","Shadow Ball","Earthquake"],"nature":"Adamant","evs":{"hp":92,"atk":116,"def":144,"spa":0,"spd":144,"spe":12},"gender":"M","level":100,"ivs":{"hp":31,"atk":31,"def":31,"spa":31,"spd":31,"spe":31}},{"name":"Suicune","species":"Suicune","item":"Leftovers","ability":"Pressure","moves":["Calm Mind","Surf","Rest","Ice Beam"],"nature":"Calm","evs":{"hp":252,"atk":0,"def":0,"spa":180,"spd":68,"spe":8},"gender":"N","ivs":{"hp":31,"atk":0,"def":31,"spa":31,"spd":31,"spe":31},"level":100},{"name":"Salamence","species":"Salamence","item":"Leftovers","ability":"Intimidate","moves":["Dragon Dance","Hidden Power Flying","Rock Slide","Earthquake"],"nature":"Adamant","evs":{"hp":0,"atk":156,"def":0,"spa":0,"spd":140,"spe":212},"gender":"M","ivs":{"hp":31,"atk":31,"def":31,"spa":30,"spd":30,"spe":30},"happiness":255,"hpType":"Flying","pokeball":"","gigantamax":false,"dynamaxLevel":10,"teraType":"","level":100},{"name":"Metagross","species":"Metagross","item":"Leftovers","ability":"Clear Body","moves":["Agility","Meteor Mash","Earthquake","Explosion"],"nature":"Adamant","evs":{"hp":252,"atk":144,"def":24,"spa":0,"spd":0,"spe":88},"gender":"N","level":100,"ivs":{"hp":31,"atk":31,"def":31,"spa":31,"spd":31,"spe":31}}],"p2team":[{"name":"Tyranitar","species":"Tyranitar","item":"Leftovers","ability":"Sand Stream","moves":["Rock Slide","Earthquake","Hidden Power Bug","Roar"],"nature":"Adamant","evs":{"hp":184,"atk":196,"def":120,"spa":0,"spd":0,"spe":8},"gender":"F","ivs":{"hp":31,"atk":30,"def":30,"spa":31,"spd":30,"spe":31},"happiness":255,"hpType":"Bug","pokeball":"","gigantamax":false,"dynamaxLevel":10,"teraType":"","level":100},{"name":"Milotic","species":"Milotic","item":"Leftovers","ability":"Marvel Scale","moves":["Surf","Toxic","Recover","Refresh"],"nature":"Bold","evs":{"hp":248,"atk":0,"def":212,"spa":0,"spd":0,"spe":48},"gender":"M","ivs":{"hp":31,"atk":0,"def":31,"spa":31,"spd":31,"spe":31},"level":100},{"name":"Blissey","species":"Blissey","item":"Leftovers","ability":"Natural Cure","moves":["Seismic Toss","Ice Beam","Thunder Wave","Soft-Boiled"],"nature":"Bold","evs":{"hp":40,"atk":0,"def":244,"spa":208,"spd":0,"spe":16},"gender":"F","level":100,"ivs":{"hp":31,"atk":31,"def":31,"spa":31,"spd":31,"spe":31}},{"name":"Skarmory","species":"Skarmory","item":"Leftovers","ability":"Keen Eye","moves":["Drill Peck","Toxic","Spikes","Roar"],"nature":"Careful","evs":{"hp":248,"atk":0,"def":0,"spa":0,"spd":236,"spe":24},"gender":"F","level":100,"ivs":{"hp":31,"atk":31,"def":31,"spa":31,"spd":31,"spe":31}},{"name":"Claydol","species":"Claydol","item":"Leftovers","ability":"Levitate","moves":["Earthquake","Psychic","Refresh","Rapid Spin"],"nature":"Adamant","evs":{"hp":224,"atk":228,"def":0,"spa":36,"spd":0,"spe":20},"gender":"N","level":100,"ivs":{"hp":31,"atk":31,"def":31,"spa":31,"spd":31,"spe":31}},{"name":"Dugtrio","species":"Dugtrio","item":"Choice Band","ability":"Arena Trap","moves":["Earthquake","Aerial Ace","Hidden Power Bug","Screech"],"nature":"Jolly","evs":{"hp":0,"atk":252,"def":0,"spa":0,"spd":4,"spe":252},"gender":"F","ivs":{"hp":31,"atk":30,"def":30,"spa":31,"spd":30,"spe":31},"happiness":255,"hpType":"Bug","pokeball":"","gigantamax":false,"dynamaxLevel":10,"teraType":"","level":100}],"score":[2,0],"inputLog":[">version 372d05e49c92a79eecdf6c8dddb208bd1765c00f",">start {\"formatid\":\"gen3ou\",\"seed\":\"sodium,0f0c7a439b86c837902cfcc8bc7a6286\"}",">player p1 {\"name\":\"foultestchallenge1\",\"avatar\":\"1\",\"team\":\"Medicham||SalacBerry|PurePower|BrickBreak,FocusPunch,RockSlide,ShadowBall|Jolly|4,252,,,,252|F||||]Magneton||Magnet|MagnetPull|Thunderbolt,HiddenPowerFire,Toxic,RainDance|Modest|4,,,252,,252|N|,2,,30,,30|||,Fire,,,,]Snorlax||Leftovers|Immunity|SelfDestruct,BodySlam,ShadowBall,Earthquake|Adamant|92,116,144,,144,12|M||||]Suicune||Leftovers|Pressure|CalmMind,Surf,Rest,IceBeam|Calm|252,,,180,68,8|N|,0,,,,|||]Salamence||Leftovers|Intimidate|DragonDance,HiddenPowerFlying,RockSlide,Earthquake|Adamant|,156,,,140,212|M|,,,30,30,30|||,Flying,,,,]Metagross||Leftovers|ClearBody|Agility,MeteorMash,Earthquake,Explosion|Adamant|252,144,24,,,88|N||||\",\"rating\":0}",">player p2 {\"name\":\"foultestacceptor1\",\"avatar\":\"1\",\"team\":\"Tyranitar||Leftovers|SandStream|RockSlide,Earthquake,HiddenPowerBug,Roar|Adamant|184,196,120,,,8|F|,30,30,,30,|||,Bug,,,,]Milotic||Leftovers|MarvelScale|Surf,Toxic,Recover,Refresh|Bold|248,,212,,,48|M|,0,,,,|||]Blissey||Leftovers|NaturalCure|SeismicToss,IceBeam,ThunderWave,SoftBoiled|Bold|40,,244,208,,16|F||||]Skarmory||Leftovers|KeenEye|DrillPeck,Toxic,Spikes,Roar|Careful|248,,,,236,24|F||||]Claydol||Leftovers|Levitate|Earthquake,Psychic,Refresh,RapidSpin|Adamant|224,228,,36,,20|N||||]Dugtrio||ChoiceBand|ArenaTrap|Earthquake,AerialAce,HiddenPowerBug,Screech|Jolly|,252,,,4,252|F|,30,30,,30,|||,Bug,,,,\",\"rating\":0}",">p1 move brickbreak",">p2 switch 4",">p1 move focuspunch",">p2 move drillpeck",">p1 move focuspunch",">p2 move drillpeck",">p1 switch 2",">p1 move thunderbolt",">p2 move spikes",">p2 switch 6",">p1 move hiddenpower",">p2 move earthquake",">p1 switch 4",">p1 move calmmind",">p2 switch 3",">p1 move calmmind",">p2 move seismictoss",">p1 move calmmind",">p2 move seismictoss",">p1 move surf",">p2 move seismictoss",">p1 move rest",">p2 move seismictoss",">p1 move surf",">p2 switch 4",">p1 move surf",">p2 move roar",">p1 move meteormash",">p2 move earthquake",">p1 move earthquake",">p2 switch 5",">p1 move explosion",">p2 move earthquake",">p1 switch 6",">p2 switch 4",">p1 move calmmind",">p2 move seismictoss",">p1 move calmmind",">p2 move seismictoss",">p1 move rest",">p2 move seismictoss",">p1 move rest",">p2 switch 5",">p1 move icebeam",">p2 move roar",">p1 move earthquake",">p2 move rockslide",">p1 move bodyslam",">p2 move rockslide",">p2 switch 3",">p1 move selfdestruct",">p2 move earthquake",">p1 switch 5",">p1 move hiddenpower",">p2 switch 2",">p1 switch 3",">p2 move toxic",">p1 move calmmind",">p2 move toxic",">p1 move calmmind",">p2 move toxic",">p1 move rest",">p2 move recover",">p1 move calmmind",">p2 switch 5",">p1 move icebeam",">p2 move softboiled",">p1 move calmmind",">p2 move seismictoss",">p1 move surf",">p2 move seismictoss",">p1 move surf",">p2 move softboiled",">p2 switch 5",">p1 move surf",">p2 move toxic",">p1 move surf",">p2 move recover",">p1 move rest",">p2 move recover",">p1 move calmmind",">p2 move recover",">p1 move rest",">p2 move surf",">p1 move surf",">p2 move surf",">p1 move surf",">p2 move recover",">p1 move surf",">p2 move toxic",">p1 move rest",">p2 move recover",">p1 move surf",">p2 move recover",">p1 move surf",">p2 move surf",">p1 move surf",">p2 move surf",">p1 move surf",">p2 move recover",">p1 move surf",">p2 move toxic",">p1 move rest",">p2 move recover",">p1 move icebeam",">p2 move recover",">p1 move calmmind",">p2 move surf",">p1 move surf",">p2 move surf",">p1 move surf",">p2 move recover",">p1 move surf",">p2 move recover",">p1 move surf",">p2 move recover",">p1 move surf",">p2 move recover",">p1 move surf",">p2 move recover",">p1 move surf",">p2 move recover",">p1 move surf",">p2 move recover",">p1 move surf",">p2 move recover",">p1 move surf",">p2 move recover",">p1 move surf",">p2 move recover",">p1 move surf",">p2 move recover",">p1 move rest",">p2 move recover",">p1 move icebeam",">p2 switch 2",">p1 move calmmind",">p2 move earthquake",">p1 move icebeam",">p2 switch 2",">p1 move rest",">p2 move toxic",">p1 move icebeam",">p2 move recover",">p1 move icebeam",">p2 move surf",">p1 move calmmind",">p2 move surf",">p1 move rest",">p2 move toxic",">p1 move calmmind",">p2 switch 2",">p1 move icebeam",">p2 move earthquake",">p1 move surf",">p2 switch 2",">p1 move calmmind",">p2 move recover",">p1 move calmmind",">p2 move refresh",">p1 move icebeam",">p2 move refresh",">p1 move icebeam",">p2 move recover",">p1 move icebeam",">p2 move recover",">p1 move icebeam",">p2 move recover",">p1 move icebeam",">p2 move recover",">p1 move icebeam",">p2 move recover",">p1 move icebeam",">p2 move recover",">p1 move icebeam",">p2 move recover",">p1 move icebeam",">p2 move recover",">p1 move icebeam",">p2 move surf",">p1 move icebeam",">p2 move recover",">p1 move icebeam",">p2 move surf",">p1 move icebeam",">p2 switch 2",">p2 switch 2",">p1 move icebeam",">p2 move surf"],"log":["|j|☆foultestchallenge1","|j|☆foultestacceptor1","|t:|1752926187","|gametype|singles","|player|p1|foultestchallenge1|1|","|player|p2|foultestacceptor1|1|","|teamsize|p1|6","|teamsize|p2|6","|gen|3","|tier|[Gen 3] OU","|rule|Sleep Clause Mod: Limit one foe put to sleep","|rule|Switch Priority Clause Mod: Faster Pokémon switch first","|rule|Species Clause: Limit one of each Pokémon","|rule|OHKO Clause: OHKO moves are banned","|rule|Evasion Items Clause: Evasion items are banned","|rule|Evasion Moves Clause: Evasion moves are banned","|rule|Endless Battle Clause: Forcing endless battles is banned","|rule|HP Percentage Mod: HP is shown in percentages","|rule|One Boost Passer Clause: Limit one Baton Passer that has a way to boost its stats","|rule|Freeze Clause Mod: Limit one foe frozen","|","|t:|1752926187","|start","|switch|p1a: Medicham|Medicham, F|262/262","|switch|p2a: Tyranitar|Tyranitar, F|387/387","|-weather|Sandstorm|[from] ability: Sand Stream|[of] p2a: Tyranitar","|turn|1","|inactive|Battle timer is ON: inactive players will automatically lose when time's up. (requested by foultestacceptor1)","|inactive|foultestchallenge1 also wants the timer to be on.","|","|t:|1752926188","|switch|p2a: Skarmory|Skarmory, F|333/333","|move|p1a: Medicham|Brick Break|p2a: Skarmory","|-damage|p2a: Skarmory|204/333","|","|-weather|Sandstorm|[upkeep]","|-damage|p1a: Medicham|246/262|[from] Sandstorm","|-heal|p2a: Skarmory|224/333|[from] item: Leftovers","|upkeep","|turn|2","||adding 10 for new turn","|","|t:|1752926189","|-singleturn|p1a: Medicham|move: Focus Punch","|move|p2a: Skarmory|Drill Peck|p1a: Medicham","|-supereffective|p1a: Medicham","|-damage|p1a: Medicham|59/262","|move|p1a: Medicham|Focus Punch||[still]","|cant|p1a: Medicham|Focus Punch|Focus Punch","|","|-weather|Sandstorm|[upkeep]","|-damage|p1a: Medicham|43/262|[from] Sandstorm","|-enditem|p1a: Medicham|Salac Berry|[eat]","|-boost|p1a: Medicham|spe|1|[from] item: Salac Berry","|-heal|p2a: Skarmory|244/333|[from] item: Leftovers","|upkeep","|turn|3","||adding 10 for new turn","|","|t:|1752926190","|-singleturn|p1a: Medicham|move: Focus Punch","|move|p2a: Skarmory|Drill Peck|p1a: Medicham","|-supereffective|p1a: Medicham","|-damage|p1a: Medicham|0 fnt","|faint|p1a: Medicham","||adding 5 to each for mid turn request","|","|t:|1752926191","|switch|p1a: Magneton|Magneton|242/242","|","|-weather|Sandstorm|[upkeep]","|-heal|p2a: Skarmory|264/333|[from] item: Leftovers","|upkeep","|turn|4","||adding 10 for new turn","|","|t:|1752926192","|move|p1a: Magneton|Thunderbolt|p2a: Skarmory","|-supereffective|p2a: Skarmory","|-damage|p2a: Skarmory|0 fnt","|faint|p2a: Skarmory","||adding 5 to each for mid turn request","|","|t:|1752926193","|switch|p2a: Dugtrio|Dugtrio, F|211/211","|","|-weather|Sandstorm|[upkeep]","|upkeep","|turn|5","||adding 10 for new turn","|","|t:|1752926194","|move|p2a: Dugtrio|Earthquake|p1a: Magneton","|-supereffective|p1a: Magneton","|-damage|p1a: Magneton|0 fnt","|faint|p1a: Magneton","||adding 5 to each for mid turn request","|","|t:|1752926195","|switch|p1a: Suicune|Suicune|404/404","|-ability|p1a: Suicune|Pressure|[silent]","|","|-weather|Sandstorm|[upkeep]","|-damage|p1a: Suicune|379/404|[from] Sandstorm","|-heal|p1a: Suicune|404/404|[from] item: Leftovers","|upkeep","|turn|6","||adding 10 for new turn","|","|t:|1752926196","|switch|p2a: Blissey|Blissey, F|661/661","|move|p1a: Suicune|Calm Mind|p1a: Suicune","|-boost|p1a: Suicune|spa|1","|-boost|p1a: Suicune|spd|1","|","|-weather|Sandstorm|[upkeep]","|-damage|p1a: Suicune|379/404|[from] Sandstorm","|-damage|p2a: Blissey|620/661|[from] Sandstorm","|-heal|p1a: Suicune|404/404|[from] item: Leftovers","|-heal|p2a: Blissey|661/661|[from] item: Leftovers","|upkeep","|turn|7","||adding 10 for new turn","|","|t:|1752926197","|move|p1a: Suicune|Calm Mind|p1a: Suicune","|-boost|p1a: Suicune|spa|1","|-boost|p1a: Suicune|spd|1","|move|p2a: Blissey|Seismic Toss|p1a: Suicune","|-damage|p1a: Suicune|304/404","|","|-weather|Sandstorm|[upkeep]","|-damage|p1a: Suicune|279/404|[from] Sandstorm","|-damage|p2a: Blissey|620/661|[from] Sandstorm","|-heal|p1a: Suicune|304/404|[from] item: Leftovers","|-heal|p2a: Blissey|661/661|[from] item: Leftovers","|upkeep","|turn|8","||adding 10 for new turn","|","|t:|1752926198","|move|p1a: Suicune|Calm Mind|p1a: Suicune","|-boost|p1a: Suicune|spa|1","|-boost|p1a: Suicune|spd|1","|move|p2a: Blissey|Seismic Toss|p1a: Suicune","|-damage|p1a: Suicune|204/404","|","|-weather|Sandstorm|[upkeep]","|-damage|p1a: Suicune|179/404|[from] Sandstorm","|-damage|p2a: Blissey|620/661|[from] Sandstorm","|-heal|p1a: Suicune|204/404|[from] item: Leftovers","|-heal|p2a: Blissey|661/661|[from] item: Leftovers","|upkeep","|turn|9","||adding 10 for new turn","|","|t:|1752926199","|move|p1a: Suicune|Surf|p2a: Blissey","|-damage|p2a: Blissey|432/661","|move|p2a: Blissey|Seismic Toss|p1a: Suicune","|-damage|p1a: Suicune|104/404","|","|-weather|Sandstorm|[upkeep]","|-damage|p1a: Suicune|79/404|[from] Sandstorm","|-damage|p2a: Blissey|391/661|[from] Sandstorm","|-heal|p1a: Suicune|104/404|[from] item: Leftovers","|-heal|p2a: Blissey|432/661|[from] item: Leftovers","|upkeep","|turn|10","||adding 10 for new turn","|","|t:|1752926200","|move|p1a: Suicune|Rest|p1a: Suicune","|-status|p1a: Suicune|slp|[from] move: Rest","|-heal|p1a: Suicune|404/404 slp|[silent]","|move|p2a: Blissey|Seismic Toss|p1a: Suicune","|-damage|p1a: Suicune|304/404 slp","|","|-weather|Sandstorm|[upkeep]","|-damage|p1a: Suicune|279/404 slp|[from] Sandstorm","|-damage|p2a: Blissey|391/661|[from] Sandstorm","|-heal|p1a: Suicune|304/404 slp|[from] item: Leftovers","|-heal|p2a: Blissey|432/661|[from] item: Leftovers","|upkeep","|turn|11","||adding 10 for new turn","|","|t:|1752926202","|switch|p2a: Tyranitar|Tyranitar, F|387/387","|cant|p1a: Suicune|slp","|","|-weather|Sandstorm|[upkeep]","|-damage|p1a: Suicune|279/404 slp|[from] Sandstorm","|-heal|p1a: Suicune|304/404 slp|[from] item: Leftovers","|upkeep","|turn|12","||adding 10 for new turn","|","|t:|1752926202","|cant|p1a: Suicune|slp","|move|p2a: Tyranitar|Roar|p1a: Suicune","|drag|p1a: Metagross|Metagross|364/364","|","|-weather|Sandstorm|[upkeep]","|upkeep","|turn|13","||adding 10 for new turn","|","|t:|1752926203","|move|p1a: Metagross|Meteor Mash|p2a: Tyranitar","|-supereffective|p2a: Tyranitar","|-damage|p2a: Tyranitar|102/387","|move|p2a: Tyranitar|Earthquake|p1a: Metagross","|-supereffective|p1a: Metagross","|-damage|p1a: Metagross|149/364","|","|-weather|Sandstorm|[upkeep]","|-heal|p1a: Metagross|171/364|[from] item: Leftovers","|-heal|p2a: Tyranitar|126/387|[from] item: Leftovers","|upkeep","|turn|14","||adding 10 for new turn","|","|t:|1752926205","|switch|p2a: Claydol|Claydol|317/317","|move|p1a: Metagross|Earthquake|p2a: Claydol","|-immune|p2a: Claydol","|","|-weather|Sandstorm|[upkeep]","|-heal|p1a: Metagross|193/364|[from] item: Leftovers","|upkeep","|turn|15","||adding 10 for new turn","|","|t:|1752926206","|move|p1a: Metagross|Explosion|p2a: Claydol","|-damage|p2a: Claydol|0 fnt","|faint|p1a: Metagross","|faint|p2a: Claydol","||adding 5 to each for mid turn request","|","|t:|1752926207","|switch|p1a: Suicune|Suicune|304/404 slp","|switch|p2a: Blissey|Blissey, F|432/661","|-ability|p1a: Suicune|Pressure|[silent]","|","|-weather|Sandstorm|[upkeep]","|-damage|p1a: Suicune|279/404 slp|[from] Sandstorm","|-damage|p2a: Blissey|391/661|[from] Sandstorm","|-heal|p1a: Suicune|304/404 slp|[from] item: Leftovers","|-heal|p2a: Blissey|432/661|[from] item: Leftovers","|upkeep","|turn|16","||adding 10 for new turn","|","|t:|1752926208","|-curestatus|p1a: Suicune|slp|[msg]","|move|p1a: Suicune|Calm Mind|p1a: Suicune","|-boost|p1a: Suicune|spa|1","|-boost|p1a: Suicune|spd|1","|move|p2a: Blissey|Seismic Toss|p1a: Suicune","|-damage|p1a: Suicune|204/404","|","|-weather|Sandstorm|[upkeep]","|-damage|p1a: Suicune|179/404|[from] Sandstorm","|-damage|p2a: Blissey|391/661|[from] Sandstorm","|-heal|p1a: Suicune|204/404|[from] item: Leftovers","|-heal|p2a: Blissey|432/661|[from] item: Leftovers","|upkeep","|turn|17","||adding 10 for new turn","|","|t:|1752926209","|move|p1a: Suicune|Calm Mind|p1a: Suicune","|-boost|p1a: Suicune|spa|1","|-boost|p1a: Suicune|spd|1","|move|p2a: Blissey|Seismic Toss|p1a: Suicune","|-damage|p1a: Suicune|104/404","|","|-weather|Sandstorm|[upkeep]","|-damage|p1a: Suicune|79/404|[from] Sandstorm","|-damage|p2a: Blissey|391/661|[from] Sandstorm","|-heal|p1a: Suicune|104/404|[from] item: Leftovers","|-heal|p2a: Blissey|432/661|[from] item: Leftovers","|upkeep","|turn|18","||adding 10 for new turn","|","|t:|1752926210","|move|p1a: Suicune|Rest|p1a: Suicune","|-status|p1a: Suicune|slp|[from] move: Rest","|-heal|p1a: Suicune|404/404 slp|[silent]","|move|p2a: Blissey|Seismic Toss|p1a: Suicune","|-damage|p1a: Suicune|304/404 slp","|","|-weather|Sandstorm|[upkeep]","|-damage|p1a: Suicune|279/404 slp|[from] Sandstorm","|-damage|p2a: Blissey|391/661|[from] Sandstorm","|-heal|p1a: Suicune|304/404 slp|[from] item: Leftovers","|-heal|p2a: Blissey|432/661|[from] item: Leftovers","|upkeep","|turn|19","||adding 10 for new turn","|","|t:|1752926211","|switch|p2a: Tyranitar|Tyranitar, F|126/387","|cant|p1a: Suicune|slp","|","|-weather|Sandstorm|[upkeep]","|-damage|p1a: Suicune|279/404 slp|[from] Sandstorm","|-heal|p1a: Suicune|304/404 slp|[from] item: Leftovers","|-heal|p2a: Tyranitar|150/387|[from] item: Leftovers","|upkeep","|turn|20","||adding 10 for new turn","|","|t:|1752926212","|cant|p1a: Suicune|slp","|move|p2a: Tyranitar|Roar|p1a: Suicune","|drag|p1a: Snorlax|Snorlax, M|484/484","|","|-weather|Sandstorm|[upkeep]","|-damage|p1a: Snorlax|454/484|[from] Sandstorm","|-heal|p2a: Tyranitar|174/387|[from] item: Leftovers","|-heal|p1a: Snorlax|484/484|[from] item: Leftovers","|upkeep","|turn|21","||adding 10 for new turn","|","|t:|1752926213","|move|p2a: Tyranitar|Rock Slide|p1a: Snorlax","|-damage|p1a: Snorlax|303/484","|move|p1a: Snorlax|Earthquake|p2a: Tyranitar","|-supereffective|p2a: Tyranitar","|-damage|p2a: Tyranitar|9/387","|","|-weather|Sandstorm|[upkeep]","|-damage|p1a: Snorlax|273/484|[from] Sandstorm","|-heal|p2a: Tyranitar|33/387|[from] item: Leftovers","|-heal|p1a: Snorlax|303/484|[from] item: Leftovers","|upkeep","|turn|22","||adding 10 for new turn","|","|t:|1752926214","|move|p2a: Tyranitar|Rock Slide|p1a: Snorlax","|-damage|p1a: Snorlax|146/484","|move|p1a: Snorlax|Body Slam|p2a: Tyranitar","|-resisted|p2a: Tyranitar","|-damage|p2a: Tyranitar|0 fnt","|faint|p2a: Tyranitar","||adding 5 to each for mid turn request","|","|t:|1752926215","|switch|p2a: Dugtrio|Dugtrio, F|211/211","|","|-weather|Sandstorm|[upkeep]","|-damage|p1a: Snorlax|116/484|[from] Sandstorm","|-heal|p1a: Snorlax|146/484|[from] item: Leftovers","|upkeep","|turn|23","||adding 10 for new turn","|","|t:|1752926216","|move|p2a: Dugtrio|Earthquake|p1a: Snorlax","|-damage|p1a: Snorlax|0 fnt","|faint|p1a: Snorlax","||adding 5 to each for mid turn request","|","|t:|1752926217","|switch|p1a: Salamence|Salamence, M|331/331","|-ability|p1a: Salamence|Intimidate|boost","|-unboost|p2a: Dugtrio|atk|1","|","|-weather|Sandstorm|[upkeep]","|-damage|p1a: Salamence|311/331|[from] Sandstorm","|-heal|p1a: Salamence|331/331|[from] item: Leftovers","|upkeep","|turn|24","||adding 10 for new turn","|","|t:|1752926217","|switch|p2a: Milotic|Milotic, M|393/393","|move|p1a: Salamence|Hidden Power|p2a: Milotic","|-damage|p2a: Milotic|278/393","|","|-weather|Sandstorm|[upkeep]","|-damage|p1a: Salamence|311/331|[from] Sandstorm","|-damage|p2a: Milotic|254/393|[from] Sandstorm","|-heal|p1a: Salamence|331/331|[from] item: Leftovers","|-heal|p2a: Milotic|278/393|[from] item: Leftovers","|upkeep","|turn|25","||adding 10 for new turn","|","|t:|1752926218","|switch|p1a: Suicune|Suicune|304/404 slp","|-ability|p1a: Suicune|Pressure|[silent]","|move|p2a: Milotic|Toxic|p1a: Suicune|[miss]","|-miss|p2a: Milotic|p1a: Suicune","|","|-weather|Sandstorm|[upkeep]","|-damage|p2a: Milotic|254/393|[from] Sandstorm","|-damage|p1a: Suicune|279/404 slp|[from] Sandstorm","|-heal|p2a: Milotic|278/393|[from] item: Leftovers","|-heal|p1a: Suicune|304/404 slp|[from] item: Leftovers","|upkeep","|turn|26","||adding 10 for new turn","|","|t:|1752926219","|move|p2a: Milotic|Toxic||[still]","|-fail|p2a: Milotic","|-curestatus|p1a: Suicune|slp|[msg]","|move|p1a: Suicune|Calm Mind|p1a: Suicune","|-boost|p1a: Suicune|spa|1","|-boost|p1a: Suicune|spd|1","|","|-weather|Sandstorm|[upkeep]","|-damage|p2a: Milotic|254/393|[from] Sandstorm","|-damage|p1a: Suicune|279/404|[from] Sandstorm","|-heal|p2a: Milotic|278/393|[from] item: Leftovers","|-heal|p1a: Suicune|304/404|[from] item: Leftovers","|upkeep","|turn|27","||adding 10 for new turn","|","|t:|1752926220","|move|p2a: Milotic|Toxic|p1a: Suicune","|-status|p1a: Suicune|tox","|move|p1a: Suicune|Calm Mind|p1a: Suicune","|-boost|p1a: Suicune|spa|1","|-boost|p1a: Suicune|spd|1","|","|-weather|Sandstorm|[upkeep]","|-damage|p2a: Milotic|254/393|[from] Sandstorm","|-damage|p1a: Suicune|279/404 tox|[from] Sandstorm","|-heal|p2a: Milotic|278/393|[from] item: Leftovers","|-heal|p1a: Suicune|304/404 tox|[from] item: Leftovers","|-damage|p1a: Suicune|279/404 tox|[from] psn","|upkeep","|turn|28","||adding 10 for new turn","|","|t:|1752926221","|move|p2a: Milotic|Recover|p2a: Milotic","|-heal|p2a: Milotic|393/393","|move|p1a: Suicune|Rest|p1a: Suicune","|-status|p1a: Suicune|slp|[from] move: Rest","|-heal|p1a: Suicune|404/404 slp|[silent]","|","|-weather|Sandstorm|[upkeep]","|-damage|p2a: Milotic|369/393|[from] Sandstorm","|-damage|p1a: Suicune|379/404 slp|[from] Sandstorm","|-heal|p2a: Milotic|393/393|[from] item: Leftovers","|-heal|p1a: Suicune|404/404 slp|[from] item: Leftovers","|upkeep","|turn|29","||adding 10 for new turn","|","|t:|1752926222","|switch|p2a: Blissey|Blissey, F|432/661","|cant|p1a: Suicune|slp","|","|-weather|Sandstorm|[upkeep]","|-damage|p1a: Suicune|379/404 slp|[from] Sandstorm","|-damage|p2a: Blissey|391/661|[from] Sandstorm","|-heal|p1a: Suicune|404/404 slp|[from] item: Leftovers","|-heal|p2a: Blissey|432/661|[from] item: Leftovers","|upkeep","|turn|30","||adding 10 for new turn","|","|t:|1752926222","|cant|p1a: Suicune|slp","|move|p2a: Blissey|Soft-Boiled|p2a: Blissey","|-heal|p2a: Blissey|661/661","|","|-weather|Sandstorm|[upkeep]","|-damage|p1a: Suicune|379/404 slp|[from] Sandstorm","|-damage|p2a: Blissey|620/661|[from] Sandstorm","|-heal|p1a: Suicune|404/404 slp|[from] item: Leftovers","|-heal|p2a: Blissey|661/661|[from] item: Leftovers","|upkeep","|turn|31","||adding 10 for new turn","|","|t:|1752926223","|-curestatus|p1a: Suicune|slp|[msg]","|move|p1a: Suicune|Calm Mind|p1a: Suicune","|-boost|p1a: Suicune|spa|1","|-boost|p1a: Suicune|spd|1","|move|p2a: Blissey|Seismic Toss|p1a: Suicune","|-damage|p1a: Suicune|304/404","|","|-weather|Sandstorm|[upkeep]","|-damage|p1a: Suicune|279/404|[from] Sandstorm","|-damage|p2a: Blissey|620/661|[from] Sandstorm","|-heal|p1a: Suicune|304/404|[from] item: Leftovers","|-heal|p2a: Blissey|661/661|[from] item: Leftovers","|upkeep","|turn|32","||adding 10 for new turn","|","|t:|1752926224","|move|p1a: Suicune|Surf|p2a: Blissey","|-damage|p2a: Blissey|440/661","|move|p2a: Blissey|Seismic Toss|p1a: Suicune","|-damage|p1a: Suicune|204/404","|","|-weather|Sandstorm|[upkeep]","|-damage|p1a: Suicune|179/404|[from] Sandstorm","|-damage|p2a: Blissey|399/661|[from] Sandstorm","|-heal|p1a: Suicune|204/404|[from] item: Leftovers","|-heal|p2a: Blissey|440/661|[from] item: Leftovers","|upkeep","|turn|33","||adding 10 for new turn","|","|t:|1752926226","|move|p1a: Suicune|Surf|p2a: Blissey","|-crit|p2a: Blissey","|-damage|p2a: Blissey|0 fnt","|faint|p2a: Blissey","||adding 5 to each for mid turn request","|","|t:|1752926226","|switch|p2a: Milotic|Milotic, M|393/393","|","|-weather|Sandstorm|[upkeep]","|-damage|p2a: Milotic|369/393|[from] Sandstorm","|-damage|p1a: Suicune|179/404|[from] Sandstorm","|-heal|p2a: Milotic|393/393|[from] item: Leftovers","|-heal|p1a: Suicune|204/404|[from] item: Leftovers","|upkeep","|turn|34","||adding 10 for new turn","|","|t:|1752926227","|move|p2a: Milotic|Toxic|p1a: Suicune","|-status|p1a: Suicune|tox","|move|p1a: Suicune|Surf|p2a: Milotic","|-resisted|p2a: Milotic","|-damage|p2a: Milotic|272/393","|","|-weather|Sandstorm|[upkeep]","|-damage|p2a: Milotic|248/393|[from] Sandstorm","|-damage|p1a: Suicune|179/404 tox|[from] Sandstorm","|-heal|p2a: Milotic|272/393|[from] item: Leftovers","|-heal|p1a: Suicune|204/404 tox|[from] item: Leftovers","|-damage|p1a: Suicune|179/404 tox|[from] psn","|upkeep","|turn|35","||adding 10 for new turn","|","|t:|1752926228","|move|p2a: Milotic|Recover|p2a: Milotic","|-heal|p2a: Milotic|393/393","|move|p1a: Suicune|Surf|p2a: Milotic","|-resisted|p2a: Milotic","|-crit|p2a: Milotic","|-damage|p2a: Milotic|130/393","|","|-weather|Sandstorm|[upkeep]","|-damage|p2a: Milotic|106/393|[from] Sandstorm","|-damage|p1a: Suicune|154/404 tox|[from] Sandstorm","|-heal|p2a: Milotic|130/393|[from] item: Leftovers","|-heal|p1a: Suicune|179/404 tox|[from] item: Leftovers","|-damage|p1a: Suicune|129/404 tox|[from] psn","|upkeep","|turn|36","||adding 10 for new turn","|","|t:|1752926229","|move|p2a: Milotic|Recover|p2a: Milotic","|-heal|p2a: Milotic|326/393","|move|p1a: Suicune|Rest|p1a: Suicune","|-status|p1a: Suicune|slp|[from] move: Rest","|-heal|p1a: Suicune|404/404 slp|[silent]","|","|-weather|Sandstorm|[upkeep]","|-damage|p2a: Milotic|302/393|[from] Sandstorm","|-damage|p1a: Suicune|379/404 slp|[from] Sandstorm","|-heal|p2a: Milotic|326/393|[from] item: Leftovers","|-heal|p1a: Suicune|404/404 slp|[from] item: Leftovers","|upkeep","|turn|37","||adding 10 for new turn","|","|t:|1752926230","|move|p2a: Milotic|Recover|p2a: Milotic","|-heal|p2a: Milotic|393/393","|cant|p1a: Suicune|slp","|","|-weather|Sandstorm|[upkeep]","|-damage|p2a: Milotic|369/393|[from] Sandstorm","|-damage|p1a: Suicune|379/404 slp|[from] Sandstorm","|-heal|p2a: Milotic|393/393|[from] item: Leftovers","|-heal|p1a: Suicune|404/404 slp|[from] item: Leftovers","|upkeep","|turn|38","||adding 10 for new turn","|","|t:|1752926231","|move|p2a: Milotic|Surf|p1a: Suicune","|-resisted|p1a: Suicune","|-damage|p1a: Suicune|387/404 slp","|cant|p1a: Suicune|slp","|","|-weather|Sandstorm|[upkeep]","|-damage|p2a: Milotic|369/393|[from] Sandstorm","|-damage|p1a: Suicune|362/404 slp|[from] Sandstorm","|-heal|p2a: Milotic|393/393|[from] item: Leftovers","|-heal|p1a: Suicune|387/404 slp|[from] item: Leftovers","|upkeep","|turn|39","||adding 10 for new turn","|","|t:|1752926231","|move|p2a: Milotic|Surf|p1a: Suicune","|-resisted|p1a: Suicune","|-damage|p1a: Suicune|370/404 slp","|-curestatus|p1a: Suicune|slp|[msg]","|move|p1a: Suicune|Surf|p2a: Milotic","|-resisted|p2a: Milotic","|-damage|p2a: Milotic|263/393","|","|-weather|Sandstorm|[upkeep]","|-damage|p2a: Milotic|239/393|[from] Sandstorm","|-damage|p1a: Suicune|345/404|[from] Sandstorm","|-heal|p2a: Milotic|263/393|[from] item: Leftovers","|-heal|p1a: Suicune|370/404|[from] item: Leftovers","|upkeep","|turn|40","||adding 10 for new turn","|","|t:|1752926232","|move|p2a: Milotic|Recover|p2a: Milotic","|-heal|p2a: Milotic|393/393","|move|p1a: Suicune|Surf|p2a: Milotic","|-resisted|p2a: Milotic","|-damage|p2a: Milotic|256/393","|","|-weather|Sandstorm|[upkeep]","|-damage|p2a: Milotic|232/393|[from] Sandstorm","|-damage|p1a: Suicune|345/404|[from] Sandstorm","|-heal|p2a: Milotic|256/393|[from] item: Leftovers","|-heal|p1a: Suicune|370/404|[from] item: Leftovers","|upkeep","|turn|41","||adding 10 for new turn","|","|t:|1752926233","|move|p2a: Milotic|Toxic|p1a: Suicune","|-status|p1a: Suicune|tox","|move|p1a: Suicune|Surf|p2a: Milotic","|-resisted|p2a: Milotic","|-damage|p2a: Milotic|122/393","|","|-weather|Sandstorm|[upkeep]","|-damage|p2a: Milotic|98/393|[from] Sandstorm","|-damage|p1a: Suicune|345/404 tox|[from] Sandstorm","|-heal|p2a: Milotic|122/393|[from] item: Leftovers","|-heal|p1a: Suicune|370/404 tox|[from] item: Leftovers","|-damage|p1a: Suicune|345/404 tox|[from] psn","|upkeep","|turn|42","||adding 10 for new turn","|","|t:|1752926234","|move|p2a: Milotic|Recover|p2a: Milotic","|-heal|p2a: Milotic|318/393","|move|p1a: Suicune|Rest|p1a: Suicune","|-status|p1a: Suicune|slp|[from] move: Rest","|-heal|p1a: Suicune|404/404 slp|[silent]","|","|-weather|Sandstorm|[upkeep]","|-damage|p2a: Milotic|294/393|[from] Sandstorm","|-damage|p1a: Suicune|379/404 slp|[from] Sandstorm","|-heal|p2a: Milotic|318/393|[from] item: Leftovers","|-heal|p1a: Suicune|404/404 slp|[from] item: Leftovers","|upkeep","|turn|43","||adding 10 for new turn","|","|t:|1752926235","|move|p2a: Milotic|Recover|p2a: Milotic","|-heal|p2a: Milotic|393/393","|cant|p1a: Suicune|slp","|","|-weather|Sandstorm|[upkeep]","|-damage|p2a: Milotic|369/393|[from] Sandstorm","|-damage|p1a: Suicune|379/404 slp|[from] Sandstorm","|-heal|p2a: Milotic|393/393|[from] item: Leftovers","|-heal|p1a: Suicune|404/404 slp|[from] item: Leftovers","|upkeep","|turn|44","||adding 10 for new turn","|","|t:|1752926235","|move|p2a: Milotic|Surf|p1a: Suicune","|-resisted|p1a: Suicune","|-damage|p1a: Suicune|386/404 slp","|cant|p1a: Suicune|slp","|","|-weather|Sandstorm|[upkeep]","|-damage|p2a: Milotic|369/393|[from] Sandstorm","|-damage|p1a: Suicune|361/404 slp|[from] Sandstorm","|-heal|p2a: Milotic|393/393|[from] item: Leftovers","|-heal|p1a: Suicune|386/404 slp|[from] item: Leftovers","|upkeep","|turn|45","||adding 10 for new turn","|","|t:|1752926236","|move|p2a: Milotic|Surf|p1a: Suicune","|-resisted|p1a: Suicune","|-damage|p1a: Suicune|369/404 slp","|-curestatus|p1a: Suicune|slp|[msg]","|move|p1a: Suicune|Surf|p2a: Milotic","|-resisted|p2a: Milotic","|-damage|p2a: Milotic|269/393","|","|-weather|Sandstorm|[upkeep]","|-damage|p2a: Milotic|245/393|[from] Sandstorm","|-damage|p1a: Suicune|344/404|[from] Sandstorm","|-heal|p2a: Milotic|269/393|[from] item: Leftovers","|-heal|p1a: Suicune|369/404|[from] item: Leftovers","|upkeep","|turn|46","||adding 10 for new turn","|","|t:|1752926237","|move|p2a: Milotic|Recover|p2a: Milotic","|-heal|p2a: Milotic|393/393","|move|p1a: Suicune|Surf|p2a: Milotic","|-resisted|p2a: Milotic","|-damage|p2a: Milotic|265/393","|","|-weather|Sandstorm|[upkeep]","|-damage|p2a: Milotic|241/393|[from] Sandstorm","|-damage|p1a: Suicune|344/404|[from] Sandstorm","|-heal|p2a: Milotic|265/393|[from] item: Leftovers","|-heal|p1a: Suicune|369/404|[from] item: Leftovers","|upkeep","|turn|47","||adding 10 for new turn","|","|t:|1752926238","|move|p2a: Milotic|Toxic|p1a: Suicune","|-status|p1a: Suicune|tox","|move|p1a: Suicune|Surf|p2a: Milotic","|-resisted|p2a: Milotic","|-damage|p2a: Milotic|148/393","|","|-weather|Sandstorm|[upkeep]","|-damage|p2a: Milotic|124/393|[from] Sandstorm","|-damage|p1a: Suicune|344/404 tox|[from] Sandstorm","|-heal|p2a: Milotic|148/393|[from] item: Leftovers","|-heal|p1a: Suicune|369/404 tox|[from] item: Leftovers","|-damage|p1a: Suicune|344/404 tox|[from] psn","|upkeep","|turn|48","||adding 10 for new turn","|","|t:|1752926239","|move|p2a: Milotic|Recover|p2a: Milotic","|-heal|p2a: Milotic|344/393","|move|p1a: Suicune|Rest|p1a: Suicune","|-status|p1a: Suicune|slp|[from] move: Rest","|-heal|p1a: Suicune|404/404 slp|[silent]","|","|-weather|Sandstorm|[upkeep]","|-damage|p2a: Milotic|320/393|[from] Sandstorm","|-damage|p1a: Suicune|379/404 slp|[from] Sandstorm","|-heal|p2a: Milotic|344/393|[from] item: Leftovers","|-heal|p1a: Suicune|404/404 slp|[from] item: Leftovers","|upkeep","|turn|49","||adding 10 for new turn","|","|t:|1752926239","|move|p2a: Milotic|Recover|p2a: Milotic","|-heal|p2a: Milotic|393/393","|cant|p1a: Suicune|slp","|","|-weather|Sandstorm|[upkeep]","|-damage|p2a: Milotic|369/393|[from] Sandstorm","|-damage|p1a: Suicune|379/404 slp|[from] Sandstorm","|-heal|p2a: Milotic|393/393|[from] item: Leftovers","|-heal|p1a: Suicune|404/404 slp|[from] item: Leftovers","|upkeep","|turn|50","||adding 10 for new turn","|","|t:|1752926240","|move|p2a: Milotic|Surf|p1a: Suicune","|-resisted|p1a: Suicune","|-crit|p1a: Suicune","|-damage|p1a: Suicune|325/404 slp","|cant|p1a: Suicune|slp","|","|-weather|Sandstorm|[upkeep]","|-damage|p2a: Milotic|369/393|[from] Sandstorm","|-damage|p1a: Suicune|300/404 slp|[from] Sandstorm","|-heal|p2a: Milotic|393/393|[from] item: Leftovers","|-heal|p1a: Suicune|325/404 slp|[from] item: Leftovers","|upkeep","|turn|51","||adding 10 for new turn","|","|t:|1752926241","|move|p2a: Milotic|Surf|p1a: Suicune","|-resisted|p1a: Suicune","|-damage|p1a: Suicune|309/404 slp","|-curestatus|p1a: Suicune|slp|[msg]","|move|p1a: Suicune|Surf|p2a: Milotic","|-resisted|p2a: Milotic","|-damage|p2a: Milotic|266/393","|","|-weather|Sandstorm|[upkeep]","|-damage|p2a: Milotic|242/393|[from] Sandstorm","|-damage|p1a: Suicune|284/404|[from] Sandstorm","|-heal|p2a: Milotic|266/393|[from] item: Leftovers","|-heal|p1a: Suicune|309/404|[from] item: Leftovers","|upkeep","|turn|52","||adding 10 for new turn","|","|t:|1752926242","|move|p2a: Milotic|Recover|p2a: Milotic","|-heal|p2a: Milotic|393/393","|move|p1a: Suicune|Surf|p2a: Milotic","|-resisted|p2a: Milotic","|-damage|p2a: Milotic|267/393","|","|-weather|Sandstorm|[upkeep]","|-damage|p2a: Milotic|243/393|[from] Sandstorm","|-damage|p1a: Suicune|284/404|[from] Sandstorm","|-heal|p2a: Milotic|267/393|[from] item: Leftovers","|-heal|p1a: Suicune|309/404|[from] item: Leftovers","|upkeep","|turn|53","||adding 10 for new turn","|","|t:|1752926242","|move|p2a: Milotic|Recover|p2a: Milotic","|-heal|p2a: Milotic|393/393","|move|p1a: Suicune|Surf|p2a: Milotic","|-resisted|p2a: Milotic","|-damage|p2a: Milotic|262/393","|","|-weather|Sandstorm|[upkeep]","|-damage|p2a: Milotic|238/393|[from] Sandstorm","|-damage|p1a: Suicune|284/404|[from] Sandstorm","|-heal|p2a: Milotic|262/393|[from] item: Leftovers","|-heal|p1a: Suicune|309/404|[from] item: Leftovers","|upkeep","|turn|54","||adding 10 for new turn","|","|t:|1752926243","|move|p2a: Milotic|Recover|p2a: Milotic","|-heal|p2a: Milotic|393/393","|move|p1a: Suicune|Surf|p2a: Milotic","|-resisted|p2a: Milotic","|-damage|p2a: Milotic|273/393","|","|-weather|Sandstorm|[upkeep]","|-damage|p2a: Milotic|249/393|[from] Sandstorm","|-damage|p1a: Suicune|284/404|[from] Sandstorm","|-heal|p2a: Milotic|273/393|[from] item: Leftovers","|-heal|p1a: Suicune|309/404|[from] item: Leftovers","|upkeep","|turn|55","||adding 10 for new turn","|","|t:|1752926244","|move|p2a: Milotic|Recover|p2a: Milotic","|-heal|p2a: Milotic|393/393","|move|p1a: Suicune|Surf|p2a: Milotic","|-resisted|p2a: Milotic","|-damage|p2a: Milotic|256/393","|","|-weather|Sandstorm|[upkeep]","|-damage|p2a: Milotic|232/393|[from] Sandstorm","|-damage|p1a: Suicune|284/404|[from] Sandstorm","|-heal|p2a: Milotic|256/393|[from] item: Leftovers","|-heal|p1a: Suicune|309/404|[from] item: Leftovers","|upkeep","|turn|56","||adding 10 for new turn","|","|t:|1752926245","|move|p2a: Milotic|Recover|p2a: Milotic","|-heal|p2a: Milotic|393/393","|move|p1a: Suicune|Surf|p2a: Milotic","|-resisted|p2a: Milotic","|-damage|p2a: Milotic|269/393","|","|-weather|Sandstorm|[upkeep]","|-damage|p2a: Milotic|245/393|[from] Sandstorm","|-damage|p1a: Suicune|284/404|[from] Sandstorm","|-heal|p2a: Milotic|269/393|[from] item: Leftovers","|-heal|p1a: Suicune|309/404|[from] item: Leftovers","|upkeep","|turn|57","||adding 10 for new turn","|","|t:|1752926245","|move|p2a: Milotic|Recover|p2a: Milotic","|-heal|p2a: Milotic|393/393","|move|p1a: Suicune|Surf|p2a: Milotic","|-resisted|p2a: Milotic","|-damage|p2a: Milotic|259/393","|","|-weather|Sandstorm|[upkeep]","|-damage|p2a: Milotic|235/393|[from] Sandstorm","|-damage|p1a: Suicune|284/404|[from] Sandstorm","|-heal|p2a: Milotic|259/393|[from] item: Leftovers","|-heal|p1a: Suicune|309/404|[from] item: Leftovers","|upkeep","|turn|58","||adding 10 for new turn","|","|t:|1752926246","|move|p2a: Milotic|Recover|p2a: Milotic","|-heal|p2a: Milotic|393/393","|move|p1a: Suicune|Surf|p2a: Milotic","|-resisted|p2a: Milotic","|-damage|p2a: Milotic|274/393","|","|-weather|Sandstorm|[upkeep]","|-damage|p2a: Milotic|250/393|[from] Sandstorm","|-damage|p1a: Suicune|284/404|[from] Sandstorm","|-heal|p2a: Milotic|274/393|[from] item: Leftovers","|-heal|p1a: Suicune|309/404|[from] item: Leftovers","|upkeep","|turn|59","||adding 10 for new turn","|","|t:|1752926247","|move|p2a: Milotic|Recover|p2a: Milotic","|-heal|p2a: Milotic|393/393","|move|p1a: Suicune|Surf|p2a: Milotic","|-resisted|p2a: Milotic","|-crit|p2a: Milotic","|-damage|p2a: Milotic|122/393","|","|-weather|Sandstorm|[upkeep]","|-damage|p2a: Milotic|98/393|[from] Sandstorm","|-damage|p1a: Suicune|284/404|[from] Sandstorm","|-heal|p2a: Milotic|122/393|[from] item: Leftovers","|-heal|p1a: Suicune|309/404|[from] item: Leftovers","|upkeep","|turn|60","||adding 10 for new turn","|","|t:|1752926248","|move|p2a: Milotic|Recover|p2a: Milotic","|-heal|p2a: Milotic|318/393","|move|p1a: Suicune|Surf|p2a: Milotic","|-resisted|p2a: Milotic","|-damage|p2a: Milotic|187/393","|","|-weather|Sandstorm|[upkeep]","|-damage|p2a: Milotic|163/393|[from] Sandstorm","|-damage|p1a: Suicune|284/404|[from] Sandstorm","|-heal|p2a: Milotic|187/393|[from] item: Leftovers","|-heal|p1a: Suicune|309/404|[from] item: Leftovers","|upkeep","|turn|61","||adding 10 for new turn","|","|t:|1752926248","|move|p2a: Milotic|Recover|p2a: Milotic","|-heal|p2a: Milotic|383/393","|move|p1a: Suicune|Surf|p2a: Milotic","|-resisted|p2a: Milotic","|-damage|p2a: Milotic|255/393","|","|-weather|Sandstorm|[upkeep]","|-damage|p2a: Milotic|231/393|[from] Sandstorm","|-damage|p1a: Suicune|284/404|[from] Sandstorm","|-heal|p2a: Milotic|255/393|[from] item: Leftovers","|-heal|p1a: Suicune|309/404|[from] item: Leftovers","|upkeep","|turn|62","||adding 10 for new turn","|","|t:|1752926249","|move|p2a: Milotic|Recover|p2a: Milotic","|-heal|p2a: Milotic|393/393","|move|p1a: Suicune|Surf|p2a: Milotic","|-resisted|p2a: Milotic","|-damage|p2a: Milotic|269/393","|","|-weather|Sandstorm|[upkeep]","|-damage|p2a: Milotic|245/393|[from] Sandstorm","|-damage|p1a: Suicune|284/404|[from] Sandstorm","|-heal|p2a: Milotic|269/393|[from] item: Leftovers","|-heal|p1a: Suicune|309/404|[from] item: Leftovers","|upkeep","|turn|63","||adding 10 for new turn","|","|t:|1752926250","|move|p2a: Milotic|Recover|p2a: Milotic","|-heal|p2a: Milotic|393/393","|move|p1a: Suicune|Rest|p1a: Suicune","|-status|p1a: Suicune|slp|[from] move: Rest","|-heal|p1a: Suicune|404/404 slp|[silent]","|","|-weather|Sandstorm|[upkeep]","|-damage|p2a: Milotic|369/393|[from] Sandstorm","|-damage|p1a: Suicune|379/404 slp|[from] Sandstorm","|-heal|p2a: Milotic|393/393|[from] item: Leftovers","|-heal|p1a: Suicune|404/404 slp|[from] item: Leftovers","|upkeep","|turn|64","||adding 10 for new turn","|","|t:|1752926251","|switch|p2a: Dugtrio|Dugtrio, F|211/211","|cant|p1a: Suicune|slp","|","|-weather|Sandstorm|[upkeep]","|-damage|p1a: Suicune|379/404 slp|[from] Sandstorm","|-heal|p1a: Suicune|404/404 slp|[from] item: Leftovers","|upkeep","|turn|65","||adding 10 for new turn","|","|t:|1752926252","|move|p2a: Dugtrio|Earthquake|p1a: Suicune","|-damage|p1a: Suicune|241/404 slp","|cant|p1a: Suicune|slp","|","|-weather|Sandstorm|[upkeep]","|-damage|p1a: Suicune|216/404 slp|[from] Sandstorm","|-heal|p1a: Suicune|241/404 slp|[from] item: Leftovers","|upkeep","|turn|66","||adding 10 for new turn","|","|t:|1752926252","|switch|p2a: Milotic|Milotic, M|393/393","|-curestatus|p1a: Suicune|slp|[msg]","|move|p1a: Suicune|Ice Beam|p2a: Milotic","|-resisted|p2a: Milotic","|-damage|p2a: Milotic|314/393","|","|-weather|Sandstorm|[upkeep]","|-damage|p2a: Milotic|290/393|[from] Sandstorm","|-damage|p1a: Suicune|216/404|[from] Sandstorm","|-heal|p2a: Milotic|314/393|[from] item: Leftovers","|-heal|p1a: Suicune|241/404|[from] item: Leftovers","|upkeep","|turn|67","||adding 10 for new turn","|","|t:|1752926253","|move|p2a: Milotic|Toxic|p1a: Suicune","|-status|p1a: Suicune|tox","|move|p1a: Suicune|Rest|p1a: Suicune","|-status|p1a: Suicune|slp|[from] move: Rest","|-heal|p1a: Suicune|404/404 slp|[silent]","|","|-weather|Sandstorm|[upkeep]","|-damage|p2a: Milotic|290/393|[from] Sandstorm","|-damage|p1a: Suicune|379/404 slp|[from] Sandstorm","|-heal|p2a: Milotic|314/393|[from] item: Leftovers","|-heal|p1a: Suicune|404/404 slp|[from] item: Leftovers","|upkeep","|turn|68","||adding 10 for new turn","|","|t:|1752926254","|move|p2a: Milotic|Recover|p2a: Milotic","|-heal|p2a: Milotic|393/393","|cant|p1a: Suicune|slp","|","|-weather|Sandstorm|[upkeep]","|-damage|p2a: Milotic|369/393|[from] Sandstorm","|-damage|p1a: Suicune|379/404 slp|[from] Sandstorm","|-heal|p2a: Milotic|393/393|[from] item: Leftovers","|-heal|p1a: Suicune|404/404 slp|[from] item: Leftovers","|upkeep","|turn|69","||adding 10 for new turn","|","|t:|1752926255","|move|p2a: Milotic|Surf|p1a: Suicune","|-resisted|p1a: Suicune","|-damage|p1a: Suicune|385/404 slp","|cant|p1a: Suicune|slp","|","|-weather|Sandstorm|[upkeep]","|-damage|p2a: Milotic|369/393|[from] Sandstorm","|-damage|p1a: Suicune|360/404 slp|[from] Sandstorm","|-heal|p2a: Milotic|393/393|[from] item: Leftovers","|-heal|p1a: Suicune|385/404 slp|[from] item: Leftovers","|upkeep","|turn|70","||adding 10 for new turn","|","|t:|1752926255","|move|p2a: Milotic|Surf|p1a: Suicune","|-resisted|p1a: Suicune","|-damage|p1a: Suicune|369/404 slp","|-curestatus|p1a: Suicune|slp|[msg]","|move|p1a: Suicune|Calm Mind|p1a: Suicune","|-boost|p1a: Suicune|spa|1","|-boost|p1a: Suicune|spd|1","|","|-weather|Sandstorm|[upkeep]","|-damage|p2a: Milotic|369/393|[from] Sandstorm","|-damage|p1a: Suicune|344/404|[from] Sandstorm","|-heal|p2a: Milotic|393/393|[from] item: Leftovers","|-heal|p1a: Suicune|369/404|[from] item: Leftovers","|upkeep","|turn|71","||adding 10 for new turn","|","|t:|1752926256","|move|p2a: Milotic|Toxic|p1a: Suicune|[miss]","|-miss|p2a: Milotic|p1a: Suicune","|move|p1a: Suicune|Rest|p1a: Suicune","|-status|p1a: Suicune|slp|[from] move: Rest","|-heal|p1a: Suicune|404/404 slp|[silent]","|","|-weather|Sandstorm|[upkeep]","|-damage|p2a: Milotic|369/393|[from] Sandstorm","|-damage|p1a: Suicune|379/404 slp|[from] Sandstorm","|-heal|p2a: Milotic|393/393|[from] item: Leftovers","|-heal|p1a: Suicune|404/404 slp|[from] item: Leftovers","|upkeep","|turn|72","||adding 10 for new turn","|","|t:|1752926257","|switch|p2a: Dugtrio|Dugtrio, F|211/211","|cant|p1a: Suicune|slp","|","|-weather|Sandstorm|[upkeep]","|-damage|p1a: Suicune|379/404 slp|[from] Sandstorm","|-heal|p1a: Suicune|404/404 slp|[from] item: Leftovers","|upkeep","|turn|73","||adding 10 for new turn","|","|t:|1752926258","|move|p2a: Dugtrio|Earthquake|p1a: Suicune","|-damage|p1a: Suicune|246/404 slp","|cant|p1a: Suicune|slp","|","|-weather|Sandstorm|[upkeep]","|-damage|p1a: Suicune|221/404 slp|[from] Sandstorm","|-heal|p1a: Suicune|246/404 slp|[from] item: Leftovers","|upkeep","|turn|74","||adding 10 for new turn","|","|t:|1752926259","|switch|p2a: Milotic|Milotic, M|393/393","|-curestatus|p1a: Suicune|slp|[msg]","|move|p1a: Suicune|Surf|p2a: Milotic","|-resisted|p2a: Milotic","|-damage|p2a: Milotic|233/393","|","|-weather|Sandstorm|[upkeep]","|-damage|p2a: Milotic|209/393|[from] Sandstorm","|-damage|p1a: Suicune|221/404|[from] Sandstorm","|-heal|p2a: Milotic|233/393|[from] item: Leftovers","|-heal|p1a: Suicune|246/404|[from] item: Leftovers","|upkeep","|turn|75","||adding 10 for new turn","|","|t:|1752926259","|move|p2a: Milotic|Recover|p2a: Milotic","|-heal|p2a: Milotic|393/393","|move|p1a: Suicune|Calm Mind|p1a: Suicune","|-boost|p1a: Suicune|spa|1","|-boost|p1a: Suicune|spd|1","|","|-weather|Sandstorm|[upkeep]","|-damage|p2a: Milotic|369/393|[from] Sandstorm","|-damage|p1a: Suicune|221/404|[from] Sandstorm","|-heal|p2a: Milotic|393/393|[from] item: Leftovers","|-heal|p1a: Suicune|246/404|[from] item: Leftovers","|upkeep","|turn|76","||adding 10 for new turn","|","|t:|1752926260","|move|p2a: Milotic|Refresh||[still]","|-fail|p2a: Milotic","|move|p1a: Suicune|Calm Mind|p1a: Suicune","|-boost|p1a: Suicune|spa|1","|-boost|p1a: Suicune|spd|1","|","|-weather|Sandstorm|[upkeep]","|-damage|p2a: Milotic|369/393|[from] Sandstorm","|-damage|p1a: Suicune|221/404|[from] Sandstorm","|-heal|p2a: Milotic|393/393|[from] item: Leftovers","|-heal|p1a: Suicune|246/404|[from] item: Leftovers","|upkeep","|turn|77","||adding 10 for new turn","|","|t:|1752926261","|move|p2a: Milotic|Refresh||[still]","|-fail|p2a: Milotic","|move|p1a: Suicune|Ice Beam|p2a: Milotic","|-resisted|p2a: Milotic","|-damage|p2a: Milotic|264/393","|","|-weather|Sandstorm|[upkeep]","|-damage|p2a: Milotic|240/393|[from] Sandstorm","|-damage|p1a: Suicune|221/404|[from] Sandstorm","|-heal|p2a: Milotic|264/393|[from] item: Leftovers","|-heal|p1a: Suicune|246/404|[from] item: Leftovers","|upkeep","|turn|78","||adding 10 for new turn","|","|t:|1752926262","|move|p2a: Milotic|Recover|p2a: Milotic","|-heal|p2a: Milotic|393/393","|move|p1a: Suicune|Ice Beam|p2a: Milotic","|-resisted|p2a: Milotic","|-damage|p2a: Milotic|247/393","|","|-weather|Sandstorm|[upkeep]","|-damage|p2a: Milotic|223/393|[from] Sandstorm","|-damage|p1a: Suicune|221/404|[from] Sandstorm","|-heal|p2a: Milotic|247/393|[from] item: Leftovers","|-heal|p1a: Suicune|246/404|[from] item: Leftovers","|upkeep","|turn|79","||adding 10 for new turn","|","|t:|1752926262","|move|p2a: Milotic|Recover|p2a: Milotic","|-heal|p2a: Milotic|393/393","|move|p1a: Suicune|Ice Beam|p2a: Milotic","|-resisted|p2a: Milotic","|-damage|p2a: Milotic|264/393","|","|-weather|Sandstorm|[upkeep]","|-damage|p2a: Milotic|240/393|[from] Sandstorm","|-damage|p1a: Suicune|221/404|[from] Sandstorm","|-heal|p2a: Milotic|264/393|[from] item: Leftovers","|-heal|p1a: Suicune|246/404|[from] item: Leftovers","|upkeep","|turn|80","||adding 10 for new turn","|","|t:|1752926263","|move|p2a: Milotic|Recover|p2a: Milotic","|-heal|p2a: Milotic|393/393","|move|p1a: Suicune|Ice Beam|p2a: Milotic","|-resisted|p2a: Milotic","|-damage|p2a: Milotic|259/393","|","|-weather|Sandstorm|[upkeep]","|-damage|p2a: Milotic|235/393|[from] Sandstorm","|-damage|p1a: Suicune|221/404|[from] Sandstorm","|-heal|p2a: Milotic|259/393|[from] item: Leftovers","|-heal|p1a: Suicune|246/404|[from] item: Leftovers","|upkeep","|turn|81","||adding 10 for new turn","|","|t:|1752926264","|move|p2a: Milotic|Recover|p2a: Milotic","|-heal|p2a: Milotic|393/393","|move|p1a: Suicune|Ice Beam|p2a: Milotic","|-resisted|p2a: Milotic","|-damage|p2a: Milotic|264/393","|-status|p2a: Milotic|frz","|","|-weather|Sandstorm|[upkeep]","|-damage|p2a: Milotic|240/393 frz|[from] Sandstorm","|-damage|p1a: Suicune|221/404|[from] Sandstorm","|-heal|p2a: Milotic|264/393 frz|[from] item: Leftovers","|-heal|p1a: Suicune|246/404|[from] item: Leftovers","|upkeep","|turn|82","||adding 10 for new turn","|","|t:|1752926265","|cant|p2a: Milotic|frz","|move|p1a: Suicune|Ice Beam|p2a: Milotic","|-resisted|p2a: Milotic","|-damage|p2a: Milotic|126/393 frz","|","|-weather|Sandstorm|[upkeep]","|-damage|p2a: Milotic|102/393 frz|[from] Sandstorm","|-damage|p1a: Suicune|221/404|[from] Sandstorm","|-heal|p2a: Milotic|126/393 frz|[from] item: Leftovers","|-heal|p1a: Suicune|246/404|[from] item: Leftovers","|upkeep","|turn|83","||adding 10 for new turn","|","|t:|1752926265","|-curestatus|p2a: Milotic|frz|[msg]","|move|p2a: Milotic|Recover|p2a: Milotic","|-heal|p2a: Milotic|322/393","|move|p1a: Suicune|Ice Beam|p2a: Milotic","|-resisted|p2a: Milotic","|-damage|p2a: Milotic|176/393","|","|-weather|Sandstorm|[upkeep]","|-damage|p2a: Milotic|152/393|[from] Sandstorm","|-damage|p1a: Suicune|221/404|[from] Sandstorm","|-heal|p2a: Milotic|176/393|[from] item: Leftovers","|-heal|p1a: Suicune|246/404|[from] item: Leftovers","|upkeep","|turn|84","||adding 10 for new turn","|","|t:|1752926266","|move|p2a: Milotic|Recover|p2a: Milotic","|-heal|p2a: Milotic|372/393","|move|p1a: Suicune|Ice Beam|p2a: Milotic","|-resisted|p2a: Milotic","|-damage|p2a: Milotic|235/393","|","|-weather|Sandstorm|[upkeep]","|-damage|p2a: Milotic|211/393|[from] Sandstorm","|-damage|p1a: Suicune|221/404|[from] Sandstorm","|-heal|p2a: Milotic|235/393|[from] item: Leftovers","|-heal|p1a: Suicune|246/404|[from] item: Leftovers","|upkeep","|turn|85","||adding 10 for new turn","|","|t:|1752926267","|move|p2a: Milotic|Recover|p2a: Milotic","|-heal|p2a: Milotic|393/393","|move|p1a: Suicune|Ice Beam|p2a: Milotic","|-resisted|p2a: Milotic","|-damage|p2a: Milotic|250/393","|","|-weather|Sandstorm|[upkeep]","|-damage|p2a: Milotic|226/393|[from] Sandstorm","|-damage|p1a: Suicune|221/404|[from] Sandstorm","|-heal|p2a: Milotic|250/393|[from] item: Leftovers","|-heal|p1a: Suicune|246/404|[from] item: Leftovers","|upkeep","|turn|86","||adding 10 for new turn","|","|t:|1752926268","|move|p2a: Milotic|Surf|p1a: Suicune","|-resisted|p1a: Suicune","|-damage|p1a: Suicune|234/404","|move|p1a: Suicune|Ice Beam|p2a: Milotic","|-resisted|p2a: Milotic","|-damage|p2a: Milotic|119/393","|","|-weather|Sandstorm|[upkeep]","|-damage|p2a: Milotic|95/393|[from] Sandstorm","|-damage|p1a: Suicune|209/404|[from] Sandstorm","|-heal|p2a: Milotic|119/393|[from] item: Leftovers","|-heal|p1a: Suicune|234/404|[from] item: Leftovers","|upkeep","|turn|87","||adding 10 for new turn","|","|t:|1752926268","|move|p2a: Milotic|Recover|p2a: Milotic","|-heal|p2a: Milotic|315/393","|move|p1a: Suicune|Ice Beam|p2a: Milotic","|-resisted|p2a: Milotic","|-damage|p2a: Milotic|180/393","|","|-weather|Sandstorm|[upkeep]","|-damage|p2a: Milotic|156/393|[from] Sandstorm","|-damage|p1a: Suicune|209/404|[from] Sandstorm","|-heal|p2a: Milotic|180/393|[from] item: Leftovers","|-heal|p1a: Suicune|234/404|[from] item: Leftovers","|upkeep","|turn|88","||adding 10 for new turn","|","|t:|1752926269","|move|p2a: Milotic|Surf|p1a: Suicune","|-resisted|p1a: Suicune","|-damage|p1a: Suicune|223/404","|move|p1a: Suicune|Ice Beam|p2a: Milotic","|-resisted|p2a: Milotic","|-damage|p2a: Milotic|37/393","|","|-weather|Sandstorm|[upkeep]","|-damage|p2a: Milotic|13/393|[from] Sandstorm","|-damage|p1a: Suicune|198/404|[from] Sandstorm","|-heal|p2a: Milotic|37/393|[from] item: Leftovers","|-heal|p1a: Suicune|223/404|[from] item: Leftovers","|upkeep","|turn|89","||adding 10 for new turn","|","|t:|1752926270","|switch|p2a: Dugtrio|Dugtrio, F|211/211","|move|p1a: Suicune|Ice Beam|p2a: Dugtrio","|-supereffective|p2a: Dugtrio","|-damage|p2a: Dugtrio|0 fnt","|faint|p2a: Dugtrio","||adding 5 to each for mid turn request","|","|t:|1752926271","|switch|p2a: Milotic|Milotic, M|37/393","|","|-weather|Sandstorm|[upkeep]","|-damage|p2a: Milotic|13/393|[from] Sandstorm","|-damage|p1a: Suicune|198/404|[from] Sandstorm","|-heal|p2a: Milotic|37/393|[from] item: Leftovers","|-heal|p1a: Suicune|223/404|[from] item: Leftovers","|upkeep","|turn|90","||adding 10 for new turn","|","|t:|1752926271","|move|p2a: Milotic|Surf|p1a: Suicune","|-resisted|p1a: Suicune","|-damage|p1a: Suicune|213/404","|move|p1a: Suicune|Ice Beam|p2a: Milotic","|-resisted|p2a: Milotic","|-damage|p2a: Milotic|0 fnt","|faint|p2a: Milotic","|","|win|foultestchallenge1",""],"p1rating":null,"p2rating":null,"endType":"normal","ladderError":true,"timestamp":"Sat Jul 19 2025 04:57:51 GMT-0700 (アメリカ太平洋夏時間)","roomid":"battle-gen3ou-976","format":"gen3ou"}