{"winner":"foultestchallenge1","seed":"sodium,0005edaedf8290ed8195f48807d7b81c","turns":135,"p1":"foultestchallenge1","p2":"foultestacceptor1","p1team":[{"name":"Metagross","species":"Metagross","item":"Leftovers","ability":"Clear Body","moves":["Meteor Mash","Earthquake","Agility","Explosion"],"nature":"Adamant","evs":{"hp":152,"atk":252,"def":0,"spa":0,"spd":0,"spe":104},"gender":"N","level":100,"ivs":{"hp":31,"atk":31,"def":31,"spa":31,"spd":31,"spe":31}},{"name":"Milotic","species":"Milotic","item":"Leftovers","ability":"Marvel Scale","moves":["Hypnosis","Surf","Ice Beam","Recover"],"nature":"Bold","evs":{"hp":248,"atk":0,"def":212,"spa":0,"spd":0,"spe":48},"gender":"F","ivs":{"hp":31,"atk":0,"def":31,"spa":31,"spd":31,"spe":31},"level":100},{"name":"Celebi","species":"Celebi","item":"Leftovers","ability":"Natural Cure","moves":["Swords Dance","Hidden Power Rock","Baton Pass","Recover"],"nature":"Jolly","evs":{"hp":240,"atk":0,"def":44,"spa":0,"spd":4,"spe":220},"gender":"N","ivs":{"hp":31,"atk":31,"def":30,"spa":31,"spd":30,"spe":30},"happiness":255,"hpType":"Rock","pokeball":"","gigantamax":false,"dynamaxLevel":10,"teraType":"","level":100},{"name":"Magneton","species":"Magneton","item":"Leftovers","ability":"Magnet Pull","moves":["Thunderbolt","Hidden Power Fire","Thunder Wave","Toxic"],"nature":"Timid","evs":{"hp":144,"atk":0,"def":0,"spa":112,"spd":0,"spe":252},"gender":"N","ivs":{"hp":31,"atk":2,"def":31,"spa":30,"spd":31,"spe":30},"happiness":255,"hpType":"Fire","pokeball":"","gigantamax":false,"dynamaxLevel":10,"teraType":"","level":100},{"name":"Heracross","species":"Heracross","item":"Leftovers","ability":"Guts","moves":["Megahorn","Rock Slide","Hidden Power Ghost","Brick Break"],"nature":"Adamant","evs":{"hp":144,"atk":16,"def":0,"spa":0,"spd":184,"spe":164},"gender":"M","ivs":{"hp":31,"atk":31,"def":30,"spa":31,"spd":30,"spe":31},"happiness":255,"hpType":"Ghost","pokeball":"","gigantamax":false,"dynamaxLevel":10,"teraType":"","level":100},{"name":"Gyarados","species":"Gyarados","item":"Leftovers","ability":"Intimidate","moves":["Hidden Power Flying","Double-Edge","Earthquake","Dragon Dance"],"nature":"Jolly","evs":{"hp":0,"atk":252,"def":4,"spa":0,"spd":0,"spe":252},"gender":"M","ivs":{"hp":30,"atk":30,"def":30,"spa":30,"spd":30,"spe":31},"happiness":255,"hpType":"Flying","pokeball":"","gigantamax":false,"dynamaxLevel":10,"teraType":"","level":100}],"p2team":[{"name":"Tyranitar","species":"Tyranitar","item":"Leftovers","ability":"Sand Stream","moves":["Rock Slide","Earthquake","Hidden Power Bug","Roar"],"nature":"Adamant","evs":{"hp":184,"atk":196,"def":120,"spa":0,"spd":0,"spe":8},"gender":"M","ivs":{"hp":31,"atk":30,"def":30,"spa":31,"spd":30,"spe":31},"happiness":255,"hpType":"Bug","pokeball":"","gigantamax":false,"dynamaxLevel":10,"teraType":"","level":100},{"name":"Milotic","species":"Milotic","item":"Leftovers","ability":"Marvel Scale","moves":["Surf","Toxic","Recover","Refresh"],"nature":"Bold","evs":{"hp":248,"atk":0,"def":212,"spa":0,"spd":0,"spe":48},"gender":"F","ivs":{"hp":31,"atk":0,"def":31,"spa":31,"spd":31,"spe":31},"level":100},{"name":"Blissey","species":"Blissey","item":"Leftovers","ability":"Natural Cure","moves":["Seismic Toss","Ice Beam","Thunder Wave","Soft-Boiled"],"nature":"Bold","evs":{"hp":40,"atk":0,"def":244,"spa":208,"spd":0,"spe":16},"gender":"F","level":100,"ivs":{"hp":31,"atk":31,"def":31,"spa":31,"spd":31,"spe":31}},{"name":"Skarmory","species":"Skarmory","item":"Leftovers","ability":"Keen Eye","moves":["Drill Peck","Toxic","Spikes","Roar"],"nature":"Careful","evs":{"hp":248,"atk":0,"def":0,"spa":0,"spd":236,"spe":24},"gender":"F","level":100,"ivs":{"hp":31,"atk":31,"def":31,"spa":31,"spd":31,"spe":31}},{"name":"Claydol","species":"Claydol","item":"Leftovers","ability":"Levitate","moves":["Earthquake","Psychic","Refresh","Rapid Spin"],"nature":"Adamant","evs":{"hp":224,"atk":228,"def":0,"spa":36,"spd":0,"spe":20},"gender":"N","level":100,"ivs":{"hp":31,"atk":31,"def":31,"spa":31,"spd":31,"spe":31}},{"name":"Dugtrio","species":"Dugtrio","item":"Choice Band","ability":"Arena Trap","moves":["Earthquake","Aerial Ace","Hidden Power Bug","Screech"],"nature":"Jolly","evs":{"hp":0,"atk":252,"def":0,"spa":0,"spd":4,"spe":252},"gender":"M","ivs":{"hp":31,"atk":30,"def":30,"spa":31,"spd":30,"spe":31},"happiness":255,"hpType":"Bug","pokeball":"","gigantamax":false,"dynamaxLevel":10,"teraType":"","level":100}],"score":[3,0],"inputLog":[">version 372d05e49c92a79eecdf6c8dddb208bd1765c00f",">start {\"formatid\":\"gen3ou\",\"seed\":\"sodium,0005edaedf8290ed8195f48807d7b81c\"}",">player p1 {\"name\":\"foultestchallenge1\",\"avatar\":\"1\",\"team\":\"Metagross||Leftovers|ClearBody|MeteorMash,Earthquake,Agility,Explosion|Adamant|152,252,,,,104|N||||]Milotic||Leftovers|MarvelScale|Hypnosis,Surf,IceBeam,Recover|Bold|248,,212,,,48|F|,0,,,,|||]Celebi||Leftovers|NaturalCure|SwordsDance,HiddenPowerRock,BatonPass,Recover|Jolly|240,,44,,4,220|N|,,30,,30,30|||,Rock,,,,]Magneton||Leftovers|MagnetPull|Thunderbolt,HiddenPowerFire,ThunderWave,Toxic|Timid|144,,,112,,252|N|,2,,30,,30|||,Fire,,,,]Heracross||Leftovers|Guts|Megahorn,RockSlide,HiddenPowerGhost,BrickBreak|Adamant|144,16,,,184,164|M|,,30,,30,|||,Ghost,,,,]Gyarados||Leftovers|Intimidate|HiddenPowerFlying,DoubleEdge,Earthquake,DragonDance|Jolly|,252,4,,,252|M|30,30,30,30,30,|||,Flying,,,,\",\"rating\":0}",">player p2 {\"name\":\"foultestacceptor1\",\"avatar\":\"1\",\"team\":\"Tyranitar||Leftovers|SandStream|RockSlide,Earthquake,HiddenPowerBug,Roar|Adamant|184,196,120,,,8|M|,30,30,,30,|||,Bug,,,,]Milotic||Leftovers|MarvelScale|Surf,Toxic,Recover,Refresh|Bold|248,,212,,,48|F|,0,,,,|||]Blissey||Leftovers|NaturalCure|SeismicToss,IceBeam,ThunderWave,SoftBoiled|Bold|40,,244,208,,16|F||||]Skarmory||Leftovers|KeenEye|DrillPeck,Toxic,Spikes,Roar|Careful|248,,,,236,24|F||||]Claydol||Leftovers|Levitate|Earthquake,Psychic,Refresh,RapidSpin|Adamant|224,228,,36,,20|N||||]Dugtrio||ChoiceBand|ArenaTrap|Earthquake,AerialAce,HiddenPowerBug,Screech|Jolly|,252,,,4,252|M|,30,30,,30,|||,Bug,,,,\",\"rating\":0}",">p1 move meteormash",">p2 switch 4",">p1 move meteormash",">p2 move spikes",">p1 move meteormash",">p2 move spikes",">p1 move meteormash",">p2 move spikes",">p1 move meteormash",">p2 switch 2",">p1 move earthquake",">p2 move recover",">p1 move meteormash",">p2 move recover",">p1 move meteormash",">p2 move recover",">p1 move earthquake",">p2 move recover",">p1 move earthquake",">p2 move recover",">p1 move earthquake",">p2 move recover",">p1 move earthquake",">p2 move recover",">p1 move earthquake",">p2 move recover",">p1 move earthquake",">p2 move recover",">p1 move meteormash",">p2 move recover",">p1 move meteormash",">p2 move recover",">p1 move meteormash",">p2 move recover",">p1 move meteormash",">p2 move recover",">p1 move meteormash",">p2 move recover",">p1 move meteormash",">p2 move surf",">p1 move meteormash",">p2 move surf",">p1 move explosion",">p2 move surf",">p1 switch 6",">p2 switch 3",">p1 move dragondance",">p2 switch 4",">p1 move earthquake",">p2 move rockslide",">p1 move earthquake",">p2 switch 2",">p1 move hiddenpower",">p2 move roar",">p2 switch 4",">p1 move hiddenpower",">p2 move thunderwave",">p1 move earthquake",">p2 move softboiled",">p1 move earthquake",">p2 move softboiled",">p1 move earthquake",">p2 move seismictoss",">p1 move earthquake",">p2 move seismictoss",">p1 move hiddenpower",">p2 move icebeam",">p1 move hiddenpower",">p2 move icebeam",">p1 switch 5",">p1 move brickbreak",">p2 switch 2",">p2 switch 6",">p1 move megahorn",">p2 move aerialace",">p1 switch 2",">p1 move hypnosis",">p2 switch 2",">p1 move hypnosis",">p2 move softboiled",">p1 move recover",">p2 move softboiled",">p1 move surf",">p2 move softboiled",">p1 move hypnosis",">p2 move thunderwave",">p1 move surf",">p2 move thunderwave",">p1 move hypnosis",">p2 move seismictoss",">p1 move recover",">p2 move softboiled",">p1 move icebeam",">p2 move seismictoss",">p1 move recover",">p2 move seismictoss",">p1 move recover",">p2 move seismictoss",">p1 move recover",">p2 move seismictoss",">p1 move recover",">p2 move seismictoss",">p1 move recover",">p2 move seismictoss",">p1 move recover",">p2 move seismictoss",">p1 move hypnosis",">p2 move seismictoss",">p1 move recover",">p2 move seismictoss",">p1 move hypnosis",">p2 move seismictoss",">p1 move recover",">p2 move seismictoss",">p1 move icebeam",">p2 move seismictoss",">p1 move surf",">p2 move seismictoss",">p1 move recover",">p2 move seismictoss",">p1 move hypnosis",">p2 move seismictoss",">p1 move surf",">p2 move seismictoss",">p1 move recover",">p2 move softboiled",">p1 move icebeam",">p2 move softboiled",">p1 move surf",">p2 move softboiled",">p1 move hypnosis",">p2 move seismictoss",">p1 move recover",">p2 move seismictoss",">p1 move hypnosis",">p2 move seismictoss",">p1 move recover",">p2 move seismictoss",">p1 move hypnosis",">p2 move seismictoss",">p1 move recover",">p2 move seismictoss",">p1 move hypnosis",">p2 move seismictoss",">p1 move recover",">p2 move seismictoss",">p1 move hypnosis",">p2 move seismictoss",">p1 move recover",">p2 move thunderwave",">p1 move surf",">p2 move softboiled",">p1 move surf",">p2 move softboiled",">p1 move hypnosis",">p2 move seismictoss",">p1 move recover",">p2 move seismictoss",">p1 move hypnosis",">p2 move seismictoss",">p1 move recover",">p2 move seismictoss",">p1 move hypnosis",">p2 move seismictoss",">p1 move recover",">p2 move seismictoss",">p1 move hypnosis",">p2 move seismictoss",">p1 move recover",">p2 move softboiled",">p1 move recover",">p2 move softboiled",">p1 move surf",">p2 move softboiled",">p1 move icebeam",">p2 move softboiled",">p1 move surf",">p2 move icebeam",">p1 move surf",">p2 move softboiled",">p1 move icebeam",">p2 move icebeam",">p1 move hypnosis",">p2 move icebeam",">p1 move recover",">p2 move icebeam",">p1 move icebeam",">p2 move icebeam",">p1 move icebeam",">p2 move softboiled",">p1 move hypnosis",">p2 move softboiled",">p1 move surf",">p2 move softboiled",">p1 move surf",">p2 move softboiled",">p1 move icebeam",">p2 move softboiled",">p1 move surf",">p2 move icebeam",">p1 move recover",">p2 move softboiled",">p1 move icebeam",">p2 move icebeam",">p1 move surf",">p2 move icebeam",">p1 move recover",">p2 move softboiled",">p1 move surf",">p2 move icebeam",">p1 move icebeam",">p2 move softboiled",">p1 move icebeam",">p2 move icebeam",">p1 move icebeam",">p2 move softboiled",">p1 move recover",">p2 move icebeam",">p1 move surf",">p2 move icebeam",">p1 move surf",">p2 move icebeam",">p1 move recover",">p2 move softboiled",">p1 move surf",">p2 move thunderwave",">p1 move surf",">p2 move thunderwave",">p1 move icebeam",">p2 move thunderwave",">p1 move hypnosis",">p2 move thunderwave",">p1 move hypnosis",">p2 move thunderwave",">p1 move hypnosis",">p2 move thunderwave",">p1 move hypnosis",">p2 move thunderwave",">p1 move hypnosis",">p2 move thunderwave",">p1 move hypnosis",">p2 move thunderwave",">p1 move hypnosis",">p2 move thunderwave",">p1 move hypnosis",">p2 move thunderwave",">p1 move hypnosis",">p2 move thunderwave",">p1 move hypnosis",">p2 move thunderwave",">p1 move hypnosis",">p2 move thunderwave",">p1 move hypnosis",">p2 move thunderwave",">p1 move hypnosis",">p2 move thunderwave",">p1 move hypnosis",">p2 move thunderwave",">p1 move hypnosis",">p2 move thunderwave",">p1 move icebeam",">p2 move thunderwave",">p1 move surf",">p2 move thunderwave",">p1 move surf",">p2 move thunderwave",">p1 move surf",">p2 move thunderwave",">p1 move surf",">p2 move icebeam",">p2 switch 5",">p1 move surf",">p2 move psychic",">p1 move surf",">p2 move psychic",">p2 switch 2",">p1 move surf",">p2 move screech"],"log":["|j|☆foultestchallenge1","|j|☆foultestacceptor1","|t:|1752926283","|gametype|singles","|player|p1|foultestchallenge1|1|","|player|p2|foultestacceptor1|1|","|teamsize|p1|6","|teamsize|p2|6","|gen|3","|tier|[Gen 3] OU","|rule|Sleep Clause Mod: Limit one foe put to sleep","|rule|Switch Priority Clause Mod: Faster Pokémon switch first","|rule|Species Clause: Limit one of each Pokémon","|rule|OHKO Clause: OHKO moves are banned","|rule|Evasion Items Clause: Evasion items are banned","|rule|Evasion Moves Clause: Evasion moves are banned","|rule|Endless Battle Clause: Forcing endless battles is banned","|rule|HP Percentage Mod: HP is shown in percentages","|rule|One Boost Passer Clause: Limit one Baton Passer that has a way to boost its stats","|rule|Freeze Clause Mod: Limit one foe frozen","|","|t:|1752926283","|start","|switch|p1a: Metagross|Metagross|339/339","|switch|p2a: Tyranitar|Tyranitar, M|387/387","|-weather|Sandstorm|[from] ability: Sand Stream|[of] p2a: Tyranitar","|turn|1","|inactive|Battle timer is ON: inactive players will automatically lose when time's up. (requested by foultestacceptor1)","|inactive|foultestchallenge1 also wants the timer to be on.","|","|t:|1752926284","|switch|p2a: Skarmory|Skarmory, F|333/333","|move|p1a: Metagross|Meteor Mash|p2a: Skarmory","|-resisted|p2a: Skarmory","|-damage|p2a: Skarmory|253/333","|","|-weather|Sandstorm|[upkeep]","|-heal|p2a: Skarmory|273/333|[from] item: Leftovers","|upkeep","|turn|2","||adding 10 for new turn","|","|t:|1752926285","|move|p1a: Metagross|Meteor Mash|p2a: Skarmory","|-resisted|p2a: Skarmory","|-crit|p2a: Skarmory","|-damage|p2a: Skarmory|117/333","|move|p2a: Skarmory|Spikes|p1a: Metagross","|-sidestart|p1: foultestchallenge1|Spikes","|","|-weather|Sandstorm|[upkeep]","|-heal|p2a: Skarmory|137/333|[from] item: Leftovers","|upkeep","|turn|3","||adding 10 for new turn","|","|t:|1752926286","|move|p1a: Metagross|Meteor Mash|p2a: Skarmory","|-resisted|p2a: Skarmory","|-damage|p2a: Skarmory|59/333","|move|p2a: Skarmory|Spikes|p1a: Metagross","|-sidestart|p1: foultestchallenge1|Spikes","|","|-weather|Sandstorm|[upkeep]","|-heal|p2a: Skarmory|79/333|[from] item: Leftovers","|upkeep","|turn|4","||adding 10 for new turn","|","|t:|1752926288","|move|p1a: Metagross|Meteor Mash|p2a: Skarmory","|-resisted|p2a: Skarmory","|-damage|p2a: Skarmory|11/333","|-boost|p1a: Metagross|atk|1","|move|p2a: Skarmory|Spikes|p1a: Metagross","|-sidestart|p1: foultestchallenge1|Spikes","|","|-weather|Sandstorm|[upkeep]","|-heal|p2a: Skarmory|31/333|[from] item: Leftovers","|upkeep","|turn|5","||adding 10 for new turn","|","|t:|1752926289","|switch|p2a: Milotic|Milotic, F|393/393","|move|p1a: Metagross|Meteor Mash|p2a: Milotic","|-resisted|p2a: Milotic","|-damage|p2a: Milotic|266/393","|","|-weather|Sandstorm|[upkeep]","|-damage|p2a: Milotic|242/393|[from] Sandstorm","|-heal|p2a: Milotic|266/393|[from] item: Leftovers","|upkeep","|turn|6","||adding 10 for new turn","|","|t:|1752926290","|move|p2a: Milotic|Recover|p2a: Milotic","|-heal|p2a: Milotic|393/393","|move|p1a: Metagross|Earthquake|p2a: Milotic","|-damage|p2a: Milotic|203/393","|","|-weather|Sandstorm|[upkeep]","|-damage|p2a: Milotic|179/393|[from] Sandstorm","|-heal|p2a: Milotic|203/393|[from] item: Leftovers","|upkeep","|turn|7","||adding 10 for new turn","|","|t:|1752926291","|move|p2a: Milotic|Recover|p2a: Milotic","|-heal|p2a: Milotic|393/393","|move|p1a: Metagross|Meteor Mash|p2a: Milotic","|-resisted|p2a: Milotic","|-damage|p2a: Milotic|266/393","|","|-weather|Sandstorm|[upkeep]","|-damage|p2a: Milotic|242/393|[from] Sandstorm","|-heal|p2a: Milotic|266/393|[from] item: Leftovers","|upkeep","|turn|8","||adding 10 for new turn","|","|t:|1752926292","|move|p2a: Milotic|Recover|p2a: Milotic","|-heal|p2a: Milotic|393/393","|move|p1a: Metagross|Meteor Mash|p2a: Milotic","|-resisted|p2a: Milotic","|-damage|p2a: Milotic|271/393","|","|-weather|Sandstorm|[upkeep]","|-damage|p2a: Milotic|247/393|[from] Sandstorm","|-heal|p2a: Milotic|271/393|[from] item: Leftovers","|upkeep","|turn|9","||adding 10 for new turn","|","|t:|1752926292","|move|p2a: Milotic|Recover|p2a: Milotic","|-heal|p2a: Milotic|393/393","|move|p1a: Metagross|Earthquake|p2a: Milotic","|-damage|p2a: Milotic|215/393","|","|-weather|Sandstorm|[upkeep]","|-damage|p2a: Milotic|191/393|[from] Sandstorm","|-heal|p2a: Milotic|215/393|[from] item: Leftovers","|upkeep","|turn|10","||adding 10 for new turn","|","|t:|1752926293","|move|p2a: Milotic|Recover|p2a: Milotic","|-heal|p2a: Milotic|393/393","|move|p1a: Metagross|Earthquake|p2a: Milotic","|-damage|p2a: Milotic|215/393","|","|-weather|Sandstorm|[upkeep]","|-damage|p2a: Milotic|191/393|[from] Sandstorm","|-heal|p2a: Milotic|215/393|[from] item: Leftovers","|upkeep","|turn|11","||adding 10 for new turn","|","|t:|1752926294","|move|p2a: Milotic|Recover|p2a: Milotic","|-heal|p2a: Milotic|393/393","|move|p1a: Metagross|Earthquake|p2a: Milotic","|-damage|p2a: Milotic|217/393","|","|-weather|Sandstorm|[upkeep]","|-damage|p2a: Milotic|193/393|[from] Sandstorm","|-heal|p2a: Milotic|217/393|[from] item: Leftovers","|upkeep","|turn|12","||adding 10 for new turn","|","|t:|1752926295","|move|p2a: Milotic|Recover|p2a: Milotic","|-heal|p2a: Milotic|393/393","|move|p1a: Metagross|Earthquake|p2a: Milotic","|-damage|p2a: Milotic|213/393","|","|-weather|Sandstorm|[upkeep]","|-damage|p2a: Milotic|189/393|[from] Sandstorm","|-heal|p2a: Milotic|213/393|[from] item: Leftovers","|upkeep","|turn|13","||adding 10 for new turn","|","|t:|1752926296","|move|p2a: Milotic|Recover|p2a: Milotic","|-heal|p2a: Milotic|393/393","|move|p1a: Metagross|Earthquake|p2a: Milotic","|-damage|p2a: Milotic|228/393","|","|-weather|Sandstorm|[upkeep]","|-damage|p2a: Milotic|204/393|[from] Sandstorm","|-heal|p2a: Milotic|228/393|[from] item: Leftovers","|upkeep","|turn|14","||adding 10 for new turn","|","|t:|1752926297","|move|p2a: Milotic|Recover|p2a: Milotic","|-heal|p2a: Milotic|393/393","|move|p1a: Metagross|Earthquake|p2a: Milotic","|-damage|p2a: Milotic|205/393","|","|-weather|Sandstorm|[upkeep]","|-damage|p2a: Milotic|181/393|[from] Sandstorm","|-heal|p2a: Milotic|205/393|[from] item: Leftovers","|upkeep","|turn|15","||adding 10 for new turn","|","|t:|1752926298","|move|p2a: Milotic|Recover|p2a: Milotic","|-heal|p2a: Milotic|393/393","|move|p1a: Metagross|Meteor Mash|p2a: Milotic","|-resisted|p2a: Milotic","|-damage|p2a: Milotic|254/393","|","|-weather|Sandstorm|[upkeep]","|-damage|p2a: Milotic|230/393|[from] Sandstorm","|-heal|p2a: Milotic|254/393|[from] item: Leftovers","|upkeep","|turn|16","||adding 10 for new turn","|","|t:|1752926299","|move|p2a: Milotic|Recover|p2a: Milotic","|-heal|p2a: Milotic|393/393","|move|p1a: Metagross|Meteor Mash|p2a: Milotic","|-resisted|p2a: Milotic","|-damage|p2a: Milotic|259/393","|","|-weather|Sandstorm|[upkeep]","|-damage|p2a: Milotic|235/393|[from] Sandstorm","|-heal|p2a: Milotic|259/393|[from] item: Leftovers","|upkeep","|turn|17","||adding 10 for new turn","|","|t:|1752926300","|move|p2a: Milotic|Recover|p2a: Milotic","|-heal|p2a: Milotic|393/393","|move|p1a: Metagross|Meteor Mash|p2a: Milotic","|-resisted|p2a: Milotic","|-damage|p2a: Milotic|271/393","|","|-weather|Sandstorm|[upkeep]","|-damage|p2a: Milotic|247/393|[from] Sandstorm","|-heal|p2a: Milotic|271/393|[from] item: Leftovers","|upkeep","|turn|18","||adding 10 for new turn","|","|t:|1752926301","|move|p2a: Milotic|Recover|p2a: Milotic","|-heal|p2a: Milotic|393/393","|move|p1a: Metagross|Meteor Mash|p2a: Milotic","|-resisted|p2a: Milotic","|-damage|p2a: Milotic|267/393","|","|-weather|Sandstorm|[upkeep]","|-damage|p2a: Milotic|243/393|[from] Sandstorm","|-heal|p2a: Milotic|267/393|[from] item: Leftovers","|upkeep","|turn|19","||adding 10 for new turn","|","|t:|1752926302","|move|p2a: Milotic|Recover|p2a: Milotic","|-heal|p2a: Milotic|393/393","|move|p1a: Metagross|Meteor Mash|p2a: Milotic|[miss]","|-miss|p1a: Metagross|p2a: Milotic","|","|-weather|Sandstorm|[upkeep]","|-damage|p2a: Milotic|369/393|[from] Sandstorm","|-heal|p2a: Milotic|393/393|[from] item: Leftovers","|upkeep","|turn|20","||adding 10 for new turn","|","|t:|1752926303","|move|p2a: Milotic|Surf|p1a: Metagross","|-damage|p1a: Metagross|210/339","|move|p1a: Metagross|Meteor Mash|p2a: Milotic|[miss]","|-miss|p1a: Metagross|p2a: Milotic","|","|-weather|Sandstorm|[upkeep]","|-damage|p2a: Milotic|369/393|[from] Sandstorm","|-heal|p2a: Milotic|393/393|[from] item: Leftovers","|-heal|p1a: Metagross|231/339|[from] item: Leftovers","|upkeep","|turn|21","||adding 10 for new turn","|","|t:|1752926304","|move|p2a: Milotic|Surf|p1a: Metagross","|-damage|p1a: Metagross|101/339","|move|p1a: Metagross|Meteor Mash|p2a: Milotic","|-resisted|p2a: Milotic","|-damage|p2a: Milotic|263/393","|","|-weather|Sandstorm|[upkeep]","|-damage|p2a: Milotic|239/393|[from] Sandstorm","|-heal|p2a: Milotic|263/393|[from] item: Leftovers","|-heal|p1a: Metagross|122/339|[from] item: Leftovers","|upkeep","|turn|22","||adding 10 for new turn","|","|t:|1752926305","|move|p2a: Milotic|Surf|p1a: Metagross","|-damage|p1a: Metagross|5/339","|move|p1a: Metagross|Explosion|p2a: Milotic","|-damage|p2a: Milotic|0 fnt","|faint|p1a: Metagross","|faint|p2a: Milotic","||adding 5 to each for mid turn request","|","|t:|1752926306","|switch|p2a: Blissey|Blissey, F|661/661","|switch|p1a: Gyarados|Gyarados, M|330/330","|-ability|p1a: Gyarados|Intimidate|boost","|-unboost|p2a: Blissey|atk|1","|","|-weather|Sandstorm|[upkeep]","|-damage|p1a: Gyarados|310/330|[from] Sandstorm","|-damage|p2a: Blissey|620/661|[from] Sandstorm","|-heal|p1a: Gyarados|330/330|[from] item: Leftovers","|-heal|p2a: Blissey|661/661|[from] item: Leftovers","|upkeep","|turn|23","||adding 10 for new turn","|","|t:|1752926307","|switch|p2a: Tyranitar|Tyranitar, M|387/387","|move|p1a: Gyarados|Dragon Dance|p1a: Gyarados","|-boost|p1a: Gyarados|atk|1","|-boost|p1a: Gyarados|spe|1","|","|-weather|Sandstorm|[upkeep]","|-damage|p1a: Gyarados|310/330|[from] Sandstorm","|-heal|p1a: Gyarados|330/330|[from] item: Leftovers","|upkeep","|turn|24","||adding 10 for new turn","|","|t:|1752926308","|move|p1a: Gyarados|Earthquake|p2a: Tyranitar","|-supereffective|p2a: Tyranitar","|-damage|p2a: Tyranitar|96/387","|move|p2a: Tyranitar|Rock Slide|p1a: Gyarados|[miss]","|-miss|p2a: Tyranitar|p1a: Gyarados","|","|-weather|Sandstorm|[upkeep]","|-damage|p1a: Gyarados|310/330|[from] Sandstorm","|-heal|p1a: Gyarados|330/330|[from] item: Leftovers","|-heal|p2a: Tyranitar|120/387|[from] item: Leftovers","|upkeep","|turn|25","||adding 10 for new turn","|","|t:|1752926309","|switch|p2a: Skarmory|Skarmory, F|31/333","|move|p1a: Gyarados|Earthquake|p2a: Skarmory","|-immune|p2a: Skarmory","|","|-weather|Sandstorm|[upkeep]","|-damage|p1a: Gyarados|310/330|[from] Sandstorm","|-heal|p1a: Gyarados|330/330|[from] item: Leftovers","|-heal|p2a: Skarmory|51/333|[from] item: Leftovers","|upkeep","|turn|26","||adding 10 for new turn","|","|t:|1752926310","|move|p1a: Gyarados|Hidden Power|p2a: Skarmory","|-resisted|p2a: Skarmory","|-damage|p2a: Skarmory|0 fnt","|faint|p2a: Skarmory","||adding 5 to each for mid turn request","|","|t:|1752926310","|switch|p2a: Blissey|Blissey, F|661/661","|","|-weather|Sandstorm|[upkeep]","|-damage|p1a: Gyarados|310/330|[from] Sandstorm","|-damage|p2a: Blissey|620/661|[from] Sandstorm","|-heal|p1a: Gyarados|330/330|[from] item: Leftovers","|-heal|p2a: Blissey|661/661|[from] item: Leftovers","|upkeep","|turn|27","||adding 10 for new turn","|","|t:|1752926311","|move|p1a: Gyarados|Hidden Power|p2a: Blissey","|-damage|p2a: Blissey|351/661","|move|p2a: Blissey|Thunder Wave|p1a: Gyarados","|-status|p1a: Gyarados|par","|","|-weather|Sandstorm|[upkeep]","|-damage|p2a: Blissey|310/661|[from] Sandstorm","|-damage|p1a: Gyarados|310/330 par|[from] Sandstorm","|-heal|p2a: Blissey|351/661|[from] item: Leftovers","|-heal|p1a: Gyarados|330/330 par|[from] item: Leftovers","|upkeep","|turn|28","||adding 10 for new turn","|","|t:|1752926312","|move|p2a: Blissey|Soft-Boiled|p2a: Blissey","|-heal|p2a: Blissey|661/661","|move|p1a: Gyarados|Earthquake|p2a: Blissey","|-damage|p2a: Blissey|355/661","|","|-weather|Sandstorm|[upkeep]","|-damage|p2a: Blissey|314/661|[from] Sandstorm","|-damage|p1a: Gyarados|310/330 par|[from] Sandstorm","|-heal|p2a: Blissey|355/661|[from] item: Leftovers","|-heal|p1a: Gyarados|330/330 par|[from] item: Leftovers","|upkeep","|turn|29","||adding 10 for new turn","|","|t:|1752926313","|move|p2a: Blissey|Soft-Boiled|p2a: Blissey","|-heal|p2a: Blissey|661/661","|cant|p1a: Gyarados|par","|","|-weather|Sandstorm|[upkeep]","|-damage|p2a: Blissey|620/661|[from] Sandstorm","|-damage|p1a: Gyarados|310/330 par|[from] Sandstorm","|-heal|p2a: Blissey|661/661|[from] item: Leftovers","|-heal|p1a: Gyarados|330/330 par|[from] item: Leftovers","|upkeep","|turn|30","||adding 10 for new turn","|","|t:|1752926314","|move|p2a: Blissey|Seismic Toss|p1a: Gyarados","|-damage|p1a: Gyarados|230/330 par","|cant|p1a: Gyarados|par","|","|-weather|Sandstorm|[upkeep]","|-damage|p2a: Blissey|620/661|[from] Sandstorm","|-damage|p1a: Gyarados|210/330 par|[from] Sandstorm","|-heal|p2a: Blissey|661/661|[from] item: Leftovers","|-heal|p1a: Gyarados|230/330 par|[from] item: Leftovers","|upkeep","|turn|31","||adding 10 for new turn","|","|t:|1752926315","|move|p2a: Blissey|Seismic Toss|p1a: Gyarados","|-damage|p1a: Gyarados|130/330 par","|move|p1a: Gyarados|Earthquake|p2a: Blissey","|-damage|p2a: Blissey|366/661","|","|-weather|Sandstorm|[upkeep]","|-damage|p2a: Blissey|325/661|[from] Sandstorm","|-damage|p1a: Gyarados|110/330 par|[from] Sandstorm","|-heal|p2a: Blissey|366/661|[from] item: Leftovers","|-heal|p1a: Gyarados|130/330 par|[from] item: Leftovers","|upkeep","|turn|32","||adding 10 for new turn","|","|t:|1752926316","|move|p2a: Blissey|Ice Beam|p1a: Gyarados","|-damage|p1a: Gyarados|53/330 par","|cant|p1a: Gyarados|par","|","|-weather|Sandstorm|[upkeep]","|-damage|p2a: Blissey|325/661|[from] Sandstorm","|-damage|p1a: Gyarados|33/330 par|[from] Sandstorm","|-heal|p2a: Blissey|366/661|[from] item: Leftovers","|-heal|p1a: Gyarados|53/330 par|[from] item: Leftovers","|upkeep","|turn|33","||adding 10 for new turn","|","|t:|1752926317","|move|p2a: Blissey|Ice Beam|p1a: Gyarados","|-damage|p1a: Gyarados|0 fnt","|faint|p1a: Gyarados","||adding 5 to each for mid turn request","|","|t:|1752926318","|switch|p1a: Heracross|Heracross, M|337/337","|-damage|p1a: Heracross|253/337|[from] Spikes","|","|-weather|Sandstorm|[upkeep]","|-damage|p1a: Heracross|232/337|[from] Sandstorm","|-damage|p2a: Blissey|325/661|[from] Sandstorm","|-heal|p1a: Heracross|253/337|[from] item: Leftovers","|-heal|p2a: Blissey|366/661|[from] item: Leftovers","|upkeep","|turn|34","||adding 10 for new turn","|","|t:|1752926318","|switch|p2a: Tyranitar|Tyranitar, M|120/387","|move|p1a: Heracross|Brick Break|p2a: Tyranitar","|-supereffective|p2a: Tyranitar","|-damage|p2a: Tyranitar|0 fnt","|faint|p2a: Tyranitar","||adding 5 to each for mid turn request","|","|t:|1752926319","|switch|p2a: Dugtrio|Dugtrio, M|211/211","|","|-weather|Sandstorm|[upkeep]","|-damage|p1a: Heracross|232/337|[from] Sandstorm","|-heal|p1a: Heracross|253/337|[from] item: Leftovers","|upkeep","|turn|35","||adding 10 for new turn","|","|t:|1752926320","|move|p2a: Dugtrio|Aerial Ace|p1a: Heracross","|-supereffective|p1a: Heracross","|-crit|p1a: Heracross","|-damage|p1a: Heracross|0 fnt","|faint|p1a: Heracross","||adding 5 to each for mid turn request","|","|t:|1752926321","|switch|p1a: Milotic|Milotic, F|393/393","|-damage|p1a: Milotic|295/393|[from] Spikes","|","|-weather|Sandstorm|[upkeep]","|-damage|p1a: Milotic|271/393|[from] Sandstorm","|-heal|p1a: Milotic|295/393|[from] item: Leftovers","|upkeep","|turn|36","||adding 10 for new turn","|","|t:|1752926322","|switch|p2a: Blissey|Blissey, F|366/661","|move|p1a: Milotic|Hypnosis|p2a: Blissey|[miss]","|-miss|p1a: Milotic|p2a: Blissey","|","|-weather|Sandstorm|[upkeep]","|-damage|p1a: Milotic|271/393|[from] Sandstorm","|-damage|p2a: Blissey|325/661|[from] Sandstorm","|-heal|p1a: Milotic|295/393|[from] item: Leftovers","|-heal|p2a: Blissey|366/661|[from] item: Leftovers","|upkeep","|turn|37","||adding 10 for new turn","|","|t:|1752926323","|move|p1a: Milotic|Hypnosis|p2a: Blissey","|-status|p2a: Blissey|slp|[from] move: Hypnosis","|cant|p2a: Blissey|slp","|","|-weather|Sandstorm|[upkeep]","|-damage|p1a: Milotic|271/393|[from] Sandstorm","|-damage|p2a: Blissey|325/661 slp|[from] Sandstorm","|-heal|p1a: Milotic|295/393|[from] item: Leftovers","|-heal|p2a: Blissey|366/661 slp|[from] item: Leftovers","|upkeep","|turn|38","||adding 10 for new turn","|","|t:|1752926324","|move|p1a: Milotic|Recover|p1a: Milotic","|-heal|p1a: Milotic|393/393","|cant|p2a: Blissey|slp","|","|-weather|Sandstorm|[upkeep]","|-damage|p1a: Milotic|369/393|[from] Sandstorm","|-damage|p2a: Blissey|325/661 slp|[from] Sandstorm","|-heal|p1a: Milotic|393/393|[from] item: Leftovers","|-heal|p2a: Blissey|366/661 slp|[from] item: Leftovers","|upkeep","|turn|39","||adding 10 for new turn","|","|t:|1752926325","|move|p1a: Milotic|Surf|p2a: Blissey","|-damage|p2a: Blissey|272/661 slp","|-curestatus|p2a: Blissey|slp|[msg]","|move|p2a: Blissey|Soft-Boiled|p2a: Blissey","|-heal|p2a: Blissey|602/661","|","|-weather|Sandstorm|[upkeep]","|-damage|p1a: Milotic|369/393|[from] Sandstorm","|-damage|p2a: Blissey|561/661|[from] Sandstorm","|-heal|p1a: Milotic|393/393|[from] item: Leftovers","|-heal|p2a: Blissey|602/661|[from] item: Leftovers","|upkeep","|turn|40","||adding 10 for new turn","|","|t:|1752926325","|move|p1a: Milotic|Hypnosis|p2a: Blissey","|-status|p2a: Blissey|slp|[from] move: Hypnosis","|cant|p2a: Blissey|slp","|","|-weather|Sandstorm|[upkeep]","|-damage|p1a: Milotic|369/393|[from] Sandstorm","|-damage|p2a: Blissey|561/661 slp|[from] Sandstorm","|-heal|p1a: Milotic|393/393|[from] item: Leftovers","|-heal|p2a: Blissey|602/661 slp|[from] item: Leftovers","|upkeep","|turn|41","||adding 10 for new turn","|","|t:|1752926326","|move|p1a: Milotic|Surf|p2a: Blissey","|-damage|p2a: Blissey|521/661 slp","|-curestatus|p2a: Blissey|slp|[msg]","|move|p2a: Blissey|Thunder Wave|p1a: Milotic","|-status|p1a: Milotic|par","|","|-weather|Sandstorm|[upkeep]","|-damage|p2a: Blissey|480/661|[from] Sandstorm","|-damage|p1a: Milotic|369/393 par|[from] Sandstorm","|-heal|p2a: Blissey|521/661|[from] item: Leftovers","|-heal|p1a: Milotic|393/393 par|[from] item: Leftovers","|upkeep","|turn|42","||adding 10 for new turn","|","|t:|1752926327","|move|p2a: Blissey|Seismic Toss|p1a: Milotic","|-damage|p1a: Milotic|293/393 par","|cant|p1a: Milotic|par","|","|-weather|Sandstorm|[upkeep]","|-damage|p2a: Blissey|480/661|[from] Sandstorm","|-damage|p1a: Milotic|269/393 par|[from] Sandstorm","|-heal|p2a: Blissey|521/661|[from] item: Leftovers","|-heal|p1a: Milotic|293/393 par|[from] item: Leftovers","|upkeep","|turn|43","||adding 10 for new turn","|","|t:|1752926328","|move|p2a: Blissey|Soft-Boiled|p2a: Blissey","|-heal|p2a: Blissey|661/661","|move|p1a: Milotic|Recover|p1a: Milotic","|-heal|p1a: Milotic|393/393 par","|","|-weather|Sandstorm|[upkeep]","|-damage|p2a: Blissey|620/661|[from] Sandstorm","|-damage|p1a: Milotic|369/393 par|[from] Sandstorm","|-heal|p2a: Blissey|661/661|[from] item: Leftovers","|-heal|p1a: Milotic|393/393 par|[from] item: Leftovers","|upkeep","|turn|44","||adding 10 for new turn","|","|t:|1752926329","|move|p2a: Blissey|Seismic Toss|p1a: Milotic","|-damage|p1a: Milotic|293/393 par","|cant|p1a: Milotic|par","|","|-weather|Sandstorm|[upkeep]","|-damage|p2a: Blissey|620/661|[from] Sandstorm","|-damage|p1a: Milotic|269/393 par|[from] Sandstorm","|-heal|p2a: Blissey|661/661|[from] item: Leftovers","|-heal|p1a: Milotic|293/393 par|[from] item: Leftovers","|upkeep","|turn|45","||adding 10 for new turn","|","|t:|1752926329","|move|p2a: Blissey|Seismic Toss|p1a: Milotic","|-damage|p1a: Milotic|193/393 par","|cant|p1a: Milotic|par","|","|-weather|Sandstorm|[upkeep]","|-damage|p2a: Blissey|620/661|[from] Sandstorm","|-damage|p1a: Milotic|169/393 par|[from] Sandstorm","|-heal|p2a: Blissey|661/661|[from] item: Leftovers","|-heal|p1a: Milotic|193/393 par|[from] item: Leftovers","|upkeep","|turn|46","||adding 10 for new turn","|","|t:|1752926330","|move|p2a: Blissey|Seismic Toss|p1a: Milotic","|-damage|p1a: Milotic|93/393 par","|move|p1a: Milotic|Recover|p1a: Milotic","|-heal|p1a: Milotic|289/393 par","|","|-weather|Sandstorm|[upkeep]","|-damage|p2a: Blissey|620/661|[from] Sandstorm","|-damage|p1a: Milotic|265/393 par|[from] Sandstorm","|-heal|p2a: Blissey|661/661|[from] item: Leftovers","|-heal|p1a: Milotic|289/393 par|[from] item: Leftovers","|upkeep","|turn|47","||adding 10 for new turn","|","|t:|1752926331","|move|p2a: Blissey|Seismic Toss|p1a: Milotic","|-damage|p1a: Milotic|189/393 par","|cant|p1a: Milotic|par","|","|-weather|Sandstorm|[upkeep]","|-damage|p2a: Blissey|620/661|[from] Sandstorm","|-damage|p1a: Milotic|165/393 par|[from] Sandstorm","|-heal|p2a: Blissey|661/661|[from] item: Leftovers","|-heal|p1a: Milotic|189/393 par|[from] item: Leftovers","|upkeep","|turn|48","||adding 10 for new turn","|","|t:|1752926332","|move|p2a: Blissey|Seismic Toss|p1a: Milotic","|-damage|p1a: Milotic|89/393 par","|move|p1a: Milotic|Recover|p1a: Milotic","|-heal|p1a: Milotic|285/393 par","|","|-weather|Sandstorm|[upkeep]","|-damage|p2a: Blissey|620/661|[from] Sandstorm","|-damage|p1a: Milotic|261/393 par|[from] Sandstorm","|-heal|p2a: Blissey|661/661|[from] item: Leftovers","|-heal|p1a: Milotic|285/393 par|[from] item: Leftovers","|upkeep","|turn|49","||adding 10 for new turn","|","|t:|1752926333","|move|p2a: Blissey|Seismic Toss|p1a: Milotic","|-damage|p1a: Milotic|185/393 par","|move|p1a: Milotic|Recover|p1a: Milotic","|-heal|p1a: Milotic|381/393 par","|","|-weather|Sandstorm|[upkeep]","|-damage|p2a: Blissey|620/661|[from] Sandstorm","|-damage|p1a: Milotic|357/393 par|[from] Sandstorm","|-heal|p2a: Blissey|661/661|[from] item: Leftovers","|-heal|p1a: Milotic|381/393 par|[from] item: Leftovers","|upkeep","|turn|50","||adding 10 for new turn","|","|t:|1752926333","|move|p2a: Blissey|Seismic Toss|p1a: Milotic","|-damage|p1a: Milotic|281/393 par","|move|p1a: Milotic|Recover|p1a: Milotic","|-heal|p1a: Milotic|393/393 par","|","|-weather|Sandstorm|[upkeep]","|-damage|p2a: Blissey|620/661|[from] Sandstorm","|-damage|p1a: Milotic|369/393 par|[from] Sandstorm","|-heal|p2a: Blissey|661/661|[from] item: Leftovers","|-heal|p1a: Milotic|393/393 par|[from] item: Leftovers","|upkeep","|turn|51","||adding 10 for new turn","|","|t:|1752926334","|move|p2a: Blissey|Seismic Toss|p1a: Milotic","|-damage|p1a: Milotic|293/393 par","|move|p1a: Milotic|Hypnosis|p2a: Blissey|[miss]","|-miss|p1a: Milotic|p2a: Blissey","|","|-weather|Sandstorm|[upkeep]","|-damage|p2a: Blissey|620/661|[from] Sandstorm","|-damage|p1a: Milotic|269/393 par|[from] Sandstorm","|-heal|p2a: Blissey|661/661|[from] item: Leftovers","|-heal|p1a: Milotic|293/393 par|[from] item: Leftovers","|upkeep","|turn|52","||adding 10 for new turn","|","|t:|1752926335","|move|p2a: Blissey|Seismic Toss|p1a: Milotic","|-damage|p1a: Milotic|193/393 par","|move|p1a: Milotic|Recover|p1a: Milotic","|-heal|p1a: Milotic|389/393 par","|","|-weather|Sandstorm|[upkeep]","|-damage|p2a: Blissey|620/661|[from] Sandstorm","|-damage|p1a: Milotic|365/393 par|[from] Sandstorm","|-heal|p2a: Blissey|661/661|[from] item: Leftovers","|-heal|p1a: Milotic|389/393 par|[from] item: Leftovers","|upkeep","|turn|53","||adding 10 for new turn","|","|t:|1752926336","|move|p2a: Blissey|Seismic Toss|p1a: Milotic","|-damage|p1a: Milotic|289/393 par","|move|p1a: Milotic|Hypnosis|p2a: Blissey","|-status|p2a: Blissey|slp|[from] move: Hypnosis","|","|-weather|Sandstorm|[upkeep]","|-damage|p2a: Blissey|620/661 slp|[from] Sandstorm","|-damage|p1a: Milotic|265/393 par|[from] Sandstorm","|-heal|p2a: Blissey|661/661 slp|[from] item: Leftovers","|-heal|p1a: Milotic|289/393 par|[from] item: Leftovers","|upkeep","|turn|54","||adding 10 for new turn","|","|t:|1752926337","|cant|p2a: Blissey|slp","|move|p1a: Milotic|Recover|p1a: Milotic","|-heal|p1a: Milotic|393/393 par","|","|-weather|Sandstorm|[upkeep]","|-damage|p2a: Blissey|620/661 slp|[from] Sandstorm","|-damage|p1a: Milotic|369/393 par|[from] Sandstorm","|-heal|p2a: Blissey|661/661 slp|[from] item: Leftovers","|-heal|p1a: Milotic|393/393 par|[from] item: Leftovers","|upkeep","|turn|55","||adding 10 for new turn","|","|t:|1752926338","|cant|p2a: Blissey|slp","|cant|p1a: Milotic|par","|","|-weather|Sandstorm|[upkeep]","|-damage|p2a: Blissey|620/661 slp|[from] Sandstorm","|-damage|p1a: Milotic|369/393 par|[from] Sandstorm","|-heal|p2a: Blissey|661/661 slp|[from] item: Leftovers","|-heal|p1a: Milotic|393/393 par|[from] item: Leftovers","|upkeep","|turn|56","||adding 10 for new turn","|","|t:|1752926338","|-curestatus|p2a: Blissey|slp|[msg]","|move|p2a: Blissey|Seismic Toss|p1a: Milotic","|-damage|p1a: Milotic|293/393 par","|move|p1a: Milotic|Surf|p2a: Blissey","|-damage|p2a: Blissey|582/661","|","|-weather|Sandstorm|[upkeep]","|-damage|p2a: Blissey|541/661|[from] Sandstorm","|-damage|p1a: Milotic|269/393 par|[from] Sandstorm","|-heal|p2a: Blissey|582/661|[from] item: Leftovers","|-heal|p1a: Milotic|293/393 par|[from] item: Leftovers","|upkeep","|turn|57","||adding 10 for new turn","|","|t:|1752926339","|move|p2a: Blissey|Seismic Toss|p1a: Milotic","|-damage|p1a: Milotic|193/393 par","|move|p1a: Milotic|Recover|p1a: Milotic","|-heal|p1a: Milotic|389/393 par","|","|-weather|Sandstorm|[upkeep]","|-damage|p2a: Blissey|541/661|[from] Sandstorm","|-damage|p1a: Milotic|365/393 par|[from] Sandstorm","|-heal|p2a: Blissey|582/661|[from] item: Leftovers","|-heal|p1a: Milotic|389/393 par|[from] item: Leftovers","|upkeep","|turn|58","||adding 10 for new turn","|","|t:|1752926340","|move|p2a: Blissey|Seismic Toss|p1a: Milotic","|-damage|p1a: Milotic|289/393 par","|move|p1a: Milotic|Hypnosis|p2a: Blissey","|-status|p2a: Blissey|slp|[from] move: Hypnosis","|","|-weather|Sandstorm|[upkeep]","|-damage|p2a: Blissey|541/661 slp|[from] Sandstorm","|-damage|p1a: Milotic|265/393 par|[from] Sandstorm","|-heal|p2a: Blissey|582/661 slp|[from] item: Leftovers","|-heal|p1a: Milotic|289/393 par|[from] item: Leftovers","|upkeep","|turn|59","||adding 10 for new turn","|","|t:|1752926341","|cant|p2a: Blissey|slp","|move|p1a: Milotic|Surf|p2a: Blissey","|-damage|p2a: Blissey|494/661 slp","|","|-weather|Sandstorm|[upkeep]","|-damage|p2a: Blissey|453/661 slp|[from] Sandstorm","|-damage|p1a: Milotic|265/393 par|[from] Sandstorm","|-heal|p2a: Blissey|494/661 slp|[from] item: Leftovers","|-heal|p1a: Milotic|289/393 par|[from] item: Leftovers","|upkeep","|turn|60","||adding 10 for new turn","|","|t:|1752926342","|cant|p2a: Blissey|slp","|move|p1a: Milotic|Recover|p1a: Milotic","|-heal|p1a: Milotic|393/393 par","|","|-weather|Sandstorm|[upkeep]","|-damage|p2a: Blissey|453/661 slp|[from] Sandstorm","|-damage|p1a: Milotic|369/393 par|[from] Sandstorm","|-heal|p2a: Blissey|494/661 slp|[from] item: Leftovers","|-heal|p1a: Milotic|393/393 par|[from] item: Leftovers","|upkeep","|turn|61","||adding 10 for new turn","|","|t:|1752926342","|cant|p2a: Blissey|slp","|cant|p1a: Milotic|par","|","|-weather|Sandstorm|[upkeep]","|-damage|p2a: Blissey|453/661 slp|[from] Sandstorm","|-damage|p1a: Milotic|369/393 par|[from] Sandstorm","|-heal|p2a: Blissey|494/661 slp|[from] item: Leftovers","|-heal|p1a: Milotic|393/393 par|[from] item: Leftovers","|upkeep","|turn|62","||adding 10 for new turn","|","|t:|1752926343","|-curestatus|p2a: Blissey|slp|[msg]","|move|p2a: Blissey|Soft-Boiled|p2a: Blissey","|-heal|p2a: Blissey|661/661","|move|p1a: Milotic|Surf|p2a: Blissey","|-damage|p2a: Blissey|567/661","|","|-weather|Sandstorm|[upkeep]","|-damage|p2a: Blissey|526/661|[from] Sandstorm","|-damage|p1a: Milotic|369/393 par|[from] Sandstorm","|-heal|p2a: Blissey|567/661|[from] item: Leftovers","|-heal|p1a: Milotic|393/393 par|[from] item: Leftovers","|upkeep","|turn|63","||adding 10 for new turn","|","|t:|1752926344","|move|p2a: Blissey|Seismic Toss|p1a: Milotic","|-damage|p1a: Milotic|293/393 par","|move|p1a: Milotic|Hypnosis|p2a: Blissey|[miss]","|-miss|p1a: Milotic|p2a: Blissey","|","|-weather|Sandstorm|[upkeep]","|-damage|p2a: Blissey|526/661|[from] Sandstorm","|-damage|p1a: Milotic|269/393 par|[from] Sandstorm","|-heal|p2a: Blissey|567/661|[from] item: Leftovers","|-heal|p1a: Milotic|293/393 par|[from] item: Leftovers","|upkeep","|turn|64","||adding 10 for new turn","|","|t:|1752926345","|move|p2a: Blissey|Seismic Toss|p1a: Milotic","|-damage|p1a: Milotic|193/393 par","|move|p1a: Milotic|Recover|p1a: Milotic","|-heal|p1a: Milotic|389/393 par","|","|-weather|Sandstorm|[upkeep]","|-damage|p2a: Blissey|526/661|[from] Sandstorm","|-damage|p1a: Milotic|365/393 par|[from] Sandstorm","|-heal|p2a: Blissey|567/661|[from] item: Leftovers","|-heal|p1a: Milotic|389/393 par|[from] item: Leftovers","|upkeep","|turn|65","||adding 10 for new turn","|","|t:|1752926345","|move|p2a: Blissey|Seismic Toss|p1a: Milotic","|-damage|p1a: Milotic|289/393 par","|move|p1a: Milotic|Hypnosis|p2a: Blissey|[miss]","|-miss|p1a: Milotic|p2a: Blissey","|","|-weather|Sandstorm|[upkeep]","|-damage|p2a: Blissey|526/661|[from] Sandstorm","|-damage|p1a: Milotic|265/393 par|[from] Sandstorm","|-heal|p2a: Blissey|567/661|[from] item: Leftovers","|-heal|p1a: Milotic|289/393 par|[from] item: Leftovers","|upkeep","|turn|66","||adding 10 for new turn","|","|t:|1752926346","|move|p2a: Blissey|Seismic Toss|p1a: Milotic","|-damage|p1a: Milotic|189/393 par","|move|p1a: Milotic|Recover|p1a: Milotic","|-heal|p1a: Milotic|385/393 par","|","|-weather|Sandstorm|[upkeep]","|-damage|p2a: Blissey|526/661|[from] Sandstorm","|-damage|p1a: Milotic|361/393 par|[from] Sandstorm","|-heal|p2a: Blissey|567/661|[from] item: Leftovers","|-heal|p1a: Milotic|385/393 par|[from] item: Leftovers","|upkeep","|turn|67","||adding 10 for new turn","|","|t:|1752926347","|move|p2a: Blissey|Seismic Toss|p1a: Milotic","|-damage|p1a: Milotic|285/393 par","|move|p1a: Milotic|Hypnosis|p2a: Blissey|[miss]","|-miss|p1a: Milotic|p2a: Blissey","|","|-weather|Sandstorm|[upkeep]","|-damage|p2a: Blissey|526/661|[from] Sandstorm","|-damage|p1a: Milotic|261/393 par|[from] Sandstorm","|-heal|p2a: Blissey|567/661|[from] item: Leftovers","|-heal|p1a: Milotic|285/393 par|[from] item: Leftovers","|upkeep","|turn|68","||adding 10 for new turn","|","|t:|1752926348","|move|p2a: Blissey|Seismic Toss|p1a: Milotic","|-damage|p1a: Milotic|185/393 par","|move|p1a: Milotic|Recover|p1a: Milotic","|-heal|p1a: Milotic|381/393 par","|","|-weather|Sandstorm|[upkeep]","|-damage|p2a: Blissey|526/661|[from] Sandstorm","|-damage|p1a: Milotic|357/393 par|[from] Sandstorm","|-heal|p2a: Blissey|567/661|[from] item: Leftovers","|-heal|p1a: Milotic|381/393 par|[from] item: Leftovers","|upkeep","|turn|69","||adding 10 for new turn","|","|t:|1752926349","|move|p2a: Blissey|Seismic Toss|p1a: Milotic","|-damage|p1a: Milotic|281/393 par","|move|p1a: Milotic|Hypnosis|p2a: Blissey|[miss]","|-miss|p1a: Milotic|p2a: Blissey","|","|-weather|Sandstorm|[upkeep]","|-damage|p2a: Blissey|526/661|[from] Sandstorm","|-damage|p1a: Milotic|257/393 par|[from] Sandstorm","|-heal|p2a: Blissey|567/661|[from] item: Leftovers","|-heal|p1a: Milotic|281/393 par|[from] item: Leftovers","|upkeep","|turn|70","||adding 10 for new turn","|","|t:|1752926350","|move|p2a: Blissey|Seismic Toss|p1a: Milotic","|-damage|p1a: Milotic|181/393 par","|move|p1a: Milotic|Recover|p1a: Milotic","|-heal|p1a: Milotic|377/393 par","|","|-weather|Sandstorm|[upkeep]","|-damage|p2a: Blissey|526/661|[from] Sandstorm","|-damage|p1a: Milotic|353/393 par|[from] Sandstorm","|-heal|p2a: Blissey|567/661|[from] item: Leftovers","|-heal|p1a: Milotic|377/393 par|[from] item: Leftovers","|upkeep","|turn|71","||adding 10 for new turn","|","|t:|1752926351","|move|p2a: Blissey|Seismic Toss|p1a: Milotic","|-damage|p1a: Milotic|277/393 par","|move|p1a: Milotic|Hypnosis|p2a: Blissey","|-status|p2a: Blissey|slp|[from] move: Hypnosis","|","|-weather|Sandstorm|[upkeep]","|-damage|p2a: Blissey|526/661 slp|[from] Sandstorm","|-damage|p1a: Milotic|253/393 par|[from] Sandstorm","|-heal|p2a: Blissey|567/661 slp|[from] item: Leftovers","|-heal|p1a: Milotic|277/393 par|[from] item: Leftovers","|upkeep","|turn|72","||adding 10 for new turn","|","|t:|1752926351","|cant|p2a: Blissey|slp","|move|p1a: Milotic|Recover|p1a: Milotic","|-heal|p1a: Milotic|393/393 par","|","|-weather|Sandstorm|[upkeep]","|-damage|p2a: Blissey|526/661 slp|[from] Sandstorm","|-damage|p1a: Milotic|369/393 par|[from] Sandstorm","|-heal|p2a: Blissey|567/661 slp|[from] item: Leftovers","|-heal|p1a: Milotic|393/393 par|[from] item: Leftovers","|upkeep","|turn|73","||adding 10 for new turn","|","|t:|1752926352","|cant|p2a: Blissey|slp","|move|p1a: Milotic|Surf|p2a: Blissey","|-damage|p2a: Blissey|479/661 slp","|","|-weather|Sandstorm|[upkeep]","|-damage|p2a: Blissey|438/661 slp|[from] Sandstorm","|-damage|p1a: Milotic|369/393 par|[from] Sandstorm","|-heal|p2a: Blissey|479/661 slp|[from] item: Leftovers","|-heal|p1a: Milotic|393/393 par|[from] item: Leftovers","|upkeep","|turn|74","||adding 10 for new turn","|","|t:|1752926353","|-curestatus|p2a: Blissey|slp|[msg]","|move|p2a: Blissey|Soft-Boiled|p2a: Blissey","|-heal|p2a: Blissey|661/661","|move|p1a: Milotic|Surf|p2a: Blissey","|-damage|p2a: Blissey|579/661","|","|-weather|Sandstorm|[upkeep]","|-damage|p2a: Blissey|538/661|[from] Sandstorm","|-damage|p1a: Milotic|369/393 par|[from] Sandstorm","|-heal|p2a: Blissey|579/661|[from] item: Leftovers","|-heal|p1a: Milotic|393/393 par|[from] item: Leftovers","|upkeep","|turn|75","||adding 10 for new turn","|","|t:|1752926354","|move|p2a: Blissey|Seismic Toss|p1a: Milotic","|-damage|p1a: Milotic|293/393 par","|cant|p1a: Milotic|par","|","|-weather|Sandstorm|[upkeep]","|-damage|p2a: Blissey|538/661|[from] Sandstorm","|-damage|p1a: Milotic|269/393 par|[from] Sandstorm","|-heal|p2a: Blissey|579/661|[from] item: Leftovers","|-heal|p1a: Milotic|293/393 par|[from] item: Leftovers","|upkeep","|turn|76","||adding 10 for new turn","|","|t:|1752926355","|move|p2a: Blissey|Seismic Toss|p1a: Milotic","|-damage|p1a: Milotic|193/393 par","|move|p1a: Milotic|Recover|p1a: Milotic","|-heal|p1a: Milotic|389/393 par","|","|-weather|Sandstorm|[upkeep]","|-damage|p2a: Blissey|538/661|[from] Sandstorm","|-damage|p1a: Milotic|365/393 par|[from] Sandstorm","|-heal|p2a: Blissey|579/661|[from] item: Leftovers","|-heal|p1a: Milotic|389/393 par|[from] item: Leftovers","|upkeep","|turn|77","||adding 10 for new turn","|","|t:|1752926356","|move|p2a: Blissey|Seismic Toss|p1a: Milotic","|-damage|p1a: Milotic|289/393 par","|cant|p1a: Milotic|par","|","|-weather|Sandstorm|[upkeep]","|-damage|p2a: Blissey|538/661|[from] Sandstorm","|-damage|p1a: Milotic|265/393 par|[from] Sandstorm","|-heal|p2a: Blissey|579/661|[from] item: Leftovers","|-heal|p1a: Milotic|289/393 par|[from] item: Leftovers","|upkeep","|turn|78","||adding 10 for new turn","|","|t:|1752926356","|move|p2a: Blissey|Seismic Toss|p1a: Milotic","|-damage|p1a: Milotic|189/393 par","|move|p1a: Milotic|Recover|p1a: Milotic","|-heal|p1a: Milotic|385/393 par","|","|-weather|Sandstorm|[upkeep]","|-damage|p2a: Blissey|538/661|[from] Sandstorm","|-damage|p1a: Milotic|361/393 par|[from] Sandstorm","|-heal|p2a: Blissey|579/661|[from] item: Leftovers","|-heal|p1a: Milotic|385/393 par|[from] item: Leftovers","|upkeep","|turn|79","||adding 10 for new turn","|","|t:|1752926357","|move|p2a: Blissey|Seismic Toss|p1a: Milotic","|-damage|p1a: Milotic|285/393 par","|move|p1a: Milotic|Hypnosis|p2a: Blissey|[miss]","|-miss|p1a: Milotic|p2a: Blissey","|","|-weather|Sandstorm|[upkeep]","|-damage|p2a: Blissey|538/661|[from] Sandstorm","|-damage|p1a: Milotic|261/393 par|[from] Sandstorm","|-heal|p2a: Blissey|579/661|[from] item: Leftovers","|-heal|p1a: Milotic|285/393 par|[from] item: Leftovers","|upkeep","|turn|80","||adding 10 for new turn","|","|t:|1752926358","|move|p2a: Blissey|Seismic Toss|p1a: Milotic","|-damage|p1a: Milotic|185/393 par","|move|p1a: Milotic|Recover|p1a: Milotic","|-heal|p1a: Milotic|381/393 par","|","|-weather|Sandstorm|[upkeep]","|-damage|p2a: Blissey|538/661|[from] Sandstorm","|-damage|p1a: Milotic|357/393 par|[from] Sandstorm","|-heal|p2a: Blissey|579/661|[from] item: Leftovers","|-heal|p1a: Milotic|381/393 par|[from] item: Leftovers","|upkeep","|turn|81","||adding 10 for new turn","|","|t:|1752926359","|move|p2a: Blissey|Seismic Toss|p1a: Milotic","|-damage|p1a: Milotic|281/393 par","|move|p1a: Milotic|Hypnosis|p2a: Blissey","|-status|p2a: Blissey|slp|[from] move: Hypnosis","|","|-weather|Sandstorm|[upkeep]","|-damage|p2a: Blissey|538/661 slp|[from] Sandstorm","|-damage|p1a: Milotic|257/393 par|[from] Sandstorm","|-heal|p2a: Blissey|579/661 slp|[from] item: Leftovers","|-heal|p1a: Milotic|281/393 par|[from] item: Leftovers","|upkeep","|turn|82","||adding 10 for new turn","|","|t:|1752926360","|cant|p2a: Blissey|slp","|cant|p1a: Milotic|par","|","|-weather|Sandstorm|[upkeep]","|-damage|p2a: Blissey|538/661 slp|[from] Sandstorm","|-damage|p1a: Milotic|257/393 par|[from] Sandstorm","|-heal|p2a: Blissey|579/661 slp|[from] item: Leftovers","|-heal|p1a: Milotic|281/393 par|[from] item: Leftovers","|upkeep","|turn|83","||adding 10 for new turn","|","|t:|1752926361","|cant|p2a: Blissey|slp","|move|p1a: Milotic|Recover|p1a: Milotic","|-heal|p1a: Milotic|393/393 par","|","|-weather|Sandstorm|[upkeep]","|-damage|p2a: Blissey|538/661 slp|[from] Sandstorm","|-damage|p1a: Milotic|369/393 par|[from] Sandstorm","|-heal|p2a: Blissey|579/661 slp|[from] item: Leftovers","|-heal|p1a: Milotic|393/393 par|[from] item: Leftovers","|upkeep","|turn|84","||adding 10 for new turn","|","|t:|1752926361","|cant|p2a: Blissey|slp","|cant|p1a: Milotic|par","|","|-weather|Sandstorm|[upkeep]","|-damage|p2a: Blissey|538/661 slp|[from] Sandstorm","|-damage|p1a: Milotic|369/393 par|[from] Sandstorm","|-heal|p2a: Blissey|579/661 slp|[from] item: Leftovers","|-heal|p1a: Milotic|393/393 par|[from] item: Leftovers","|upkeep","|turn|85","||adding 10 for new turn","|","|t:|1752926362","|-curestatus|p2a: Blissey|slp|[msg]","|move|p2a: Blissey|Soft-Boiled|p2a: Blissey","|-heal|p2a: Blissey|661/661","|move|p1a: Milotic|Ice Beam|p2a: Blissey","|-damage|p2a: Blissey|605/661","|","|-weather|Sandstorm|[upkeep]","|-damage|p2a: Blissey|564/661|[from] Sandstorm","|-damage|p1a: Milotic|369/393 par|[from] Sandstorm","|-heal|p2a: Blissey|605/661|[from] item: Leftovers","|-heal|p1a: Milotic|393/393 par|[from] item: Leftovers","|upkeep","|turn|86","||adding 10 for new turn","|","|t:|1752926363","|move|p2a: Blissey|Ice Beam|p1a: Milotic","|-resisted|p1a: Milotic","|-damage|p1a: Milotic|362/393 par","|move|p1a: Milotic|Surf|p2a: Blissey","|-damage|p2a: Blissey|525/661","|","|-weather|Sandstorm|[upkeep]","|-damage|p2a: Blissey|484/661|[from] Sandstorm","|-damage|p1a: Milotic|338/393 par|[from] Sandstorm","|-heal|p2a: Blissey|525/661|[from] item: Leftovers","|-heal|p1a: Milotic|362/393 par|[from] item: Leftovers","|upkeep","|turn|87","||adding 10 for new turn","|","|t:|1752926364","|move|p2a: Blissey|Soft-Boiled|p2a: Blissey","|-heal|p2a: Blissey|661/661","|move|p1a: Milotic|Surf|p2a: Blissey","|-damage|p2a: Blissey|582/661","|","|-weather|Sandstorm|[upkeep]","|-damage|p2a: Blissey|541/661|[from] Sandstorm","|-damage|p1a: Milotic|338/393 par|[from] Sandstorm","|-heal|p2a: Blissey|582/661|[from] item: Leftovers","|-heal|p1a: Milotic|362/393 par|[from] item: Leftovers","|upkeep","|turn|88","||adding 10 for new turn","|","|t:|1752926365","|move|p2a: Blissey|Ice Beam|p1a: Milotic","|-resisted|p1a: Milotic","|-damage|p1a: Milotic|331/393 par","|cant|p1a: Milotic|par","|","|-weather|Sandstorm|[upkeep]","|-damage|p2a: Blissey|541/661|[from] Sandstorm","|-damage|p1a: Milotic|307/393 par|[from] Sandstorm","|-heal|p2a: Blissey|582/661|[from] item: Leftovers","|-heal|p1a: Milotic|331/393 par|[from] item: Leftovers","|upkeep","|turn|89","||adding 10 for new turn","|","|t:|1752926366","|move|p2a: Blissey|Ice Beam|p1a: Milotic","|-resisted|p1a: Milotic","|-damage|p1a: Milotic|299/393 par","|cant|p1a: Milotic|par","|","|-weather|Sandstorm|[upkeep]","|-damage|p2a: Blissey|541/661|[from] Sandstorm","|-damage|p1a: Milotic|275/393 par|[from] Sandstorm","|-heal|p2a: Blissey|582/661|[from] item: Leftovers","|-heal|p1a: Milotic|299/393 par|[from] item: Leftovers","|upkeep","|turn|90","||adding 10 for new turn","|","|t:|1752926366","|move|p2a: Blissey|Ice Beam|p1a: Milotic","|-resisted|p1a: Milotic","|-damage|p1a: Milotic|266/393 par","|move|p1a: Milotic|Recover|p1a: Milotic","|-heal|p1a: Milotic|393/393 par","|","|-weather|Sandstorm|[upkeep]","|-damage|p2a: Blissey|541/661|[from] Sandstorm","|-damage|p1a: Milotic|369/393 par|[from] Sandstorm","|-heal|p2a: Blissey|582/661|[from] item: Leftovers","|-heal|p1a: Milotic|393/393 par|[from] item: Leftovers","|upkeep","|turn|91","||adding 10 for new turn","|","|t:|1752926367","|move|p2a: Blissey|Ice Beam|p1a: Milotic","|-resisted|p1a: Milotic","|-damage|p1a: Milotic|364/393 par","|move|p1a: Milotic|Ice Beam|p2a: Blissey","|-damage|p2a: Blissey|528/661","|-status|p2a: Blissey|frz","|","|-weather|Sandstorm|[upkeep]","|-damage|p2a: Blissey|487/661 frz|[from] Sandstorm","|-damage|p1a: Milotic|340/393 par|[from] Sandstorm","|-heal|p2a: Blissey|528/661 frz|[from] item: Leftovers","|-heal|p1a: Milotic|364/393 par|[from] item: Leftovers","|upkeep","|turn|92","||adding 10 for new turn","|","|t:|1752926368","|cant|p2a: Blissey|frz","|move|p1a: Milotic|Ice Beam|p2a: Blissey","|-damage|p2a: Blissey|473/661 frz","|","|-weather|Sandstorm|[upkeep]","|-damage|p2a: Blissey|432/661 frz|[from] Sandstorm","|-damage|p1a: Milotic|340/393 par|[from] Sandstorm","|-heal|p2a: Blissey|473/661 frz|[from] item: Leftovers","|-heal|p1a: Milotic|364/393 par|[from] item: Leftovers","|upkeep","|turn|93","||adding 10 for new turn","|","|t:|1752926369","|cant|p2a: Blissey|frz","|move|p1a: Milotic|Hypnosis|p2a: Blissey|[miss]","|-miss|p1a: Milotic|p2a: Blissey","|","|-weather|Sandstorm|[upkeep]","|-damage|p2a: Blissey|432/661 frz|[from] Sandstorm","|-damage|p1a: Milotic|340/393 par|[from] Sandstorm","|-heal|p2a: Blissey|473/661 frz|[from] item: Leftovers","|-heal|p1a: Milotic|364/393 par|[from] item: Leftovers","|upkeep","|turn|94","||adding 10 for new turn","|","|t:|1752926370","|-curestatus|p2a: Blissey|frz|[msg]","|move|p2a: Blissey|Soft-Boiled|p2a: Blissey","|-heal|p2a: Blissey|661/661","|move|p1a: Milotic|Surf|p2a: Blissey","|-damage|p2a: Blissey|575/661","|","|-weather|Sandstorm|[upkeep]","|-damage|p2a: Blissey|534/661|[from] Sandstorm","|-damage|p1a: Milotic|340/393 par|[from] Sandstorm","|-heal|p2a: Blissey|575/661|[from] item: Leftovers","|-heal|p1a: Milotic|364/393 par|[from] item: Leftovers","|upkeep","|turn|95","||adding 10 for new turn","|","|t:|1752926371","|move|p2a: Blissey|Soft-Boiled|p2a: Blissey","|-heal|p2a: Blissey|661/661","|move|p1a: Milotic|Surf|p2a: Blissey","|-damage|p2a: Blissey|580/661","|","|-weather|Sandstorm|[upkeep]","|-damage|p2a: Blissey|539/661|[from] Sandstorm","|-damage|p1a: Milotic|340/393 par|[from] Sandstorm","|-heal|p2a: Blissey|580/661|[from] item: Leftovers","|-heal|p1a: Milotic|364/393 par|[from] item: Leftovers","|upkeep","|turn|96","||adding 10 for new turn","|","|t:|1752926371","|move|p2a: Blissey|Soft-Boiled|p2a: Blissey","|-heal|p2a: Blissey|661/661","|move|p1a: Milotic|Ice Beam|p2a: Blissey","|-damage|p2a: Blissey|603/661","|","|-weather|Sandstorm|[upkeep]","|-damage|p2a: Blissey|562/661|[from] Sandstorm","|-damage|p1a: Milotic|340/393 par|[from] Sandstorm","|-heal|p2a: Blissey|603/661|[from] item: Leftovers","|-heal|p1a: Milotic|364/393 par|[from] item: Leftovers","|upkeep","|turn|97","||adding 10 for new turn","|","|t:|1752926372","|move|p2a: Blissey|Ice Beam|p1a: Milotic","|-resisted|p1a: Milotic","|-damage|p1a: Milotic|336/393 par","|move|p1a: Milotic|Surf|p2a: Blissey","|-damage|p2a: Blissey|512/661","|","|-weather|Sandstorm|[upkeep]","|-damage|p2a: Blissey|471/661|[from] Sandstorm","|-damage|p1a: Milotic|312/393 par|[from] Sandstorm","|-heal|p2a: Blissey|512/661|[from] item: Leftovers","|-heal|p1a: Milotic|336/393 par|[from] item: Leftovers","|upkeep","|turn|98","||adding 10 for new turn","|","|t:|1752926373","|move|p2a: Blissey|Soft-Boiled|p2a: Blissey","|-heal|p2a: Blissey|661/661","|move|p1a: Milotic|Recover|p1a: Milotic","|-heal|p1a: Milotic|393/393 par","|","|-weather|Sandstorm|[upkeep]","|-damage|p2a: Blissey|620/661|[from] Sandstorm","|-damage|p1a: Milotic|369/393 par|[from] Sandstorm","|-heal|p2a: Blissey|661/661|[from] item: Leftovers","|-heal|p1a: Milotic|393/393 par|[from] item: Leftovers","|upkeep","|turn|99","||adding 10 for new turn","|","|t:|1752926374","|move|p2a: Blissey|Ice Beam|p1a: Milotic","|-resisted|p1a: Milotic","|-damage|p1a: Milotic|365/393 par","|cant|p1a: Milotic|par","|","|-weather|Sandstorm|[upkeep]","|-damage|p2a: Blissey|620/661|[from] Sandstorm","|-damage|p1a: Milotic|341/393 par|[from] Sandstorm","|-heal|p2a: Blissey|661/661|[from] item: Leftovers","|-heal|p1a: Milotic|365/393 par|[from] item: Leftovers","|upkeep","|turn|100","||adding 10 for new turn","|","|t:|1752926375","|move|p2a: Blissey|Ice Beam|p1a: Milotic","|-resisted|p1a: Milotic","|-crit|p1a: Milotic","|-damage|p1a: Milotic|297/393 par","|move|p1a: Milotic|Surf|p2a: Blissey","|-damage|p2a: Blissey|582/661","|","|-weather|Sandstorm|[upkeep]","|-damage|p2a: Blissey|541/661|[from] Sandstorm","|-damage|p1a: Milotic|273/393 par|[from] Sandstorm","|-heal|p2a: Blissey|582/661|[from] item: Leftovers","|-heal|p1a: Milotic|297/393 par|[from] item: Leftovers","|upkeep","|turn|101","||adding 10 for new turn","|","|t:|1752926375","|move|p2a: Blissey|Soft-Boiled|p2a: Blissey","|-heal|p2a: Blissey|661/661","|move|p1a: Milotic|Recover|p1a: Milotic","|-heal|p1a: Milotic|393/393 par","|","|-weather|Sandstorm|[upkeep]","|-damage|p2a: Blissey|620/661|[from] Sandstorm","|-damage|p1a: Milotic|369/393 par|[from] Sandstorm","|-heal|p2a: Blissey|661/661|[from] item: Leftovers","|-heal|p1a: Milotic|393/393 par|[from] item: Leftovers","|upkeep","|turn|102","||adding 10 for new turn","|","|t:|1752926376","|move|p2a: Blissey|Ice Beam|p1a: Milotic","|-resisted|p1a: Milotic","|-damage|p1a: Milotic|362/393 par","|move|p1a: Milotic|Surf|p2a: Blissey","|-crit|p2a: Blissey","|-damage|p2a: Blissey|488/661","|","|-weather|Sandstorm|[upkeep]","|-damage|p2a: Blissey|447/661|[from] Sandstorm","|-damage|p1a: Milotic|338/393 par|[from] Sandstorm","|-heal|p2a: Blissey|488/661|[from] item: Leftovers","|-heal|p1a: Milotic|362/393 par|[from] item: Leftovers","|upkeep","|turn|103","||adding 10 for new turn","|","|t:|1752926377","|move|p2a: Blissey|Soft-Boiled|p2a: Blissey","|-heal|p2a: Blissey|661/661","|move|p1a: Milotic|Ice Beam|p2a: Blissey","|-damage|p2a: Blissey|605/661","|","|-weather|Sandstorm|[upkeep]","|-damage|p2a: Blissey|564/661|[from] Sandstorm","|-damage|p1a: Milotic|338/393 par|[from] Sandstorm","|-heal|p2a: Blissey|605/661|[from] item: Leftovers","|-heal|p1a: Milotic|362/393 par|[from] item: Leftovers","|upkeep","|turn|104","||adding 10 for new turn","|","|t:|1752926378","|move|p2a: Blissey|Ice Beam|p1a: Milotic","|-resisted|p1a: Milotic","|-damage|p1a: Milotic|332/393 par","|move|p1a: Milotic|Ice Beam|p2a: Blissey","|-damage|p2a: Blissey|551/661","|","|-weather|Sandstorm|[upkeep]","|-damage|p2a: Blissey|510/661|[from] Sandstorm","|-damage|p1a: Milotic|308/393 par|[from] Sandstorm","|-heal|p2a: Blissey|551/661|[from] item: Leftovers","|-heal|p1a: Milotic|332/393 par|[from] item: Leftovers","|upkeep","|turn|105","||adding 10 for new turn","|","|t:|1752926379","|move|p2a: Blissey|Soft-Boiled|p2a: Blissey","|-heal|p2a: Blissey|661/661","|move|p1a: Milotic|Ice Beam|p2a: Blissey","|-damage|p2a: Blissey|598/661","|","|-weather|Sandstorm|[upkeep]","|-damage|p2a: Blissey|557/661|[from] Sandstorm","|-damage|p1a: Milotic|308/393 par|[from] Sandstorm","|-heal|p2a: Blissey|598/661|[from] item: Leftovers","|-heal|p1a: Milotic|332/393 par|[from] item: Leftovers","|upkeep","|turn|106","||adding 10 for new turn","|","|t:|1752926379","|move|p2a: Blissey|Ice Beam|p1a: Milotic","|-resisted|p1a: Milotic","|-damage|p1a: Milotic|298/393 par","|move|p1a: Milotic|Recover|p1a: Milotic","|-heal|p1a: Milotic|393/393 par","|","|-weather|Sandstorm|[upkeep]","|-damage|p2a: Blissey|557/661|[from] Sandstorm","|-damage|p1a: Milotic|369/393 par|[from] Sandstorm","|-heal|p2a: Blissey|598/661|[from] item: Leftovers","|-heal|p1a: Milotic|393/393 par|[from] item: Leftovers","|upkeep","|turn|107","||adding 10 for new turn","|","|t:|1752926380","|move|p2a: Blissey|Ice Beam|p1a: Milotic","|-resisted|p1a: Milotic","|-damage|p1a: Milotic|360/393 par","|cant|p1a: Milotic|par","|","|-weather|Sandstorm|[upkeep]","|-damage|p2a: Blissey|557/661|[from] Sandstorm","|-damage|p1a: Milotic|336/393 par|[from] Sandstorm","|-heal|p2a: Blissey|598/661|[from] item: Leftovers","|-heal|p1a: Milotic|360/393 par|[from] item: Leftovers","|upkeep","|turn|108","||adding 10 for new turn","|","|t:|1752926381","|move|p2a: Blissey|Ice Beam|p1a: Milotic","|-resisted|p1a: Milotic","|-damage|p1a: Milotic|330/393 par","|move|p1a: Milotic|Surf|p2a: Blissey","|-damage|p2a: Blissey|513/661","|","|-weather|Sandstorm|[upkeep]","|-damage|p2a: Blissey|472/661|[from] Sandstorm","|-damage|p1a: Milotic|306/393 par|[from] Sandstorm","|-heal|p2a: Blissey|513/661|[from] item: Leftovers","|-heal|p1a: Milotic|330/393 par|[from] item: Leftovers","|upkeep","|turn|109","||adding 10 for new turn","|","|t:|1752926382","|move|p2a: Blissey|Soft-Boiled|p2a: Blissey","|-heal|p2a: Blissey|661/661","|move|p1a: Milotic|Recover|p1a: Milotic","|-heal|p1a: Milotic|393/393 par","|","|-weather|Sandstorm|[upkeep]","|-damage|p2a: Blissey|620/661|[from] Sandstorm","|-damage|p1a: Milotic|369/393 par|[from] Sandstorm","|-heal|p2a: Blissey|661/661|[from] item: Leftovers","|-heal|p1a: Milotic|393/393 par|[from] item: Leftovers","|upkeep","|turn|110","||adding 10 for new turn","|","|t:|1752926383","|move|p2a: Blissey|Thunder Wave|p1a: Milotic","|-fail|p1a: Milotic|par","|move|p1a: Milotic|Surf|p2a: Blissey","|-damage|p2a: Blissey|572/661","|","|-weather|Sandstorm|[upkeep]","|-damage|p2a: Blissey|531/661|[from] Sandstorm","|-damage|p1a: Milotic|369/393 par|[from] Sandstorm","|-heal|p2a: Blissey|572/661|[from] item: Leftovers","|-heal|p1a: Milotic|393/393 par|[from] item: Leftovers","|upkeep","|turn|111","||adding 10 for new turn","|","|t:|1752926383","|move|p2a: Blissey|Thunder Wave|p1a: Milotic","|-fail|p1a: Milotic|par","|move|p1a: Milotic|Surf|p2a: Blissey","|-crit|p2a: Blissey","|-damage|p2a: Blissey|383/661","|","|-weather|Sandstorm|[upkeep]","|-damage|p2a: Blissey|342/661|[from] Sandstorm","|-damage|p1a: Milotic|369/393 par|[from] Sandstorm","|-heal|p2a: Blissey|383/661|[from] item: Leftovers","|-heal|p1a: Milotic|393/393 par|[from] item: Leftovers","|upkeep","|turn|112","||adding 10 for new turn","|","|t:|1752926384","|move|p2a: Blissey|Thunder Wave|p1a: Milotic","|-fail|p1a: Milotic|par","|move|p1a: Milotic|Ice Beam|p2a: Blissey","|-damage|p2a: Blissey|327/661","|","|-weather|Sandstorm|[upkeep]","|-damage|p2a: Blissey|286/661|[from] Sandstorm","|-damage|p1a: Milotic|369/393 par|[from] Sandstorm","|-heal|p2a: Blissey|327/661|[from] item: Leftovers","|-heal|p1a: Milotic|393/393 par|[from] item: Leftovers","|upkeep","|turn|113","||adding 10 for new turn","|","|t:|1752926385","|move|p2a: Blissey|Thunder Wave|p1a: Milotic","|-fail|p1a: Milotic|par","|move|p1a: Milotic|Hypnosis|p2a: Blissey|[miss]","|-miss|p1a: Milotic|p2a: Blissey","|","|-weather|Sandstorm|[upkeep]","|-damage|p2a: Blissey|286/661|[from] Sandstorm","|-damage|p1a: Milotic|369/393 par|[from] Sandstorm","|-heal|p2a: Blissey|327/661|[from] item: Leftovers","|-heal|p1a: Milotic|393/393 par|[from] item: Leftovers","|upkeep","|turn|114","||adding 10 for new turn","|","|t:|1752926386","|move|p2a: Blissey|Thunder Wave|p1a: Milotic","|-fail|p1a: Milotic|par","|move|p1a: Milotic|Hypnosis|p2a: Blissey|[miss]","|-miss|p1a: Milotic|p2a: Blissey","|","|-weather|Sandstorm|[upkeep]","|-damage|p2a: Blissey|286/661|[from] Sandstorm","|-damage|p1a: Milotic|369/393 par|[from] Sandstorm","|-heal|p2a: Blissey|327/661|[from] item: Leftovers","|-heal|p1a: Milotic|393/393 par|[from] item: Leftovers","|upkeep","|turn|115","||adding 10 for new turn","|","|t:|1752926386","|move|p2a: Blissey|Thunder Wave|p1a: Milotic","|-fail|p1a: Milotic|par","|cant|p1a: Milotic|par","|","|-weather|Sandstorm|[upkeep]","|-damage|p2a: Blissey|286/661|[from] Sandstorm","|-damage|p1a: Milotic|369/393 par|[from] Sandstorm","|-heal|p2a: Blissey|327/661|[from] item: Leftovers","|-heal|p1a: Milotic|393/393 par|[from] item: Leftovers","|upkeep","|turn|116","||adding 10 for new turn","|","|t:|1752926387","|move|p2a: Blissey|Thunder Wave|p1a: Milotic","|-fail|p1a: Milotic|par","|move|p1a: Milotic|Hypnosis|p2a: Blissey","|-status|p2a: Blissey|slp|[from] move: Hypnosis","|","|-weather|Sandstorm|[upkeep]","|-damage|p2a: Blissey|286/661 slp|[from] Sandstorm","|-damage|p1a: Milotic|369/393 par|[from] Sandstorm","|-heal|p2a: Blissey|327/661 slp|[from] item: Leftovers","|-heal|p1a: Milotic|393/393 par|[from] item: Leftovers","|upkeep","|turn|117","||adding 10 for new turn","|","|t:|1752926388","|cant|p2a: Blissey|slp","|move|p1a: Milotic|Hypnosis|p2a: Blissey","|-fail|p2a: Blissey|slp","|","|-weather|Sandstorm|[upkeep]","|-damage|p2a: Blissey|286/661 slp|[from] Sandstorm","|-damage|p1a: Milotic|369/393 par|[from] Sandstorm","|-heal|p2a: Blissey|327/661 slp|[from] item: Leftovers","|-heal|p1a: Milotic|393/393 par|[from] item: Leftovers","|upkeep","|turn|118","||adding 10 for new turn","|","|t:|1752926389","|-curestatus|p2a: Blissey|slp|[msg]","|move|p2a: Blissey|Thunder Wave|p1a: Milotic","|-fail|p1a: Milotic|par","|cant|p1a: Milotic|par","|","|-weather|Sandstorm|[upkeep]","|-damage|p2a: Blissey|286/661|[from] Sandstorm","|-damage|p1a: Milotic|369/393 par|[from] Sandstorm","|-heal|p2a: Blissey|327/661|[from] item: Leftovers","|-heal|p1a: Milotic|393/393 par|[from] item: Leftovers","|upkeep","|turn|119","||adding 10 for new turn","|","|t:|1752926389","|move|p2a: Blissey|Thunder Wave|p1a: Milotic","|-fail|p1a: Milotic|par","|cant|p1a: Milotic|par","|","|-weather|Sandstorm|[upkeep]","|-damage|p2a: Blissey|286/661|[from] Sandstorm","|-damage|p1a: Milotic|369/393 par|[from] Sandstorm","|-heal|p2a: Blissey|327/661|[from] item: Leftovers","|-heal|p1a: Milotic|393/393 par|[from] item: Leftovers","|upkeep","|turn|120","||adding 10 for new turn","|","|t:|1752926390","|move|p2a: Blissey|Thunder Wave|p1a: Milotic","|-fail|p1a: Milotic|par","|move|p1a: Milotic|Hypnosis|p2a: Blissey","|-status|p2a: Blissey|slp|[from] move: Hypnosis","|","|-weather|Sandstorm|[upkeep]","|-damage|p2a: Blissey|286/661 slp|[from] Sandstorm","|-damage|p1a: Milotic|369/393 par|[from] Sandstorm","|-heal|p2a: Blissey|327/661 slp|[from] item: Leftovers","|-heal|p1a: Milotic|393/393 par|[from] item: Leftovers","|upkeep","|turn|121","||adding 10 for new turn","|","|t:|1752926391","|cant|p2a: Blissey|slp","|cant|p1a: Milotic|par","|","|-weather|Sandstorm|[upkeep]","|-damage|p2a: Blissey|286/661 slp|[from] Sandstorm","|-damage|p1a: Milotic|369/393 par|[from] Sandstorm","|-heal|p2a: Blissey|327/661 slp|[from] item: Leftovers","|-heal|p1a: Milotic|393/393 par|[from] item: Leftovers","|upkeep","|turn|122","||adding 10 for new turn","|","|t:|1752926392","|cant|p2a: Blissey|slp","|move|p1a: Milotic|Hypnosis|p2a: Blissey|[miss]","|-miss|p1a: Milotic|p2a: Blissey","|","|-weather|Sandstorm|[upkeep]","|-damage|p2a: Blissey|286/661 slp|[from] Sandstorm","|-damage|p1a: Milotic|369/393 par|[from] Sandstorm","|-heal|p2a: Blissey|327/661 slp|[from] item: Leftovers","|-heal|p1a: Milotic|393/393 par|[from] item: Leftovers","|upkeep","|turn|123","||adding 10 for new turn","|","|t:|1752926392","|cant|p2a: Blissey|slp","|cant|p1a: Milotic|par","|","|-weather|Sandstorm|[upkeep]","|-damage|p2a: Blissey|286/661 slp|[from] Sandstorm","|-damage|p1a: Milotic|369/393 par|[from] Sandstorm","|-heal|p2a: Blissey|327/661 slp|[from] item: Leftovers","|-heal|p1a: Milotic|393/393 par|[from] item: Leftovers","|upkeep","|turn|124","||adding 10 for new turn","|","|t:|1752926393","|-curestatus|p2a: Blissey|slp|[msg]","|move|p2a: Blissey|Thunder Wave|p1a: Milotic","|-fail|p1a: Milotic|par","|move|p1a: Milotic|Hypnosis|p2a: Blissey","|-status|p2a: Blissey|slp|[from] move: Hypnosis","|","|-weather|Sandstorm|[upkeep]","|-damage|p2a: Blissey|286/661 slp|[from] Sandstorm","|-damage|p1a: Milotic|369/393 par|[from] Sandstorm","|-heal|p2a: Blissey|327/661 slp|[from] item: Leftovers","|-heal|p1a: Milotic|393/393 par|[from] item: Leftovers","|upkeep","|turn|125","||adding 10 for new turn","|","|t:|1752926394","|cant|p2a: Blissey|slp","|cant|p1a: Milotic|par","|","|-weather|Sandstorm|[upkeep]","|-damage|p2a: Blissey|286/661 slp|[from] Sandstorm","|-damage|p1a: Milotic|369/393 par|[from] Sandstorm","|-heal|p2a: Blissey|327/661 slp|[from] item: Leftovers","|-heal|p1a: Milotic|393/393 par|[from] item: Leftovers","|upkeep","|turn|126","||adding 10 for new turn","|","|t:|1752926395","|cant|p2a: Blissey|slp","|move|p1a: Milotic|Hypnosis|p2a: Blissey","|-fail|p2a: Blissey|slp","|","|-weather|Sandstorm|[upkeep]","|-damage|p2a: Blissey|286/661 slp|[from] Sandstorm","|-damage|p1a: Milotic|369/393 par|[from] Sandstorm","|-heal|p2a: Blissey|327/661 slp|[from] item: Leftovers","|-heal|p1a: Milotic|393/393 par|[from] item: Leftovers","|upkeep","|turn|127","||adding 10 for new turn","|","|t:|1752926395","|cant|p2a: Blissey|slp","|move|p1a: Milotic|Hypnosis|p2a: Blissey|[miss]","|-miss|p1a: Milotic|p2a: Blissey","|","|-weather|Sandstorm|[upkeep]","|-damage|p2a: Blissey|286/661 slp|[from] Sandstorm","|-damage|p1a: Milotic|369/393 par|[from] Sandstorm","|-heal|p2a: Blissey|327/661 slp|[from] item: Leftovers","|-heal|p1a: Milotic|393/393 par|[from] item: Leftovers","|upkeep","|turn|128","||adding 10 for new turn","|","|t:|1752926396","|cant|p2a: Blissey|slp","|move|p1a: Milotic|Ice Beam|p2a: Blissey","|-damage|p2a: Blissey|264/661 slp","|","|-weather|Sandstorm|[upkeep]","|-damage|p2a: Blissey|223/661 slp|[from] Sandstorm","|-damage|p1a: Milotic|369/393 par|[from] Sandstorm","|-heal|p2a: Blissey|264/661 slp|[from] item: Leftovers","|-heal|p1a: Milotic|393/393 par|[from] item: Leftovers","|upkeep","|turn|129","||adding 10 for new turn","|","|t:|1752926397","|-curestatus|p2a: Blissey|slp|[msg]","|move|p2a: Blissey|Thunder Wave|p1a: Milotic","|-fail|p1a: Milotic|par","|move|p1a: Milotic|Surf|p2a: Blissey","|-damage|p2a: Blissey|179/661","|","|-weather|Sandstorm|[upkeep]","|-damage|p2a: Blissey|138/661|[from] Sandstorm","|-damage|p1a: Milotic|369/393 par|[from] Sandstorm","|-heal|p2a: Blissey|179/661|[from] item: Leftovers","|-heal|p1a: Milotic|393/393 par|[from] item: Leftovers","|upkeep","|turn|130","||adding 10 for new turn","|","|t:|1752926398","|move|p2a: Blissey|Thunder Wave|p1a: Milotic","|-fail|p1a: Milotic|par","|cant|p1a: Milotic|par","|","|-weather|Sandstorm|[upkeep]","|-damage|p2a: Blissey|138/661|[from] Sandstorm","|-damage|p1a: Milotic|369/393 par|[from] Sandstorm","|-heal|p2a: Blissey|179/661|[from] item: Leftovers","|-heal|p1a: Milotic|393/393 par|[from] item: Leftovers","|upkeep","|turn|131","||adding 10 for new turn","|","|t:|1752926398","|move|p2a: Blissey|Thunder Wave|p1a: Milotic","|-fail|p1a: Milotic|par","|move|p1a: Milotic|Surf|p2a: Blissey","|-damage|p2a: Blissey|94/661","|","|-weather|Sandstorm|[upkeep]","|-damage|p2a: Blissey|53/661|[from] Sandstorm","|-damage|p1a: Milotic|369/393 par|[from] Sandstorm","|-heal|p2a: Blissey|94/661|[from] item: Leftovers","|-heal|p1a: Milotic|393/393 par|[from] item: Leftovers","|upkeep","|turn|132","||adding 10 for new turn","|","|t:|1752926399","|move|p2a: Blissey|Ice Beam|p1a: Milotic","|-resisted|p1a: Milotic","|-damage|p1a: Milotic|363/393 par","|move|p1a: Milotic|Surf|p2a: Blissey","|-damage|p2a: Blissey|8/661","|","|-weather|Sandstorm|[upkeep]","|-damage|p2a: Blissey|0 fnt|[from] Sandstorm","|-damage|p1a: Milotic|339/393 par|[from] Sandstorm","|faint|p2a: Blissey","|-heal|p1a: Milotic|363/393 par|[from] item: Leftovers","|upkeep","||adding 5 to each for mid turn request","|","|t:|1752926400","|switch|p2a: Claydol|Claydol|317/317","|turn|133","||adding 10 for new turn","|","|t:|1752926401","|move|p2a: Claydol|Psychic|p1a: Milotic","|-damage|p1a: Milotic|297/393 par","|move|p1a: Milotic|Surf|p2a: Claydol","|-supereffective|p2a: Claydol","|-damage|p2a: Claydol|133/317","|","|-weather|Sandstorm|[upkeep]","|-damage|p1a: Milotic|273/393 par|[from] Sandstorm","|-heal|p2a: Claydol|152/317|[from] item: Leftovers","|-heal|p1a: Milotic|297/393 par|[from] item: Leftovers","|upkeep","|turn|134","||adding 10 for new turn","|","|t:|1752926402","|move|p2a: Claydol|Psychic|p1a: Milotic","|-damage|p1a: Milotic|241/393 par","|move|p1a: Milotic|Surf|p2a: Claydol","|-supereffective|p2a: Claydol","|-damage|p2a: Claydol|0 fnt","|faint|p2a: Claydol","||adding 5 to each for mid turn request","|","|t:|1752926403","|switch|p2a: Dugtrio|Dugtrio, M|211/211","|","|-weather|Sandstorm|[upkeep]","|-damage|p1a: Milotic|217/393 par|[from] Sandstorm","|-heal|p1a: Milotic|241/393 par|[from] item: Leftovers","|upkeep","|turn|135","||adding 10 for new turn","|","|t:|1752926403","|move|p2a: Dugtrio|Screech|p1a: Milotic","|-unboost|p1a: Milotic|def|2","|move|p1a: Milotic|Surf|p2a: Dugtrio","|-supereffective|p2a: Dugtrio","|-damage|p2a: Dugtrio|0 fnt","|faint|p2a: Dugtrio","|","|win|foultestchallenge1",""],"p1rating":null,"p2rating":null,"endType":"normal","ladderError":true,"timestamp":"Sat Jul 19 2025 05:00:03 GMT-0700 (アメリカ太平洋夏時間)","roomid":"battle-gen3ou-977","format":"gen3ou"}