{"winner":"foultestchallenge1","seed":"sodium,7ac13f53afcacc4f5460ff5bb214aa78","turns":61,"p1":"foultestchallenge1","p2":"foultestacceptor1","p1team":[{"name":"Skarmory","species":"Skarmory","item":"Leftovers","ability":"Keen Eye","moves":["Spikes","Roar","Toxic","Protect"],"nature":"Careful","evs":{"hp":252,"atk":0,"def":0,"spa":0,"spd":252,"spe":4},"gender":"M","ivs":{"hp":31,"atk":0,"def":31,"spa":31,"spd":31,"spe":31},"level":100},{"name":"Jolteon","species":"Jolteon","item":"Leftovers","ability":"Volt Absorb","moves":["Thunderbolt","Thunder Wave","Hidden Power Grass","Baton Pass"],"nature":"Timid","evs":{"hp":4,"atk":0,"def":0,"spa":252,"spd":0,"spe":252},"gender":"M","ivs":{"hp":31,"atk":2,"def":31,"spa":30,"spd":31,"spe":31},"happiness":255,"hpType":"Grass","pokeball":"","gigantamax":false,"dynamaxLevel":10,"teraType":"","level":100},{"name":"Tyranitar","species":"Tyranitar","item":"Leftovers","ability":"Sand Stream","moves":["Focus Punch","Earthquake","Hidden Power Bug","Rock Slide"],"nature":"Adamant","evs":{"hp":252,"atk":252,"def":4,"spa":0,"spd":0,"spe":0},"gender":"M","ivs":{"hp":31,"atk":31,"def":31,"spa":31,"spd":30,"spe":30},"happiness":255,"hpType":"Bug","pokeball":"","gigantamax":false,"dynamaxLevel":10,"teraType":"","level":100},{"name":"Gengar","species":"Gengar","item":"Leftovers","ability":"Levitate","moves":["Ice Punch","Fire Punch","Hidden Power Grass","Explosion"],"nature":"Hasty","evs":{"hp":40,"atk":0,"def":0,"spa":252,"spd":0,"spe":216},"gender":"M","ivs":{"hp":31,"atk":30,"def":31,"spa":30,"spd":31,"spe":31},"happiness":255,"hpType":"Grass","pokeball":"","gigantamax":false,"dynamaxLevel":10,"teraType":"","level":100},{"name":"Metagross","species":"Metagross","item":"Choice Band","ability":"Clear Body","moves":["Meteor Mash","Earthquake","Rock Slide","Explosion"],"nature":"Adamant","evs":{"hp":68,"atk":252,"def":0,"spa":0,"spd":0,"spe":188},"gender":"N","level":100,"ivs":{"hp":31,"atk":31,"def":31,"spa":31,"spd":31,"spe":31}},{"name":"Starmie","species":"Starmie","item":"Leftovers","ability":"Natural Cure","moves":["Hydro Pump","Thunderbolt","Ice Beam","Psychic"],"nature":"Timid","evs":{"hp":4,"atk":0,"def":0,"spa":252,"spd":0,"spe":252},"gender":"N","ivs":{"hp":31,"atk":0,"def":31,"spa":31,"spd":31,"spe":31},"level":100}],"p2team":[{"name":"Dugtrio","species":"Dugtrio","item":"Choice Band","ability":"Arena Trap","moves":["Earthquake","Hidden Power Bug","Aerial Ace","Sunny Day"],"nature":"Adamant","evs":{"hp":96,"atk":168,"def":20,"spa":0,"spd":0,"spe":224},"gender":"F","ivs":{"hp":31,"atk":30,"def":30,"spa":31,"spd":30,"spe":31},"happiness":255,"hpType":"Bug","pokeball":"","gigantamax":false,"dynamaxLevel":10,"teraType":"","level":100},{"name":"Forretress","species":"Forretress","item":"Leftovers","ability":"Sturdy","moves":["Spikes","Zap Cannon","Explosion","Hidden Power Bug"],"nature":"Careful","evs":{"hp":252,"atk":0,"def":4,"spa":0,"spd":252,"spe":0},"gender":"F","ivs":{"hp":31,"atk":30,"def":30,"spa":31,"spd":30,"spe":31},"happiness":255,"hpType":"Bug","pokeball":"","gigantamax":false,"dynamaxLevel":10,"teraType":"","level":100},{"name":"Snorlax","species":"Snorlax","item":"Leftovers","ability":"Immunity","moves":["Return","Curse","Rest","Shadow Ball"],"nature":"Careful","evs":{"hp":144,"atk":96,"def":132,"spa":0,"spd":136,"spe":0},"gender":"M","level":100,"ivs":{"hp":31,"atk":31,"def":31,"spa":31,"spd":31,"spe":31}},{"name":"Suicune","species":"Suicune","item":"Leftovers","ability":"Pressure","moves":["Calm Mind","Rest","Ice Beam","Surf"],"nature":"Bold","evs":{"hp":240,"atk":0,"def":252,"spa":0,"spd":0,"spe":16},"gender":"N","ivs":{"hp":31,"atk":0,"def":31,"spa":31,"spd":31,"spe":31},"level":100},{"name":"Claydol","species":"Claydol","item":"Leftovers","ability":"Levitate","moves":["Earthquake","Psychic","Rapid Spin","Rest"],"nature":"Lonely","evs":{"hp":252,"atk":224,"def":0,"spa":24,"spd":0,"spe":8},"gender":"N","level":100,"ivs":{"hp":31,"atk":31,"def":31,"spa":31,"spd":31,"spe":31}},{"name":"Blissey","species":"Blissey","item":"Leftovers","ability":"Natural Cure","moves":["Soft-Boiled","Seismic Toss","Thunder Wave","Aromatherapy"],"nature":"Bold","evs":{"hp":252,"atk":0,"def":252,"spa":0,"spd":0,"spe":4},"gender":"F","ivs":{"hp":31,"atk":0,"def":31,"spa":31,"spd":31,"spe":31},"level":100}],"score":[6,0],"inputLog":[">version 372d05e49c92a79eecdf6c8dddb208bd1765c00f",">start {\"formatid\":\"gen3ou\",\"seed\":\"sodium,7ac13f53afcacc4f5460ff5bb214aa78\"}",">player p1 {\"name\":\"foultestchallenge1\",\"avatar\":\"1\",\"team\":\"Skarmory||Leftovers|KeenEye|Spikes,Roar,Toxic,Protect|Careful|252,,,,252,4|M|,0,,,,|||]Jolteon||Leftovers|VoltAbsorb|Thunderbolt,ThunderWave,HiddenPowerGrass,BatonPass|Timid|4,,,252,,252|M|,2,,30,,|||,Grass,,,,]Tyranitar||Leftovers|SandStream|FocusPunch,Earthquake,HiddenPowerBug,RockSlide|Adamant|252,252,4,,,|M|,,,,30,30|||,Bug,,,,]Gengar||Leftovers|Levitate|IcePunch,FirePunch,HiddenPowerGrass,Explosion|Hasty|40,,,252,,216|M|,30,,30,,|||,Grass,,,,]Metagross||ChoiceBand|ClearBody|MeteorMash,Earthquake,RockSlide,Explosion|Adamant|68,252,,,,188|N||||]Starmie||Leftovers|NaturalCure|HydroPump,Thunderbolt,IceBeam,Psychic|Timid|4,,,252,,252|N|,0,,,,|||\",\"rating\":0}",">player p2 {\"name\":\"foultestacceptor1\",\"avatar\":\"1\",\"team\":\"Dugtrio||ChoiceBand|ArenaTrap|Earthquake,HiddenPowerBug,AerialAce,SunnyDay|Adamant|96,168,20,,,224|F|,30,30,,30,|||,Bug,,,,]Forretress||Leftovers|Sturdy|Spikes,ZapCannon,Explosion,HiddenPowerBug|Careful|252,,4,,252,|F|,30,30,,30,|||,Bug,,,,]Snorlax||Leftovers|Immunity|Return,Curse,Rest,ShadowBall|Careful|144,96,132,,136,|M||||]Suicune||Leftovers|Pressure|CalmMind,Rest,IceBeam,Surf|Bold|240,,252,,,16|N|,0,,,,|||]Claydol||Leftovers|Levitate|Earthquake,Psychic,RapidSpin,Rest|Lonely|252,224,,24,,8|N||||]Blissey||Leftovers|NaturalCure|SoftBoiled,SeismicToss,ThunderWave,Aromatherapy|Bold|252,,252,,,4|F|,0,,,,|||\",\"rating\":0}",">p1 move spikes",">p2 switch 5",">p1 move spikes",">p2 move rapidspin",">p1 move spikes",">p2 move rapidspin",">p1 move spikes",">p2 move rapidspin",">p1 move spikes",">p2 move rapidspin",">p1 move spikes",">p2 move rapidspin",">p1 move spikes",">p2 move rapidspin",">p1 move spikes",">p2 move rapidspin",">p1 move spikes",">p2 move rapidspin",">p1 move spikes",">p2 move rapidspin",">p1 move toxic",">p2 move rapidspin",">p1 move spikes",">p2 move psychic",">p1 move spikes",">p2 move rapidspin",">p1 move spikes",">p2 move rapidspin",">p1 move spikes",">p2 move rapidspin",">p1 move spikes",">p2 move rapidspin",">p1 move spikes",">p2 move rapidspin",">p1 move spikes",">p2 move rapidspin",">p1 move spikes",">p2 move rapidspin",">p1 move spikes",">p2 move rapidspin",">p1 move spikes",">p2 move rapidspin",">p1 move spikes",">p2 move rapidspin",">p1 move spikes",">p2 move rapidspin",">p1 move spikes",">p2 move rapidspin",">p1 move spikes",">p2 move rapidspin",">p1 move spikes",">p2 move rapidspin",">p1 move spikes",">p2 move rapidspin",">p1 move spikes",">p2 move rapidspin",">p1 move spikes",">p2 move rapidspin",">p1 move spikes",">p2 move rapidspin",">p1 move spikes",">p2 move rapidspin",">p1 move toxic",">p2 move rapidspin",">p1 move spikes",">p2 switch 4",">p1 move toxic",">p2 move calmmind",">p1 move protect",">p2 move surf",">p1 switch 6",">p2 move surf",">p1 move thunderbolt",">p2 move rest",">p1 move thunderbolt",">p2 move rest",">p1 move thunderbolt",">p2 move icebeam",">p1 move thunderbolt",">p2 move surf",">p1 move thunderbolt",">p2 move rest",">p1 move thunderbolt",">p2 move rest",">p1 move thunderbolt",">p2 move surf",">p1 move thunderbolt",">p2 move calmmind",">p1 move thunderbolt",">p2 move calmmind",">p1 move thunderbolt",">p2 move rest",">p1 switch 6",">p2 move calmmind",">p1 move roar",">p2 move calmmind",">p1 switch 4",">p2 move rapidspin",">p1 move hiddenpower",">p2 switch 4",">p1 move hiddenpower",">p2 move calmmind",">p2 switch 6",">p1 switch 3",">p2 move aromatherapy",">p1 move focuspunch",">p2 move thunderwave",">p2 switch 5",">p1 move earthquake",">p2 move earthquake",">p2 switch 2",">p1 switch 3",">p2 move hiddenpower",">p1 move firepunch",">p2 move spikes",">p1 move firepunch",">p2 move zapcannon",">p2 switch 3",">p1 switch 5",">p2 move shadowball",">p1 move meteormash",">p2 move shadowball",">p1 move meteormash",">p2 move rest",">p2 switch 4",">p1 move meteormash",">p2 move earthquake"],"log":["|j|☆foultestchallenge1","|j|☆foultestacceptor1","|t:|1752923757","|gametype|singles","|player|p1|foultestchallenge1|1|","|player|p2|foultestacceptor1|1|","|teamsize|p1|6","|teamsize|p2|6","|gen|3","|tier|[Gen 3] OU","|rule|Sleep Clause Mod: Limit one foe put to sleep","|rule|Switch Priority Clause Mod: Faster Pokémon switch first","|rule|Species Clause: Limit one of each Pokémon","|rule|OHKO Clause: OHKO moves are banned","|rule|Evasion Items Clause: Evasion items are banned","|rule|Evasion Moves Clause: Evasion moves are banned","|rule|Endless Battle Clause: Forcing endless battles is banned","|rule|HP Percentage Mod: HP is shown in percentages","|rule|One Boost Passer Clause: Limit one Baton Passer that has a way to boost its stats","|rule|Freeze Clause Mod: Limit one foe frozen","|","|t:|1752923757","|start","|switch|p1a: Skarmory|Skarmory, M|334/334","|switch|p2a: Dugtrio|Dugtrio, F|235/235","|turn|1","|inactive|Battle timer is ON: inactive players will automatically lose when time's up. (requested by foultestacceptor1)","|inactive|foultestchallenge1 also wants the timer to be on.","|","|t:|1752923758","|switch|p2a: Claydol|Claydol|324/324","|move|p1a: Skarmory|Spikes|p2a: Claydol","|-sidestart|p2: foultestacceptor1|Spikes","|","|upkeep","|turn|2","||adding 10 for new turn","|","|t:|1752923759","|move|p2a: Claydol|Rapid Spin|p1a: Skarmory","|-resisted|p1a: Skarmory","|-damage|p1a: Skarmory|328/334","|-sideend|p2: foultestacceptor1|Spikes|[from] move: Rapid Spin|[of] p2a: Claydol","|move|p1a: Skarmory|Spikes|p2a: Claydol","|-sidestart|p2: foultestacceptor1|Spikes","|","|-heal|p1a: Skarmory|334/334|[from] item: Leftovers","|upkeep","|turn|3","||adding 10 for new turn","|","|t:|1752923760","|move|p2a: Claydol|Rapid Spin|p1a: Skarmory","|-resisted|p1a: Skarmory","|-damage|p1a: Skarmory|328/334","|-sideend|p2: foultestacceptor1|Spikes|[from] move: Rapid Spin|[of] p2a: Claydol","|move|p1a: Skarmory|Spikes|p2a: Claydol","|-sidestart|p2: foultestacceptor1|Spikes","|","|-heal|p1a: Skarmory|334/334|[from] item: Leftovers","|upkeep","|turn|4","||adding 10 for new turn","|","|t:|1752923762","|move|p2a: Claydol|Rapid Spin|p1a: Skarmory","|-resisted|p1a: Skarmory","|-damage|p1a: Skarmory|328/334","|-sideend|p2: foultestacceptor1|Spikes|[from] move: Rapid Spin|[of] p2a: Claydol","|move|p1a: Skarmory|Spikes|p2a: Claydol","|-sidestart|p2: foultestacceptor1|Spikes","|","|-heal|p1a: Skarmory|334/334|[from] item: Leftovers","|upkeep","|turn|5","||adding 10 for new turn","|","|t:|1752923763","|move|p2a: Claydol|Rapid Spin|p1a: Skarmory","|-resisted|p1a: Skarmory","|-damage|p1a: Skarmory|328/334","|-sideend|p2: foultestacceptor1|Spikes|[from] move: Rapid Spin|[of] p2a: Claydol","|move|p1a: Skarmory|Spikes|p2a: Claydol","|-sidestart|p2: foultestacceptor1|Spikes","|","|-heal|p1a: Skarmory|334/334|[from] item: Leftovers","|upkeep","|turn|6","||adding 10 for new turn","|","|t:|1752923764","|move|p2a: Claydol|Rapid Spin|p1a: Skarmory","|-resisted|p1a: Skarmory","|-crit|p1a: Skarmory","|-damage|p1a: Skarmory|320/334","|-sideend|p2: foultestacceptor1|Spikes|[from] move: Rapid Spin|[of] p2a: Claydol","|move|p1a: Skarmory|Spikes|p2a: Claydol","|-sidestart|p2: foultestacceptor1|Spikes","|","|-heal|p1a: Skarmory|334/334|[from] item: Leftovers","|upkeep","|turn|7","||adding 10 for new turn","|","|t:|1752923765","|move|p2a: Claydol|Rapid Spin|p1a: Skarmory","|-resisted|p1a: Skarmory","|-damage|p1a: Skarmory|328/334","|-sideend|p2: foultestacceptor1|Spikes|[from] move: Rapid Spin|[of] p2a: Claydol","|move|p1a: Skarmory|Spikes|p2a: Claydol","|-sidestart|p2: foultestacceptor1|Spikes","|","|-heal|p1a: Skarmory|334/334|[from] item: Leftovers","|upkeep","|turn|8","||adding 10 for new turn","|","|t:|1752923766","|move|p2a: Claydol|Rapid Spin|p1a: Skarmory","|-resisted|p1a: Skarmory","|-damage|p1a: Skarmory|328/334","|-sideend|p2: foultestacceptor1|Spikes|[from] move: Rapid Spin|[of] p2a: Claydol","|move|p1a: Skarmory|Spikes|p2a: Claydol","|-sidestart|p2: foultestacceptor1|Spikes","|","|-heal|p1a: Skarmory|334/334|[from] item: Leftovers","|upkeep","|turn|9","||adding 10 for new turn","|","|t:|1752923767","|move|p2a: Claydol|Rapid Spin|p1a: Skarmory","|-resisted|p1a: Skarmory","|-damage|p1a: Skarmory|328/334","|-sideend|p2: foultestacceptor1|Spikes|[from] move: Rapid Spin|[of] p2a: Claydol","|move|p1a: Skarmory|Spikes|p2a: Claydol","|-sidestart|p2: foultestacceptor1|Spikes","|","|-heal|p1a: Skarmory|334/334|[from] item: Leftovers","|upkeep","|turn|10","||adding 10 for new turn","|","|t:|1752923768","|move|p2a: Claydol|Rapid Spin|p1a: Skarmory","|-resisted|p1a: Skarmory","|-damage|p1a: Skarmory|327/334","|-sideend|p2: foultestacceptor1|Spikes|[from] move: Rapid Spin|[of] p2a: Claydol","|move|p1a: Skarmory|Spikes|p2a: Claydol","|-sidestart|p2: foultestacceptor1|Spikes","|","|-heal|p1a: Skarmory|334/334|[from] item: Leftovers","|upkeep","|turn|11","||adding 10 for new turn","|","|t:|1752923769","|move|p2a: Claydol|Rapid Spin|p1a: Skarmory","|-resisted|p1a: Skarmory","|-damage|p1a: Skarmory|328/334","|-sideend|p2: foultestacceptor1|Spikes|[from] move: Rapid Spin|[of] p2a: Claydol","|move|p1a: Skarmory|Toxic|p2a: Claydol|[miss]","|-miss|p1a: Skarmory|p2a: Claydol","|","|-heal|p1a: Skarmory|334/334|[from] item: Leftovers","|upkeep","|turn|12","||adding 10 for new turn","|","|t:|1752923770","|move|p2a: Claydol|Psychic|p1a: Skarmory","|-resisted|p1a: Skarmory","|-damage|p1a: Skarmory|295/334","|move|p1a: Skarmory|Spikes|p2a: Claydol","|-sidestart|p2: foultestacceptor1|Spikes","|","|-heal|p1a: Skarmory|315/334|[from] item: Leftovers","|upkeep","|turn|13","||adding 10 for new turn","|","|t:|1752923772","|move|p2a: Claydol|Rapid Spin|p1a: Skarmory","|-resisted|p1a: Skarmory","|-damage|p1a: Skarmory|309/334","|-sideend|p2: foultestacceptor1|Spikes|[from] move: Rapid Spin|[of] p2a: Claydol","|move|p1a: Skarmory|Spikes|p2a: Claydol","|-sidestart|p2: foultestacceptor1|Spikes","|","|-heal|p1a: Skarmory|329/334|[from] item: Leftovers","|upkeep","|turn|14","||adding 10 for new turn","|","|t:|1752923773","|move|p2a: Claydol|Rapid Spin|p1a: Skarmory","|-resisted|p1a: Skarmory","|-damage|p1a: Skarmory|323/334","|-sideend|p2: foultestacceptor1|Spikes|[from] move: Rapid Spin|[of] p2a: Claydol","|move|p1a: Skarmory|Spikes|p2a: Claydol","|-sidestart|p2: foultestacceptor1|Spikes","|","|-heal|p1a: Skarmory|334/334|[from] item: Leftovers","|upkeep","|turn|15","||adding 10 for new turn","|","|t:|1752923774","|move|p2a: Claydol|Rapid Spin|p1a: Skarmory","|-resisted|p1a: Skarmory","|-damage|p1a: Skarmory|328/334","|-sideend|p2: foultestacceptor1|Spikes|[from] move: Rapid Spin|[of] p2a: Claydol","|move|p1a: Skarmory|Spikes|p2a: Claydol","|-sidestart|p2: foultestacceptor1|Spikes","|","|-heal|p1a: Skarmory|334/334|[from] item: Leftovers","|upkeep","|turn|16","||adding 10 for new turn","|","|t:|1752923775","|move|p2a: Claydol|Rapid Spin|p1a: Skarmory","|-resisted|p1a: Skarmory","|-damage|p1a: Skarmory|328/334","|-sideend|p2: foultestacceptor1|Spikes|[from] move: Rapid Spin|[of] p2a: Claydol","|move|p1a: Skarmory|Spikes|p2a: Claydol","|-sidestart|p2: foultestacceptor1|Spikes","|","|-heal|p1a: Skarmory|334/334|[from] item: Leftovers","|upkeep","|turn|17","||adding 10 for new turn","|","|t:|1752923776","|move|p2a: Claydol|Rapid Spin|p1a: Skarmory","|-resisted|p1a: Skarmory","|-damage|p1a: Skarmory|327/334","|-sideend|p2: foultestacceptor1|Spikes|[from] move: Rapid Spin|[of] p2a: Claydol","|move|p1a: Skarmory|Spikes|p2a: Claydol","|-sidestart|p2: foultestacceptor1|Spikes","|","|-heal|p1a: Skarmory|334/334|[from] item: Leftovers","|upkeep","|turn|18","||adding 10 for new turn","|","|t:|1752923777","|move|p2a: Claydol|Rapid Spin|p1a: Skarmory","|-resisted|p1a: Skarmory","|-damage|p1a: Skarmory|328/334","|-sideend|p2: foultestacceptor1|Spikes|[from] move: Rapid Spin|[of] p2a: Claydol","|move|p1a: Skarmory|Spikes|p2a: Claydol","|-sidestart|p2: foultestacceptor1|Spikes","|","|-heal|p1a: Skarmory|334/334|[from] item: Leftovers","|upkeep","|turn|19","||adding 10 for new turn","|","|t:|1752923778","|move|p2a: Claydol|Rapid Spin|p1a: Skarmory","|-resisted|p1a: Skarmory","|-damage|p1a: Skarmory|328/334","|-sideend|p2: foultestacceptor1|Spikes|[from] move: Rapid Spin|[of] p2a: Claydol","|move|p1a: Skarmory|Spikes|p2a: Claydol","|-sidestart|p2: foultestacceptor1|Spikes","|","|-heal|p1a: Skarmory|334/334|[from] item: Leftovers","|upkeep","|turn|20","||adding 10 for new turn","|","|t:|1752923779","|move|p2a: Claydol|Rapid Spin|p1a: Skarmory","|-resisted|p1a: Skarmory","|-damage|p1a: Skarmory|328/334","|-sideend|p2: foultestacceptor1|Spikes|[from] move: Rapid Spin|[of] p2a: Claydol","|move|p1a: Skarmory|Spikes|p2a: Claydol","|-sidestart|p2: foultestacceptor1|Spikes","|","|-heal|p1a: Skarmory|334/334|[from] item: Leftovers","|upkeep","|turn|21","||adding 10 for new turn","|","|t:|1752923780","|move|p2a: Claydol|Rapid Spin|p1a: Skarmory","|-resisted|p1a: Skarmory","|-damage|p1a: Skarmory|328/334","|-sideend|p2: foultestacceptor1|Spikes|[from] move: Rapid Spin|[of] p2a: Claydol","|move|p1a: Skarmory|Spikes|p2a: Claydol","|-sidestart|p2: foultestacceptor1|Spikes","|","|-heal|p1a: Skarmory|334/334|[from] item: Leftovers","|upkeep","|turn|22","||adding 10 for new turn","|","|t:|1752923781","|move|p2a: Claydol|Rapid Spin|p1a: Skarmory","|-resisted|p1a: Skarmory","|-damage|p1a: Skarmory|328/334","|-sideend|p2: foultestacceptor1|Spikes|[from] move: Rapid Spin|[of] p2a: Claydol","|move|p1a: Skarmory|Spikes|p2a: Claydol","|-sidestart|p2: foultestacceptor1|Spikes","|","|-heal|p1a: Skarmory|334/334|[from] item: Leftovers","|upkeep","|turn|23","||adding 10 for new turn","|","|t:|1752923782","|move|p2a: Claydol|Rapid Spin|p1a: Skarmory","|-resisted|p1a: Skarmory","|-damage|p1a: Skarmory|328/334","|-sideend|p2: foultestacceptor1|Spikes|[from] move: Rapid Spin|[of] p2a: Claydol","|move|p1a: Skarmory|Spikes|p2a: Claydol","|-sidestart|p2: foultestacceptor1|Spikes","|","|-heal|p1a: Skarmory|334/334|[from] item: Leftovers","|upkeep","|turn|24","||adding 10 for new turn","|","|t:|1752923783","|move|p2a: Claydol|Rapid Spin|p1a: Skarmory","|-resisted|p1a: Skarmory","|-damage|p1a: Skarmory|328/334","|-sideend|p2: foultestacceptor1|Spikes|[from] move: Rapid Spin|[of] p2a: Claydol","|move|p1a: Skarmory|Spikes|p2a: Claydol","|-sidestart|p2: foultestacceptor1|Spikes","|","|-heal|p1a: Skarmory|334/334|[from] item: Leftovers","|upkeep","|turn|25","||adding 10 for new turn","|","|t:|1752923784","|move|p2a: Claydol|Rapid Spin|p1a: Skarmory","|-resisted|p1a: Skarmory","|-damage|p1a: Skarmory|328/334","|-sideend|p2: foultestacceptor1|Spikes|[from] move: Rapid Spin|[of] p2a: Claydol","|move|p1a: Skarmory|Spikes|p2a: Claydol","|-sidestart|p2: foultestacceptor1|Spikes","|","|-heal|p1a: Skarmory|334/334|[from] item: Leftovers","|upkeep","|turn|26","||adding 10 for new turn","|","|t:|1752923785","|move|p2a: Claydol|Rapid Spin|p1a: Skarmory","|-resisted|p1a: Skarmory","|-damage|p1a: Skarmory|328/334","|-sideend|p2: foultestacceptor1|Spikes|[from] move: Rapid Spin|[of] p2a: Claydol","|move|p1a: Skarmory|Spikes|p2a: Claydol","|-sidestart|p2: foultestacceptor1|Spikes","|","|-heal|p1a: Skarmory|334/334|[from] item: Leftovers","|upkeep","|turn|27","||adding 10 for new turn","|","|t:|1752923786","|move|p2a: Claydol|Rapid Spin|p1a: Skarmory","|-resisted|p1a: Skarmory","|-damage|p1a: Skarmory|328/334","|-sideend|p2: foultestacceptor1|Spikes|[from] move: Rapid Spin|[of] p2a: Claydol","|move|p1a: Skarmory|Spikes|p2a: Claydol","|-sidestart|p2: foultestacceptor1|Spikes","|","|-heal|p1a: Skarmory|334/334|[from] item: Leftovers","|upkeep","|turn|28","||adding 10 for new turn","|","|t:|1752923787","|move|p2a: Claydol|Rapid Spin|p1a: Skarmory","|-resisted|p1a: Skarmory","|-damage|p1a: Skarmory|328/334","|-sideend|p2: foultestacceptor1|Spikes|[from] move: Rapid Spin|[of] p2a: Claydol","|move|p1a: Skarmory|Spikes|p2a: Claydol","|-sidestart|p2: foultestacceptor1|Spikes","|","|-heal|p1a: Skarmory|334/334|[from] item: Leftovers","|upkeep","|turn|29","||adding 10 for new turn","|","|t:|1752923788","|move|p2a: Claydol|Rapid Spin|p1a: Skarmory","|-resisted|p1a: Skarmory","|-damage|p1a: Skarmory|328/334","|-sideend|p2: foultestacceptor1|Spikes|[from] move: Rapid Spin|[of] p2a: Claydol","|move|p1a: Skarmory|Spikes|p2a: Claydol","|-sidestart|p2: foultestacceptor1|Spikes","|","|-heal|p1a: Skarmory|334/334|[from] item: Leftovers","|upkeep","|turn|30","||adding 10 for new turn","|","|t:|1752923789","|move|p2a: Claydol|Rapid Spin|p1a: Skarmory","|-resisted|p1a: Skarmory","|-damage|p1a: Skarmory|328/334","|-sideend|p2: foultestacceptor1|Spikes|[from] move: Rapid Spin|[of] p2a: Claydol","|move|p1a: Skarmory|Spikes|p2a: Claydol","|-sidestart|p2: foultestacceptor1|Spikes","|","|-heal|p1a: Skarmory|334/334|[from] item: Leftovers","|upkeep","|turn|31","||adding 10 for new turn","|","|t:|1752923791","|move|p2a: Claydol|Rapid Spin|p1a: Skarmory","|-resisted|p1a: Skarmory","|-damage|p1a: Skarmory|328/334","|-sideend|p2: foultestacceptor1|Spikes|[from] move: Rapid Spin|[of] p2a: Claydol","|move|p1a: Skarmory|Spikes|p2a: Claydol","|-sidestart|p2: foultestacceptor1|Spikes","|","|-heal|p1a: Skarmory|334/334|[from] item: Leftovers","|upkeep","|turn|32","||adding 10 for new turn","|","|t:|1752923792","|move|p2a: Claydol|Rapid Spin|p1a: Skarmory","|-resisted|p1a: Skarmory","|-damage|p1a: Skarmory|329/334","|-sideend|p2: foultestacceptor1|Spikes|[from] move: Rapid Spin|[of] p2a: Claydol","|move|p1a: Skarmory|Toxic|p2a: Claydol","|-status|p2a: Claydol|tox","|","|-damage|p2a: Claydol|304/324 tox|[from] psn","|-heal|p1a: Skarmory|334/334|[from] item: Leftovers","|upkeep","|turn|33","||adding 10 for new turn","|","|t:|1752923793","|switch|p2a: Suicune|Suicune|401/401","|-ability|p2a: Suicune|Pressure|[silent]","|move|p1a: Skarmory|Spikes|p2a: Suicune","|-sidestart|p2: foultestacceptor1|Spikes","|","|upkeep","|turn|34","||adding 10 for new turn","|","|t:|1752923794","|move|p2a: Suicune|Calm Mind|p2a: Suicune","|-boost|p2a: Suicune|spa|1","|-boost|p2a: Suicune|spd|1","|move|p1a: Skarmory|Toxic|p2a: Suicune","|-status|p2a: Suicune|tox","|","|-damage|p2a: Suicune|376/401 tox|[from] psn","|upkeep","|turn|35","||adding 10 for new turn","|","|t:|1752923795","|move|p1a: Skarmory|Protect|p1a: Skarmory","|-singleturn|p1a: Skarmory|Protect","|move|p2a: Suicune|Surf|p1a: Skarmory","|-activate|p1a: Skarmory|Protect","|","|-heal|p2a: Suicune|401/401 tox|[from] item: Leftovers","|-damage|p2a: Suicune|351/401 tox|[from] psn","|upkeep","|turn|36","||adding 10 for new turn","|","|t:|1752923795","|switch|p1a: Starmie|Starmie|262/262","|move|p2a: Suicune|Surf|p1a: Starmie","|-resisted|p1a: Starmie","|-damage|p1a: Starmie|170/262","|","|-heal|p1a: Starmie|186/262|[from] item: Leftovers","|-heal|p2a: Suicune|376/401 tox|[from] item: Leftovers","|-damage|p2a: Suicune|301/401 tox|[from] psn","|upkeep","|turn|37","||adding 10 for new turn","|","|t:|1752923797","|move|p1a: Starmie|Thunderbolt|p2a: Suicune","|-supereffective|p2a: Suicune","|-damage|p2a: Suicune|184/401 tox","|move|p2a: Suicune|Rest|p2a: Suicune","|-status|p2a: Suicune|slp|[from] move: Rest","|-heal|p2a: Suicune|401/401 slp|[silent]","|","|-heal|p1a: Starmie|202/262|[from] item: Leftovers","|upkeep","|turn|38","||adding 10 for new turn","|","|t:|1752923798","|move|p1a: Starmie|Thunderbolt|p2a: Suicune","|-supereffective|p2a: Suicune","|-damage|p2a: Suicune|294/401 slp","|cant|p2a: Suicune|slp","|","|-heal|p1a: Starmie|218/262|[from] item: Leftovers","|-heal|p2a: Suicune|319/401 slp|[from] item: Leftovers","|upkeep","|turn|39","||adding 10 for new turn","|","|t:|1752923798","|move|p1a: Starmie|Thunderbolt|p2a: Suicune","|-supereffective|p2a: Suicune","|-damage|p2a: Suicune|202/401 slp","|cant|p2a: Suicune|slp","|","|-heal|p1a: Starmie|234/262|[from] item: Leftovers","|-heal|p2a: Suicune|227/401 slp|[from] item: Leftovers","|upkeep","|turn|40","||adding 10 for new turn","|","|t:|1752923799","|move|p1a: Starmie|Thunderbolt|p2a: Suicune","|-supereffective|p2a: Suicune","|-damage|p2a: Suicune|119/401 slp","|-curestatus|p2a: Suicune|slp|[msg]","|move|p2a: Suicune|Surf|p1a: Starmie","|-resisted|p1a: Starmie","|-damage|p1a: Starmie|145/262","|","|-heal|p1a: Starmie|161/262|[from] item: Leftovers","|-heal|p2a: Suicune|144/401|[from] item: Leftovers","|upkeep","|turn|41","||adding 10 for new turn","|","|t:|1752923800","|move|p1a: Starmie|Thunderbolt|p2a: Suicune","|-supereffective|p2a: Suicune","|-damage|p2a: Suicune|40/401","|move|p2a: Suicune|Rest|p2a: Suicune","|-status|p2a: Suicune|slp|[from] move: Rest","|-heal|p2a: Suicune|401/401 slp|[silent]","|","|-heal|p1a: Starmie|177/262|[from] item: Leftovers","|upkeep","|turn|42","||adding 10 for new turn","|","|t:|1752923801","|move|p1a: Starmie|Thunderbolt|p2a: Suicune","|-supereffective|p2a: Suicune","|-damage|p2a: Suicune|295/401 slp","|cant|p2a: Suicune|slp","|","|-heal|p1a: Starmie|193/262|[from] item: Leftovers","|-heal|p2a: Suicune|320/401 slp|[from] item: Leftovers","|upkeep","|turn|43","||adding 10 for new turn","|","|t:|1752923802","|move|p1a: Starmie|Thunderbolt|p2a: Suicune","|-supereffective|p2a: Suicune","|-damage|p2a: Suicune|198/401 slp","|cant|p2a: Suicune|slp","|","|-heal|p1a: Starmie|209/262|[from] item: Leftovers","|-heal|p2a: Suicune|223/401 slp|[from] item: Leftovers","|upkeep","|turn|44","||adding 10 for new turn","|","|t:|1752923803","|move|p1a: Starmie|Thunderbolt|p2a: Suicune","|-supereffective|p2a: Suicune","|-damage|p2a: Suicune|114/401 slp","|-curestatus|p2a: Suicune|slp|[msg]","|move|p2a: Suicune|Calm Mind|p2a: Suicune","|-boost|p2a: Suicune|spa|1","|-boost|p2a: Suicune|spd|1","|","|-heal|p1a: Starmie|225/262|[from] item: Leftovers","|-heal|p2a: Suicune|139/401|[from] item: Leftovers","|upkeep","|turn|45","||adding 10 for new turn","|","|t:|1752923804","|move|p1a: Starmie|Thunderbolt|p2a: Suicune","|-supereffective|p2a: Suicune","|-damage|p2a: Suicune|52/401","|move|p2a: Suicune|Calm Mind|p2a: Suicune","|-boost|p2a: Suicune|spa|1","|-boost|p2a: Suicune|spd|1","|","|-heal|p1a: Starmie|241/262|[from] item: Leftovers","|-heal|p2a: Suicune|77/401|[from] item: Leftovers","|upkeep","|turn|46","||adding 10 for new turn","|","|t:|1752923805","|move|p1a: Starmie|Thunderbolt|p2a: Suicune","|-supereffective|p2a: Suicune","|-damage|p2a: Suicune|3/401","|move|p2a: Suicune|Rest|p2a: Suicune","|-status|p2a: Suicune|slp|[from] move: Rest","|-heal|p2a: Suicune|401/401 slp|[silent]","|","|-heal|p1a: Starmie|257/262|[from] item: Leftovers","|upkeep","|turn|47","||adding 10 for new turn","|","|t:|1752923806","|switch|p1a: Skarmory|Skarmory, M|334/334","|cant|p2a: Suicune|slp","|","|upkeep","|turn|48","||adding 10 for new turn","|","|t:|1752923807","|cant|p2a: Suicune|slp","|move|p1a: Skarmory|Roar|p2a: Suicune","|drag|p2a: Claydol|Claydol|304/324 tox","|","|-heal|p2a: Claydol|324/324 tox|[from] item: Leftovers","|-damage|p2a: Claydol|304/324 tox|[from] psn","|upkeep","|turn|49","||adding 10 for new turn","|","|t:|1752923807","|switch|p1a: Gengar|Gengar, M|271/271","|move|p2a: Claydol|Rapid Spin|p1a: Gengar","|-immune|p1a: Gengar","|","|-heal|p2a: Claydol|324/324 tox|[from] item: Leftovers","|-damage|p2a: Claydol|284/324 tox|[from] psn","|upkeep","|turn|50","||adding 10 for new turn","|","|t:|1752923808","|switch|p2a: Suicune|Suicune|401/401 slp","|-damage|p2a: Suicune|351/401 slp|[from] Spikes","|-ability|p2a: Suicune|Pressure|[silent]","|move|p1a: Gengar|Hidden Power|p2a: Suicune","|-supereffective|p2a: Suicune","|-damage|p2a: Suicune|206/401 slp","|","|-heal|p2a: Suicune|231/401 slp|[from] item: Leftovers","|upkeep","|turn|51","||adding 10 for new turn","|","|t:|1752923809","|move|p1a: Gengar|Hidden Power|p2a: Suicune","|-supereffective|p2a: Suicune","|-crit|p2a: Suicune","|-damage|p2a: Suicune|0 fnt","|faint|p2a: Suicune","||adding 5 to each for mid turn request","|","|t:|1752923810","|switch|p2a: Blissey|Blissey, F|714/714","|-damage|p2a: Blissey|625/714|[from] Spikes","|","|-heal|p2a: Blissey|669/714|[from] item: Leftovers","|upkeep","|turn|52","||adding 10 for new turn","|","|t:|1752923811","|switch|p1a: Tyranitar|Tyranitar, M|404/404","|-weather|Sandstorm|[from] ability: Sand Stream|[of] p1a: Tyranitar","|move|p2a: Blissey|Aromatherapy|p2a: Blissey","|-cureteam|p2a: Blissey|[from] move: Aromatherapy","|","|-weather|Sandstorm|[upkeep]","|-damage|p2a: Blissey|625/714|[from] Sandstorm","|-heal|p2a: Blissey|669/714|[from] item: Leftovers","|upkeep","|turn|53","||adding 10 for new turn","|","|t:|1752923812","|-singleturn|p1a: Tyranitar|move: Focus Punch","|move|p2a: Blissey|Thunder Wave|p1a: Tyranitar","|-status|p1a: Tyranitar|par","|move|p1a: Tyranitar|Focus Punch|p2a: Blissey","|-supereffective|p2a: Blissey","|-damage|p2a: Blissey|0 fnt","|faint|p2a: Blissey","||adding 5 to each for mid turn request","|","|t:|1752923813","|switch|p2a: Dugtrio|Dugtrio, F|235/235","|-damage|p2a: Dugtrio|206/235|[from] Spikes","|","|-weather|Sandstorm|[upkeep]","|upkeep","|turn|54","||adding 10 for new turn","|","|t:|1752923814","|move|p2a: Dugtrio|Earthquake|p1a: Tyranitar","|-supereffective|p1a: Tyranitar","|-damage|p1a: Tyranitar|38/404 par","|move|p1a: Tyranitar|Earthquake|p2a: Dugtrio","|-damage|p2a: Dugtrio|0 fnt","|faint|p2a: Dugtrio","||adding 5 to each for mid turn request","|","|t:|1752923815","|switch|p2a: Forretress|Forretress, F|354/354","|-damage|p2a: Forretress|310/354|[from] Spikes","|","|-weather|Sandstorm|[upkeep]","|-heal|p2a: Forretress|332/354|[from] item: Leftovers","|-heal|p1a: Tyranitar|63/404 par|[from] item: Leftovers","|upkeep","|turn|55","||adding 10 for new turn","|","|t:|1752923816","|switch|p1a: Gengar|Gengar, M|271/271","|move|p2a: Forretress|Hidden Power|p1a: Gengar","|-resisted|p1a: Gengar","|-damage|p1a: Gengar|241/271","|","|-weather|Sandstorm|[upkeep]","|-damage|p1a: Gengar|225/271|[from] Sandstorm","|-heal|p1a: Gengar|241/271|[from] item: Leftovers","|-heal|p2a: Forretress|354/354|[from] item: Leftovers","|upkeep","|turn|56","||adding 10 for new turn","|","|t:|1752923817","|move|p1a: Gengar|Fire Punch|p2a: Forretress","|-supereffective|p2a: Forretress","|-damage|p2a: Forretress|17/354","|move|p2a: Forretress|Spikes|p1a: Gengar","|-sidestart|p1: foultestchallenge1|Spikes","|","|-weather|Sandstorm|[upkeep]","|-damage|p1a: Gengar|225/271|[from] Sandstorm","|-heal|p1a: Gengar|241/271|[from] item: Leftovers","|-heal|p2a: Forretress|39/354|[from] item: Leftovers","|upkeep","|turn|57","||adding 10 for new turn","|","|t:|1752923818","|move|p1a: Gengar|Fire Punch|p2a: Forretress","|-supereffective|p2a: Forretress","|-damage|p2a: Forretress|0 fnt","|faint|p2a: Forretress","||adding 5 to each for mid turn request","|","|t:|1752923819","|switch|p2a: Snorlax|Snorlax, M|497/497","|-damage|p2a: Snorlax|435/497|[from] Spikes","|","|-weather|Sandstorm|[upkeep]","|-damage|p1a: Gengar|225/271|[from] Sandstorm","|-damage|p2a: Snorlax|404/497|[from] Sandstorm","|-heal|p1a: Gengar|241/271|[from] item: Leftovers","|-heal|p2a: Snorlax|435/497|[from] item: Leftovers","|upkeep","|turn|58","||adding 10 for new turn","|","|t:|1752923820","|switch|p1a: Metagross|Metagross|318/318","|-damage|p1a: Metagross|279/318|[from] Spikes","|move|p2a: Snorlax|Shadow Ball|p1a: Metagross","|-damage|p1a: Metagross|223/318","|","|-weather|Sandstorm|[upkeep]","|-damage|p2a: Snorlax|404/497|[from] Sandstorm","|-heal|p2a: Snorlax|435/497|[from] item: Leftovers","|upkeep","|turn|59","||adding 10 for new turn","|","|t:|1752923821","|move|p1a: Metagross|Meteor Mash|p2a: Snorlax","|-damage|p2a: Snorlax|76/497","|move|p2a: Snorlax|Shadow Ball|p1a: Metagross","|-damage|p1a: Metagross|166/318","|","|-weather|Sandstorm|[upkeep]","|-damage|p2a: Snorlax|45/497|[from] Sandstorm","|-heal|p2a: Snorlax|76/497|[from] item: Leftovers","|upkeep","|turn|60","||adding 10 for new turn","|","|t:|1752923822","|move|p1a: Metagross|Meteor Mash|p2a: Snorlax","|-damage|p2a: Snorlax|0 fnt","|faint|p2a: Snorlax","||adding 5 to each for mid turn request","|","|t:|1752923823","|switch|p2a: Claydol|Claydol|284/324","|","|-weather|Sandstorm|[upkeep]","|-heal|p2a: Claydol|304/324|[from] item: Leftovers","|upkeep","|turn|61","||adding 10 for new turn","|","|t:|1752923824","|move|p1a: Metagross|Meteor Mash|p2a: Claydol","|-damage|p2a: Claydol|0 fnt","|-boost|p1a: Metagross|atk|1","|faint|p2a: Claydol","|","|win|foultestchallenge1",""],"p1rating":null,"p2rating":null,"endType":"normal","ladderError":true,"timestamp":"Sat Jul 19 2025 04:17:04 GMT-0700 (アメリカ太平洋夏時間)","roomid":"battle-gen3ou-936","format":"gen3ou"}