{"winner":"foultestacceptor1","seed":"sodium,7c1b1c086d5328a8b088f2f0a042d9c0","turns":32,"p1":"foultestchallenge1","p2":"foultestacceptor1","p1team":[{"name":"Dugtrio","species":"Dugtrio","item":"Choice Band","ability":"Arena Trap","moves":["Earthquake","Hidden Power Bug","Aerial Ace","Sunny Day"],"nature":"Adamant","evs":{"hp":96,"atk":168,"def":20,"spa":0,"spd":0,"spe":224},"gender":"M","ivs":{"hp":31,"atk":30,"def":30,"spa":31,"spd":30,"spe":31},"happiness":255,"hpType":"Bug","pokeball":"","gigantamax":false,"dynamaxLevel":10,"teraType":"","level":100},{"name":"Forretress","species":"Forretress","item":"Leftovers","ability":"Sturdy","moves":["Spikes","Zap Cannon","Explosion","Hidden Power Bug"],"nature":"Careful","evs":{"hp":252,"atk":0,"def":4,"spa":0,"spd":252,"spe":0},"gender":"M","ivs":{"hp":31,"atk":30,"def":30,"spa":31,"spd":30,"spe":31},"happiness":255,"hpType":"Bug","pokeball":"","gigantamax":false,"dynamaxLevel":10,"teraType":"","level":100},{"name":"Snorlax","species":"Snorlax","item":"Leftovers","ability":"Immunity","moves":["Return","Curse","Rest","Shadow Ball"],"nature":"Careful","evs":{"hp":144,"atk":96,"def":132,"spa":0,"spd":136,"spe":0},"gender":"F","level":100,"ivs":{"hp":31,"atk":31,"def":31,"spa":31,"spd":31,"spe":31}},{"name":"Suicune","species":"Suicune","item":"Leftovers","ability":"Pressure","moves":["Calm Mind","Rest","Ice Beam","Surf"],"nature":"Bold","evs":{"hp":240,"atk":0,"def":252,"spa":0,"spd":0,"spe":16},"gender":"N","ivs":{"hp":31,"atk":0,"def":31,"spa":31,"spd":31,"spe":31},"level":100},{"name":"Claydol","species":"Claydol","item":"Leftovers","ability":"Levitate","moves":["Earthquake","Psychic","Rapid Spin","Rest"],"nature":"Lonely","evs":{"hp":252,"atk":224,"def":0,"spa":24,"spd":0,"spe":8},"gender":"N","level":100,"ivs":{"hp":31,"atk":31,"def":31,"spa":31,"spd":31,"spe":31}},{"name":"Blissey","species":"Blissey","item":"Leftovers","ability":"Natural Cure","moves":["Soft-Boiled","Seismic Toss","Thunder Wave","Aromatherapy"],"nature":"Bold","evs":{"hp":252,"atk":0,"def":252,"spa":0,"spd":0,"spe":4},"gender":"F","ivs":{"hp":31,"atk":0,"def":31,"spa":31,"spd":31,"spe":31},"level":100}],"p2team":[{"name":"Skarmory","species":"Skarmory","item":"Leftovers","ability":"Keen Eye","moves":["Spikes","Roar","Toxic","Protect"],"nature":"Careful","evs":{"hp":252,"atk":0,"def":0,"spa":0,"spd":252,"spe":4},"gender":"M","ivs":{"hp":31,"atk":0,"def":31,"spa":31,"spd":31,"spe":31},"level":100},{"name":"Jolteon","species":"Jolteon","item":"Leftovers","ability":"Volt Absorb","moves":["Thunderbolt","Thunder Wave","Hidden Power Grass","Baton Pass"],"nature":"Timid","evs":{"hp":4,"atk":0,"def":0,"spa":252,"spd":0,"spe":252},"gender":"F","ivs":{"hp":31,"atk":2,"def":31,"spa":30,"spd":31,"spe":31},"happiness":255,"hpType":"Grass","pokeball":"","gigantamax":false,"dynamaxLevel":10,"teraType":"","level":100},{"name":"Tyranitar","species":"Tyranitar","item":"Leftovers","ability":"Sand Stream","moves":["Focus Punch","Earthquake","Hidden Power Bug","Rock Slide"],"nature":"Adamant","evs":{"hp":252,"atk":252,"def":4,"spa":0,"spd":0,"spe":0},"gender":"F","ivs":{"hp":31,"atk":31,"def":31,"spa":31,"spd":30,"spe":30},"happiness":255,"hpType":"Bug","pokeball":"","gigantamax":false,"dynamaxLevel":10,"teraType":"","level":100},{"name":"Gengar","species":"Gengar","item":"Leftovers","ability":"Levitate","moves":["Ice Punch","Fire Punch","Hidden Power Grass","Explosion"],"nature":"Hasty","evs":{"hp":40,"atk":0,"def":0,"spa":252,"spd":0,"spe":216},"gender":"F","ivs":{"hp":31,"atk":30,"def":31,"spa":30,"spd":31,"spe":31},"happiness":255,"hpType":"Grass","pokeball":"","gigantamax":false,"dynamaxLevel":10,"teraType":"","level":100},{"name":"Metagross","species":"Metagross","item":"Choice Band","ability":"Clear Body","moves":["Meteor Mash","Earthquake","Rock Slide","Explosion"],"nature":"Adamant","evs":{"hp":68,"atk":252,"def":0,"spa":0,"spd":0,"spe":188},"gender":"N","level":100,"ivs":{"hp":31,"atk":31,"def":31,"spa":31,"spd":31,"spe":31}},{"name":"Starmie","species":"Starmie","item":"Leftovers","ability":"Natural Cure","moves":["Hydro Pump","Thunderbolt","Ice Beam","Psychic"],"nature":"Timid","evs":{"hp":4,"atk":0,"def":0,"spa":252,"spd":0,"spe":252},"gender":"N","ivs":{"hp":31,"atk":0,"def":31,"spa":31,"spd":31,"spe":31},"level":100}],"score":[0,2],"inputLog":[">version 372d05e49c92a79eecdf6c8dddb208bd1765c00f",">start {\"formatid\":\"gen3ou\",\"seed\":\"sodium,7c1b1c086d5328a8b088f2f0a042d9c0\"}",">player p1 {\"name\":\"foultestchallenge1\",\"avatar\":\"1\",\"team\":\"Dugtrio||ChoiceBand|ArenaTrap|Earthquake,HiddenPowerBug,AerialAce,SunnyDay|Adamant|96,168,20,,,224|M|,30,30,,30,|||,Bug,,,,]Forretress||Leftovers|Sturdy|Spikes,ZapCannon,Explosion,HiddenPowerBug|Careful|252,,4,,252,|M|,30,30,,30,|||,Bug,,,,]Snorlax||Leftovers|Immunity|Return,Curse,Rest,ShadowBall|Careful|144,96,132,,136,|F||||]Suicune||Leftovers|Pressure|CalmMind,Rest,IceBeam,Surf|Bold|240,,252,,,16|N|,0,,,,|||]Claydol||Leftovers|Levitate|Earthquake,Psychic,RapidSpin,Rest|Lonely|252,224,,24,,8|N||||]Blissey||Leftovers|NaturalCure|SoftBoiled,SeismicToss,ThunderWave,Aromatherapy|Bold|252,,252,,,4|F|,0,,,,|||\",\"rating\":0}",">player p2 {\"name\":\"foultestacceptor1\",\"avatar\":\"169\",\"team\":\"Skarmory||Leftovers|KeenEye|Spikes,Roar,Toxic,Protect|Careful|252,,,,252,4|M|,0,,,,|||]Jolteon||Leftovers|VoltAbsorb|Thunderbolt,ThunderWave,HiddenPowerGrass,BatonPass|Timid|4,,,252,,252|F|,2,,30,,|||,Grass,,,,]Tyranitar||Leftovers|SandStream|FocusPunch,Earthquake,HiddenPowerBug,RockSlide|Adamant|252,252,4,,,|F|,,,,30,30|||,Bug,,,,]Gengar||Leftovers|Levitate|IcePunch,FirePunch,HiddenPowerGrass,Explosion|Hasty|40,,,252,,216|F|,30,,30,,|||,Grass,,,,]Metagross||ChoiceBand|ClearBody|MeteorMash,Earthquake,RockSlide,Explosion|Adamant|68,252,,,,188|N||||]Starmie||Leftovers|NaturalCure|HydroPump,Thunderbolt,IceBeam,Psychic|Timid|4,,,252,,252|N|,0,,,,|||\",\"rating\":0}",">p1 switch 2",">p2 move spikes",">p1 move spikes",">p2 switch 4",">p1 switch 6",">p2 move firepunch",">p1 move thunderwave",">p2 switch 3",">p1 switch 4",">p2 move focuspunch",">p1 move surf",">p2 switch 4",">p1 move surf",">p2 move spikes",">p1 move surf",">p2 move spikes",">p1 move surf",">p2 move roar",">p1 move psychic",">p2 switch 3",">p1 move psychic",">p2 move icepunch",">p2 switch 5",">p1 switch 5",">p2 move meteormash",">p1 switch 2",">p1 move earthquake",">p2 move meteormash",">p2 switch 2",">p1 move earthquake",">p2 move hiddenpower",">p1 switch 5",">p1 move rapidspin",">p2 move hiddenpower",">p1 switch 3",">p2 move hiddenpower",">p1 move curse",">p2 move batonpass",">p2 switch 4",">p1 move return",">p2 move rockslide",">p1 move return",">p2 move earthquake",">p1 switch 3",">p1 move earthquake",">p2 switch 3",">p1 move psychic",">p2 move protect",">p1 switch 4",">p2 move toxic",">p1 move seismictoss",">p2 move spikes",">p1 move softboiled",">p2 switch 6",">p1 move aromatherapy",">p2 move hydropump",">p1 move seismictoss",">p2 move icebeam",">p1 move softboiled",">p2 move psychic",">p1 move softboiled",">p2 move psychic",">p1 move softboiled",">p2 move psychic",">p1 switch 6",">p1 move explosion",">p2 move hydropump",">p1 switch 4",">p2 switch 6",">p1 move psychic",">p2 move toxic",">p2 switch 4",">p1 move earthquake",">p2 move hiddenpower"],"log":["|j|☆foultestchallenge1","|j|☆foultestacceptor1","|t:|1752970459","|gametype|singles","|player|p1|foultestchallenge1|1|","|player|p2|foultestacceptor1|169|","|teamsize|p1|6","|teamsize|p2|6","|gen|3","|tier|[Gen 3] OU","|rule|Sleep Clause Mod: Limit one foe put to sleep","|rule|Switch Priority Clause Mod: Faster Pokémon switch first","|rule|Species Clause: Limit one of each Pokémon","|rule|OHKO Clause: OHKO moves are banned","|rule|Evasion Items Clause: Evasion items are banned","|rule|Evasion Moves Clause: Evasion moves are banned","|rule|Endless Battle Clause: Forcing endless battles is banned","|rule|HP Percentage Mod: HP is shown in percentages","|rule|One Boost Passer Clause: Limit one Baton Passer that has a way to boost its stats","|rule|Freeze Clause Mod: Limit one foe frozen","|","|t:|1752970459","|start","|switch|p1a: Dugtrio|Dugtrio, M|235/235","|switch|p2a: Skarmory|Skarmory, M|334/334","|turn|1","|inactive|Battle timer is ON: inactive players will automatically lose when time's up. (requested by foultestchallenge1)","|inactive|foultestacceptor1 also wants the timer to be on.","|","|t:|1752970467","|switch|p1a: Forretress|Forretress, M|354/354","|move|p2a: Skarmory|Spikes|p1a: Forretress","|-sidestart|p1: foultestchallenge1|Spikes","|","|upkeep","|turn|2","||adding 10 for new turn","|","|t:|1752970475","|switch|p2a: Gengar|Gengar, F|271/271","|move|p1a: Forretress|Spikes|p2a: Gengar","|-sidestart|p2: foultestacceptor1|Spikes","|","|upkeep","|turn|3","||adding 10 for new turn","|","|t:|1752970483","|switch|p1a: Blissey|Blissey, F|714/714","|-damage|p1a: Blissey|625/714|[from] Spikes","|move|p2a: Gengar|Fire Punch|p1a: Blissey","|-damage|p1a: Blissey|554/714","|-status|p1a: Blissey|brn","|","|-heal|p1a: Blissey|598/714 brn|[from] item: Leftovers","|-damage|p1a: Blissey|509/714 brn|[from] brn","|upkeep","|turn|4","||adding 10 for new turn","|","|t:|1752970491","|switch|p2a: Tyranitar|Tyranitar, F|404/404","|-damage|p2a: Tyranitar|354/404|[from] Spikes","|-weather|Sandstorm|[from] ability: Sand Stream|[of] p2a: Tyranitar","|move|p1a: Blissey|Thunder Wave|p2a: Tyranitar","|-status|p2a: Tyranitar|par","|","|-weather|Sandstorm|[upkeep]","|-damage|p1a: Blissey|465/714 brn|[from] Sandstorm","|-heal|p1a: Blissey|509/714 brn|[from] item: Leftovers","|-damage|p1a: Blissey|420/714 brn|[from] brn","|-heal|p2a: Tyranitar|379/404 par|[from] item: Leftovers","|upkeep","|turn|5","||adding 10 for new turn","|","|t:|1752970499","|-singleturn|p2a: Tyranitar|move: Focus Punch","|-curestatus|p1a: Blissey|brn|[from] ability: Natural Cure","|switch|p1a: Suicune|Suicune|401/401","|-damage|p1a: Suicune|351/401|[from] Spikes","|-ability|p1a: Suicune|Pressure|[silent]","|move|p2a: Tyranitar|Focus Punch|p1a: Suicune","|-damage|p1a: Suicune|209/401","|","|-weather|Sandstorm|[upkeep]","|-damage|p1a: Suicune|184/401|[from] Sandstorm","|-heal|p1a: Suicune|209/401|[from] item: Leftovers","|-heal|p2a: Tyranitar|404/404 par|[from] item: Leftovers","|upkeep","|turn|6","||adding 10 for new turn","|","|t:|1752970507","|switch|p2a: Skarmory|Skarmory, M|334/334","|move|p1a: Suicune|Surf|p2a: Skarmory","|-damage|p2a: Skarmory|244/334","|","|-weather|Sandstorm|[upkeep]","|-damage|p1a: Suicune|184/401|[from] Sandstorm","|-heal|p1a: Suicune|209/401|[from] item: Leftovers","|-heal|p2a: Skarmory|264/334|[from] item: Leftovers","|upkeep","|turn|7","||adding 10 for new turn","|","|t:|1752970514","|move|p1a: Suicune|Surf|p2a: Skarmory","|-damage|p2a: Skarmory|168/334","|move|p2a: Skarmory|Spikes|p1a: Suicune","|-sidestart|p1: foultestchallenge1|Spikes","|","|-weather|Sandstorm|[upkeep]","|-damage|p1a: Suicune|184/401|[from] Sandstorm","|-heal|p1a: Suicune|209/401|[from] item: Leftovers","|-heal|p2a: Skarmory|188/334|[from] item: Leftovers","|upkeep","|turn|8","||adding 10 for new turn","|","|t:|1752970522","|move|p1a: Suicune|Surf|p2a: Skarmory","|-damage|p2a: Skarmory|97/334","|move|p2a: Skarmory|Spikes|p1a: Suicune","|-sidestart|p1: foultestchallenge1|Spikes","|","|-weather|Sandstorm|[upkeep]","|-damage|p1a: Suicune|184/401|[from] Sandstorm","|-heal|p1a: Suicune|209/401|[from] item: Leftovers","|-heal|p2a: Skarmory|117/334|[from] item: Leftovers","|upkeep","|turn|9","||adding 10 for new turn","|","|t:|1752970530","|move|p1a: Suicune|Surf|p2a: Skarmory","|-damage|p2a: Skarmory|25/334","|move|p2a: Skarmory|Roar|p1a: Suicune","|drag|p1a: Claydol|Claydol|324/324","|","|-weather|Sandstorm|[upkeep]","|-heal|p2a: Skarmory|45/334|[from] item: Leftovers","|upkeep","|turn|10","||adding 10 for new turn","|","|t:|1752970538","|switch|p2a: Gengar|Gengar, F|271/271","|move|p1a: Claydol|Psychic|p2a: Gengar","|-supereffective|p2a: Gengar","|-damage|p2a: Gengar|61/271","|","|-weather|Sandstorm|[upkeep]","|-damage|p2a: Gengar|45/271|[from] Sandstorm","|-heal|p2a: Gengar|61/271|[from] item: Leftovers","|upkeep","|turn|11","||adding 10 for new turn","|","|t:|1752970546","|move|p2a: Gengar|Ice Punch|p1a: Claydol","|-supereffective|p1a: Claydol","|-damage|p1a: Claydol|165/324","|move|p1a: Claydol|Psychic|p2a: Gengar","|-supereffective|p2a: Gengar","|-damage|p2a: Gengar|0 fnt","|faint|p2a: Gengar","||adding 5 to each for mid turn request","|","|t:|1752970553","|switch|p2a: Metagross|Metagross|318/318","|-damage|p2a: Metagross|279/318|[from] Spikes","|","|-weather|Sandstorm|[upkeep]","|-heal|p1a: Claydol|185/324|[from] item: Leftovers","|upkeep","|turn|12","||adding 10 for new turn","|","|t:|1752970561","|switch|p1a: Suicune|Suicune|209/401","|-damage|p1a: Suicune|109/401|[from] Spikes","|-ability|p1a: Suicune|Pressure|[silent]","|move|p2a: Metagross|Meteor Mash|p1a: Suicune","|-resisted|p1a: Suicune","|-damage|p1a: Suicune|2/401","|","|-weather|Sandstorm|[upkeep]","|-damage|p1a: Suicune|0 fnt|[from] Sandstorm","|faint|p1a: Suicune","|upkeep","||adding 5 to each for mid turn request","|","|t:|1752970569","|switch|p1a: Dugtrio|Dugtrio, M|235/235","|-damage|p1a: Dugtrio|177/235|[from] Spikes","|turn|13","||adding 10 for new turn","|","|t:|1752970576","|move|p1a: Dugtrio|Earthquake|p2a: Metagross","|-supereffective|p2a: Metagross","|-damage|p2a: Metagross|0 fnt","|faint|p2a: Metagross","||adding 5 to each for mid turn request","|","|t:|1752970584","|switch|p2a: Jolteon|Jolteon, F|272/272","|-damage|p2a: Jolteon|238/272|[from] Spikes","|","|-weather|Sandstorm|[upkeep]","|-damage|p2a: Jolteon|221/272|[from] Sandstorm","|-heal|p2a: Jolteon|238/272|[from] item: Leftovers","|upkeep","|turn|14","||adding 10 for new turn","|","|t:|1752970592","|move|p2a: Jolteon|Hidden Power|p1a: Dugtrio","|-supereffective|p1a: Dugtrio","|-damage|p1a: Dugtrio|0 fnt","|faint|p1a: Dugtrio","||adding 5 to each for mid turn request","|","|t:|1752970599","|switch|p1a: Claydol|Claydol|185/324","|","|-weather|Sandstorm|[upkeep]","|-damage|p2a: Jolteon|221/272|[from] Sandstorm","|-heal|p2a: Jolteon|238/272|[from] item: Leftovers","|-heal|p1a: Claydol|205/324|[from] item: Leftovers","|upkeep","|turn|15","||adding 10 for new turn","|","|t:|1752970607","|move|p2a: Jolteon|Hidden Power|p1a: Claydol","|-supereffective|p1a: Claydol","|-damage|p1a: Claydol|69/324","|move|p1a: Claydol|Rapid Spin|p2a: Jolteon","|-damage|p2a: Jolteon|214/272","|-sideend|p1: foultestchallenge1|Spikes|[from] move: Rapid Spin|[of] p1a: Claydol","|","|-weather|Sandstorm|[upkeep]","|-damage|p2a: Jolteon|197/272|[from] Sandstorm","|-heal|p2a: Jolteon|214/272|[from] item: Leftovers","|-heal|p1a: Claydol|89/324|[from] item: Leftovers","|upkeep","|turn|16","||adding 10 for new turn","|","|t:|1752970614","|switch|p1a: Snorlax|Snorlax, F|497/497","|move|p2a: Jolteon|Hidden Power|p1a: Snorlax","|-damage|p1a: Snorlax|440/497","|","|-weather|Sandstorm|[upkeep]","|-damage|p2a: Jolteon|197/272|[from] Sandstorm","|-damage|p1a: Snorlax|409/497|[from] Sandstorm","|-heal|p2a: Jolteon|214/272|[from] item: Leftovers","|-heal|p1a: Snorlax|440/497|[from] item: Leftovers","|upkeep","|turn|17","||adding 10 for new turn","|","|t:|1752970622","|move|p2a: Jolteon|Baton Pass|p2a: Jolteon","||adding 5 to each for mid turn request","|","|t:|1752970630","|switch|p2a: Tyranitar|Tyranitar, F|404/404 par|[from] Baton Pass","|-damage|p2a: Tyranitar|354/404 par|[from] Spikes","|move|p1a: Snorlax|Curse|p1a: Snorlax","|-unboost|p1a: Snorlax|spe|1","|-boost|p1a: Snorlax|atk|1","|-boost|p1a: Snorlax|def|1","|","|-weather|Sandstorm|[upkeep]","|-damage|p1a: Snorlax|409/497|[from] Sandstorm","|-heal|p1a: Snorlax|440/497|[from] item: Leftovers","|-heal|p2a: Tyranitar|379/404 par|[from] item: Leftovers","|upkeep","|turn|18","||adding 10 for new turn","|","|t:|1752970637","|move|p1a: Snorlax|Return|p2a: Tyranitar","|-resisted|p2a: Tyranitar","|-damage|p2a: Tyranitar|281/404 par","|move|p2a: Tyranitar|Rock Slide|p1a: Snorlax","|-crit|p1a: Snorlax","|-damage|p1a: Snorlax|108/497","|","|-weather|Sandstorm|[upkeep]","|-damage|p1a: Snorlax|77/497|[from] Sandstorm","|-heal|p1a: Snorlax|108/497|[from] item: Leftovers","|-heal|p2a: Tyranitar|306/404 par|[from] item: Leftovers","|upkeep","|turn|19","||adding 10 for new turn","|","|t:|1752970646","|move|p1a: Snorlax|Return|p2a: Tyranitar","|-resisted|p2a: Tyranitar","|-crit|p2a: Tyranitar","|-damage|p2a: Tyranitar|98/404 par","|move|p2a: Tyranitar|Earthquake|p1a: Snorlax","|-damage|p1a: Snorlax|11/497","|","|-weather|Sandstorm|[upkeep]","|-damage|p1a: Snorlax|0 fnt|[from] Sandstorm","|faint|p1a: Snorlax","|-heal|p2a: Tyranitar|123/404 par|[from] item: Leftovers","|upkeep","||adding 5 to each for mid turn request","|","|t:|1752970650","|switch|p1a: Claydol|Claydol|89/324","|turn|20","||adding 10 for new turn","|","|t:|1752970657","|switch|p2a: Skarmory|Skarmory, M|45/334","|move|p1a: Claydol|Earthquake|p2a: Skarmory","|-immune|p2a: Skarmory","|","|-weather|Sandstorm|[upkeep]","|-heal|p1a: Claydol|109/324|[from] item: Leftovers","|-heal|p2a: Skarmory|65/334|[from] item: Leftovers","|upkeep","|turn|21","||adding 10 for new turn","|","|t:|1752970665","|move|p2a: Skarmory|Protect|p2a: Skarmory","|-singleturn|p2a: Skarmory|Protect","|move|p1a: Claydol|Psychic|p2a: Skarmory","|-activate|p2a: Skarmory|Protect","|","|-weather|Sandstorm|[upkeep]","|-heal|p1a: Claydol|129/324|[from] item: Leftovers","|-heal|p2a: Skarmory|85/334|[from] item: Leftovers","|upkeep","|turn|22","||adding 10 for new turn","|","|t:|1752970669","|switch|p1a: Blissey|Blissey, F|420/714","|move|p2a: Skarmory|Toxic|p1a: Blissey","|-status|p1a: Blissey|tox","|","|-weather|Sandstorm|[upkeep]","|-damage|p1a: Blissey|376/714 tox|[from] Sandstorm","|-heal|p2a: Skarmory|105/334|[from] item: Leftovers","|-heal|p1a: Blissey|420/714 tox|[from] item: Leftovers","|-damage|p1a: Blissey|376/714 tox|[from] psn","|upkeep","|turn|23","||adding 10 for new turn","|","|t:|1752970677","|move|p2a: Skarmory|Spikes|p1a: Blissey","|-sidestart|p1: foultestchallenge1|Spikes","|move|p1a: Blissey|Seismic Toss|p2a: Skarmory","|-damage|p2a: Skarmory|5/334","|","|-weather|Sandstorm|[upkeep]","|-damage|p1a: Blissey|332/714 tox|[from] Sandstorm","|-heal|p2a: Skarmory|25/334|[from] item: Leftovers","|-heal|p1a: Blissey|376/714 tox|[from] item: Leftovers","|-damage|p1a: Blissey|288/714 tox|[from] psn","|upkeep","|turn|24","||adding 10 for new turn","|","|t:|1752970685","|switch|p2a: Starmie|Starmie|262/262","|-damage|p2a: Starmie|230/262|[from] Spikes","|move|p1a: Blissey|Soft-Boiled|p1a: Blissey","|-heal|p1a: Blissey|645/714 tox","|","|-weather|Sandstorm|[upkeep]","|-damage|p2a: Starmie|214/262|[from] Sandstorm","|-damage|p1a: Blissey|601/714 tox|[from] Sandstorm","|-heal|p2a: Starmie|230/262|[from] item: Leftovers","|-heal|p1a: Blissey|645/714 tox|[from] item: Leftovers","|-damage|p1a: Blissey|513/714 tox|[from] psn","|upkeep","|turn|25","||adding 10 for new turn","|","|t:|1752970692","|move|p2a: Starmie|Hydro Pump|p1a: Blissey","|-damage|p1a: Blissey|369/714 tox","|move|p1a: Blissey|Aromatherapy|p1a: Blissey","|-cureteam|p1a: Blissey|[from] move: Aromatherapy","|","|-weather|Sandstorm|[upkeep]","|-damage|p2a: Starmie|214/262|[from] Sandstorm","|-damage|p1a: Blissey|325/714|[from] Sandstorm","|-heal|p2a: Starmie|230/262|[from] item: Leftovers","|-heal|p1a: Blissey|369/714|[from] item: Leftovers","|upkeep","|turn|26","||adding 10 for new turn","|","|t:|1752970700","|move|p2a: Starmie|Ice Beam|p1a: Blissey","|-damage|p1a: Blissey|291/714","|-status|p1a: Blissey|frz","|cant|p1a: Blissey|frz","|","|-weather|Sandstorm|[upkeep]","|-damage|p2a: Starmie|214/262|[from] Sandstorm","|-damage|p1a: Blissey|247/714 frz|[from] Sandstorm","|-heal|p2a: Starmie|230/262|[from] item: Leftovers","|-heal|p1a: Blissey|291/714 frz|[from] item: Leftovers","|upkeep","|turn|27","||adding 10 for new turn","|","|t:|1752970708","|move|p2a: Starmie|Psychic|p1a: Blissey","|-damage|p1a: Blissey|179/714 frz","|cant|p1a: Blissey|frz","|","|-weather|Sandstorm|[upkeep]","|-damage|p2a: Starmie|214/262|[from] Sandstorm","|-damage|p1a: Blissey|135/714 frz|[from] Sandstorm","|-heal|p2a: Starmie|230/262|[from] item: Leftovers","|-heal|p1a: Blissey|179/714 frz|[from] item: Leftovers","|upkeep","|turn|28","||adding 10 for new turn","|","|t:|1752970713","|move|p2a: Starmie|Psychic|p1a: Blissey","|-damage|p1a: Blissey|75/714 frz","|cant|p1a: Blissey|frz","|","|-weather|Sandstorm|[upkeep]","|-damage|p2a: Starmie|214/262|[from] Sandstorm","|-damage|p1a: Blissey|31/714 frz|[from] Sandstorm","|-heal|p2a: Starmie|230/262|[from] item: Leftovers","|-heal|p1a: Blissey|75/714 frz|[from] item: Leftovers","|upkeep","|turn|29","||adding 10 for new turn","|","|t:|1752970717","|move|p2a: Starmie|Psychic|p1a: Blissey","|-damage|p1a: Blissey|0 fnt","|faint|p1a: Blissey","||adding 5 to each for mid turn request","|","|t:|1752970721","|switch|p1a: Forretress|Forretress, M|354/354","|-damage|p1a: Forretress|310/354|[from] Spikes","|","|-weather|Sandstorm|[upkeep]","|-damage|p2a: Starmie|214/262|[from] Sandstorm","|-heal|p2a: Starmie|230/262|[from] item: Leftovers","|-heal|p1a: Forretress|332/354|[from] item: Leftovers","|upkeep","|turn|30","||adding 10 for new turn","|","|t:|1752970728","|move|p2a: Starmie|Hydro Pump|p1a: Forretress","|-damage|p1a: Forretress|160/354","|move|p1a: Forretress|Explosion|p2a: Starmie","|-damage|p2a: Starmie|0 fnt","|faint|p1a: Forretress","|faint|p2a: Starmie","||adding 5 to each for mid turn request","|","|t:|1752970736","|switch|p2a: Skarmory|Skarmory, M|25/334","|switch|p1a: Claydol|Claydol|129/324","|","|-weather|Sandstorm|[upkeep]","|-heal|p1a: Claydol|149/324|[from] item: Leftovers","|-heal|p2a: Skarmory|45/334|[from] item: Leftovers","|upkeep","|turn|31","||adding 10 for new turn","|","|t:|1752970740","|move|p1a: Claydol|Psychic|p2a: Skarmory","|-resisted|p2a: Skarmory","|-crit|p2a: Skarmory","|-damage|p2a: Skarmory|0 fnt","|faint|p2a: Skarmory","||adding 5 to each for mid turn request","|","|t:|1752970743","|switch|p2a: Jolteon|Jolteon, F|214/272","|-damage|p2a: Jolteon|180/272|[from] Spikes","|","|-weather|Sandstorm|[upkeep]","|-damage|p2a: Jolteon|163/272|[from] Sandstorm","|-heal|p2a: Jolteon|180/272|[from] item: Leftovers","|-heal|p1a: Claydol|169/324|[from] item: Leftovers","|upkeep","|turn|32","||adding 10 for new turn","|","|t:|1752970750","|move|p2a: Jolteon|Hidden Power|p1a: Claydol","|-supereffective|p1a: Claydol","|-crit|p1a: Claydol","|-damage|p1a: Claydol|0 fnt","|faint|p1a: Claydol","|","|win|foultestacceptor1",""],"p1rating":null,"p2rating":null,"endType":"normal","ladderError":true,"timestamp":"Sat Jul 19 2025 17:19:10 GMT-0700 (アメリカ太平洋夏時間)","roomid":"battle-gen3ou-1017","format":"gen3ou"}