{"winner":"foultestchallenge1","seed":"sodium,2bef77ec092506726d10a561681c0361","turns":56,"p1":"foultestchallenge1","p2":"foultestacceptor1","p1team":[{"name":"Skarmory","species":"Skarmory","item":"Leftovers","ability":"Keen Eye","moves":["Spikes","Protect","Roar","Toxic"],"nature":"Careful","evs":{"hp":252,"atk":0,"def":8,"spa":0,"spd":248,"spe":0},"gender":"F","ivs":{"hp":31,"atk":0,"def":31,"spa":31,"spd":31,"spe":31},"level":100},{"name":"Blissey","species":"Blissey","item":"Leftovers","ability":"Natural Cure","moves":["Soft-Boiled","Ice Beam","Toxic","Fire Blast"],"nature":"Modest","evs":{"hp":0,"atk":0,"def":252,"spa":252,"spd":0,"spe":4},"gender":"F","ivs":{"hp":31,"atk":0,"def":31,"spa":31,"spd":31,"spe":31},"shiny":true,"level":100},{"name":"Tyranitar","species":"Tyranitar","item":"Leftovers","ability":"Sand Stream","moves":["Focus Punch","Rock Slide","Hidden Power Bug","Earthquake"],"nature":"Adamant","evs":{"hp":248,"atk":196,"def":12,"spa":0,"spd":52,"spe":0},"gender":"F","ivs":{"hp":31,"atk":30,"def":30,"spa":31,"spd":30,"spe":31},"happiness":255,"hpType":"Bug","pokeball":"","gigantamax":false,"dynamaxLevel":10,"teraType":"","level":100},{"name":"Swampert","species":"Swampert","item":"Leftovers","ability":"Torrent","moves":["Earthquake","Ice Beam","Hydro Pump","Protect"],"nature":"Relaxed","evs":{"hp":240,"atk":0,"def":136,"spa":40,"spd":48,"spe":44},"gender":"F","level":100,"ivs":{"hp":31,"atk":31,"def":31,"spa":31,"spd":31,"spe":31}},{"name":"Gengar","species":"Gengar","item":"Leftovers","ability":"Levitate","moves":["Will-O-Wisp","Thunderbolt","Ice Punch","Explosion"],"nature":"Timid","evs":{"hp":168,"atk":0,"def":0,"spa":0,"spd":164,"spe":176},"gender":"F","level":100,"ivs":{"hp":31,"atk":31,"def":31,"spa":31,"spd":31,"spe":31}},{"name":"Starmie","species":"Starmie","item":"Leftovers","ability":"Natural Cure","moves":["Hydro Pump","Ice Beam","Thunderbolt","Rapid Spin"],"nature":"Timid","evs":{"hp":4,"atk":0,"def":0,"spa":252,"spd":0,"spe":252},"gender":"N","ivs":{"hp":31,"atk":0,"def":31,"spa":31,"spd":31,"spe":31},"level":100}],"p2team":[{"name":"Dugtrio","species":"Dugtrio","item":"Choice Band","ability":"Arena Trap","moves":["Earthquake","Hidden Power Bug","Aerial Ace","Sunny Day"],"nature":"Adamant","evs":{"hp":96,"atk":168,"def":20,"spa":0,"spd":0,"spe":224},"gender":"F","ivs":{"hp":31,"atk":30,"def":30,"spa":31,"spd":30,"spe":31},"happiness":255,"hpType":"Bug","pokeball":"","gigantamax":false,"dynamaxLevel":10,"teraType":"","level":100},{"name":"Forretress","species":"Forretress","item":"Leftovers","ability":"Sturdy","moves":["Spikes","Zap Cannon","Explosion","Hidden Power Bug"],"nature":"Careful","evs":{"hp":252,"atk":0,"def":4,"spa":0,"spd":252,"spe":0},"gender":"M","ivs":{"hp":31,"atk":30,"def":30,"spa":31,"spd":30,"spe":31},"happiness":255,"hpType":"Bug","pokeball":"","gigantamax":false,"dynamaxLevel":10,"teraType":"","level":100},{"name":"Snorlax","species":"Snorlax","item":"Leftovers","ability":"Immunity","moves":["Return","Curse","Rest","Shadow Ball"],"nature":"Careful","evs":{"hp":144,"atk":96,"def":132,"spa":0,"spd":136,"spe":0},"gender":"M","level":100,"ivs":{"hp":31,"atk":31,"def":31,"spa":31,"spd":31,"spe":31}},{"name":"Suicune","species":"Suicune","item":"Leftovers","ability":"Pressure","moves":["Calm Mind","Rest","Ice Beam","Surf"],"nature":"Bold","evs":{"hp":240,"atk":0,"def":252,"spa":0,"spd":0,"spe":16},"gender":"N","ivs":{"hp":31,"atk":0,"def":31,"spa":31,"spd":31,"spe":31},"level":100},{"name":"Claydol","species":"Claydol","item":"Leftovers","ability":"Levitate","moves":["Earthquake","Psychic","Rapid Spin","Rest"],"nature":"Lonely","evs":{"hp":252,"atk":224,"def":0,"spa":24,"spd":0,"spe":8},"gender":"N","level":100,"ivs":{"hp":31,"atk":31,"def":31,"spa":31,"spd":31,"spe":31}},{"name":"Blissey","species":"Blissey","item":"Leftovers","ability":"Natural Cure","moves":["Soft-Boiled","Seismic Toss","Thunder Wave","Aromatherapy"],"nature":"Bold","evs":{"hp":252,"atk":0,"def":252,"spa":0,"spd":0,"spe":4},"gender":"F","ivs":{"hp":31,"atk":0,"def":31,"spa":31,"spd":31,"spe":31},"level":100}],"score":[4,0],"inputLog":[">version 372d05e49c92a79eecdf6c8dddb208bd1765c00f",">start {\"formatid\":\"gen3ou\",\"seed\":\"sodium,2bef77ec092506726d10a561681c0361\"}",">player p1 {\"name\":\"foultestchallenge1\",\"avatar\":\"1\",\"team\":\"Skarmory||Leftovers|KeenEye|Spikes,Protect,Roar,Toxic|Careful|252,,8,,248,|F|,0,,,,|||]Blissey||Leftovers|NaturalCure|SoftBoiled,IceBeam,Toxic,FireBlast|Modest|,,252,252,,4|F|,0,,,,|S||]Tyranitar||Leftovers|SandStream|FocusPunch,RockSlide,HiddenPowerBug,Earthquake|Adamant|248,196,12,,52,|F|,30,30,,30,|||,Bug,,,,]Swampert||Leftovers|Torrent|Earthquake,IceBeam,HydroPump,Protect|Relaxed|240,,136,40,48,44|F||||]Gengar||Leftovers|Levitate|WillOWisp,Thunderbolt,IcePunch,Explosion|Timid|168,,,,164,176|F||||]Starmie||Leftovers|NaturalCure|HydroPump,IceBeam,Thunderbolt,RapidSpin|Timid|4,,,252,,252|N|,0,,,,|||\",\"rating\":0}",">player p2 {\"name\":\"foultestacceptor1\",\"avatar\":\"1\",\"team\":\"Dugtrio||ChoiceBand|ArenaTrap|Earthquake,HiddenPowerBug,AerialAce,SunnyDay|Adamant|96,168,20,,,224|F|,30,30,,30,|||,Bug,,,,]Forretress||Leftovers|Sturdy|Spikes,ZapCannon,Explosion,HiddenPowerBug|Careful|252,,4,,252,|M|,30,30,,30,|||,Bug,,,,]Snorlax||Leftovers|Immunity|Return,Curse,Rest,ShadowBall|Careful|144,96,132,,136,|M||||]Suicune||Leftovers|Pressure|CalmMind,Rest,IceBeam,Surf|Bold|240,,252,,,16|N|,0,,,,|||]Claydol||Leftovers|Levitate|Earthquake,Psychic,RapidSpin,Rest|Lonely|252,224,,24,,8|N||||]Blissey||Leftovers|NaturalCure|SoftBoiled,SeismicToss,ThunderWave,Aromatherapy|Bold|252,,252,,,4|F|,0,,,,|||\",\"rating\":0}",">p1 move spikes",">p2 switch 4",">p1 move spikes",">p2 move calmmind",">p1 move roar",">p2 move surf",">p1 switch 5",">p2 move spikes",">p1 move willowisp",">p2 move spikes",">p1 move thunderbolt",">p2 move spikes",">p1 move thunderbolt",">p2 move zapcannon",">p1 move thunderbolt",">p2 move zapcannon",">p2 switch 5",">p1 move willowisp",">p2 move psychic",">p1 move icepunch",">p2 move psychic",">p1 switch 6",">p1 move hydropump",">p2 move rapidspin",">p2 switch 3",">p1 move rapidspin",">p2 move shadowball",">p1 switch 3",">p2 move return",">p1 move rockslide",">p2 move return",">p1 move rockslide",">p2 switch 2",">p1 switch 5",">p2 move surf",">p1 move roar",">p2 move surf",">p1 move spikes",">p2 switch 4",">p1 move protect",">p2 move surf",">p1 switch 2",">p2 move surf",">p1 move toxic",">p2 move calmmind",">p1 move softboiled",">p2 move calmmind",">p1 switch 2",">p2 move rest",">p1 move roar",">p2 move icebeam",">p1 switch 5",">p2 move thunderwave",">p1 move focuspunch",">p2 move seismictoss",">p1 move focuspunch",">p2 move aromatherapy",">p2 switch 4",">p1 move earthquake",">p2 move earthquake",">p1 switch 5",">p1 move toxic",">p2 move earthquake",">p1 move toxic",">p2 move earthquake",">p1 move roar",">p2 move earthquake",">p1 move roar",">p2 move rest",">p1 move roar",">p2 move aerialace",">p1 move roar",">p2 move shadowball",">p2 switch 6",">p1 move roar",">p2 move surf",">p1 move roar",">p2 move return",">p1 move roar",">p2 move surf",">p1 move roar",">p2 move rest",">p1 move roar",">p2 move rest",">p1 move roar",">p2 move curse",">p1 move roar",">p2 move rest",">p1 move roar",">p2 move curse",">p1 move roar",">p2 move rest",">p1 move roar",">p2 move rest",">p1 move roar",">p2 move rest",">p1 move roar",">p2 move return",">p1 move roar",">p2 move calmmind",">p1 move roar",">p2 move return",">p1 move roar",">p2 move icebeam",">p1 switch 4",">p2 move rest",">p1 move earthquake",">p2 move return",">p1 move earthquake",">p2 move rest",">p2 switch 2",">p1 move earthquake",">p2 move rest",">p1 switch 3",">p2 move icebeam",">p1 move thunderbolt",">p2 move rest",">p1 move thunderbolt",">p2 move surf"],"log":["|j|☆foultestchallenge1","|j|☆foultestacceptor1","|t:|1752923837","|gametype|singles","|player|p1|foultestchallenge1|1|","|player|p2|foultestacceptor1|1|","|teamsize|p1|6","|teamsize|p2|6","|gen|3","|tier|[Gen 3] OU","|rule|Sleep Clause Mod: Limit one foe put to sleep","|rule|Switch Priority Clause Mod: Faster Pokémon switch first","|rule|Species Clause: Limit one of each Pokémon","|rule|OHKO Clause: OHKO moves are banned","|rule|Evasion Items Clause: Evasion items are banned","|rule|Evasion Moves Clause: Evasion moves are banned","|rule|Endless Battle Clause: Forcing endless battles is banned","|rule|HP Percentage Mod: HP is shown in percentages","|rule|One Boost Passer Clause: Limit one Baton Passer that has a way to boost its stats","|rule|Freeze Clause Mod: Limit one foe frozen","|","|t:|1752923837","|start","|switch|p1a: Skarmory|Skarmory, F|334/334","|switch|p2a: Dugtrio|Dugtrio, F|235/235","|turn|1","|inactive|Battle timer is ON: inactive players will automatically lose when time's up. (requested by foultestacceptor1)","|inactive|foultestchallenge1 also wants the timer to be on.","|","|t:|1752923838","|switch|p2a: Suicune|Suicune|401/401","|-ability|p2a: Suicune|Pressure|[silent]","|move|p1a: Skarmory|Spikes|p2a: Suicune","|-sidestart|p2: foultestacceptor1|Spikes","|","|upkeep","|turn|2","||adding 10 for new turn","|","|t:|1752923839","|move|p2a: Suicune|Calm Mind|p2a: Suicune","|-boost|p2a: Suicune|spa|1","|-boost|p2a: Suicune|spd|1","|move|p1a: Skarmory|Spikes|p2a: Suicune","|-sidestart|p2: foultestacceptor1|Spikes","|","|upkeep","|turn|3","||adding 10 for new turn","|","|t:|1752923840","|move|p2a: Suicune|Surf|p1a: Skarmory","|-damage|p1a: Skarmory|191/334","|move|p1a: Skarmory|Roar|p2a: Suicune","|drag|p2a: Forretress|Forretress, M|354/354","|-damage|p2a: Forretress|295/354|[from] Spikes","|","|-heal|p1a: Skarmory|211/334|[from] item: Leftovers","|-heal|p2a: Forretress|317/354|[from] item: Leftovers","|upkeep","|turn|4","||adding 10 for new turn","|","|t:|1752923841","|switch|p1a: Gengar|Gengar, F|303/303","|move|p2a: Forretress|Spikes|p1a: Gengar","|-sidestart|p1: foultestchallenge1|Spikes","|","|-heal|p2a: Forretress|339/354|[from] item: Leftovers","|upkeep","|turn|5","||adding 10 for new turn","|","|t:|1752923842","|move|p1a: Gengar|Will-O-Wisp|p2a: Forretress","|-status|p2a: Forretress|brn","|move|p2a: Forretress|Spikes|p1a: Gengar","|-sidestart|p1: foultestchallenge1|Spikes","|","|-heal|p2a: Forretress|354/354 brn|[from] item: Leftovers","|-damage|p2a: Forretress|310/354 brn|[from] brn","|upkeep","|turn|6","||adding 10 for new turn","|","|t:|1752923843","|move|p1a: Gengar|Thunderbolt|p2a: Forretress","|-damage|p2a: Forretress|218/354 brn","|move|p2a: Forretress|Spikes|p1a: Gengar","|-sidestart|p1: foultestchallenge1|Spikes","|","|-heal|p2a: Forretress|240/354 brn|[from] item: Leftovers","|-damage|p2a: Forretress|196/354 brn|[from] brn","|upkeep","|turn|7","||adding 10 for new turn","|","|t:|1752923844","|move|p1a: Gengar|Thunderbolt|p2a: Forretress","|-damage|p2a: Forretress|97/354 brn","|move|p2a: Forretress|Zap Cannon|p1a: Gengar|[miss]","|-miss|p2a: Forretress|p1a: Gengar","|","|-heal|p2a: Forretress|119/354 brn|[from] item: Leftovers","|-damage|p2a: Forretress|75/354 brn|[from] brn","|upkeep","|turn|8","||adding 10 for new turn","|","|t:|1752923845","|move|p1a: Gengar|Thunderbolt|p2a: Forretress","|-damage|p2a: Forretress|0 fnt","|faint|p2a: Forretress","||adding 5 to each for mid turn request","|","|t:|1752923846","|switch|p2a: Claydol|Claydol|324/324","|","|upkeep","|turn|9","||adding 10 for new turn","|","|t:|1752923847","|move|p1a: Gengar|Will-O-Wisp|p2a: Claydol|[miss]","|-miss|p1a: Gengar|p2a: Claydol","|move|p2a: Claydol|Psychic|p1a: Gengar","|-supereffective|p1a: Gengar","|-damage|p1a: Gengar|131/303","|","|-heal|p1a: Gengar|149/303|[from] item: Leftovers","|upkeep","|turn|10","||adding 10 for new turn","|","|t:|1752923848","|move|p1a: Gengar|Ice Punch|p2a: Claydol","|-supereffective|p2a: Claydol","|-damage|p2a: Claydol|204/324","|move|p2a: Claydol|Psychic|p1a: Gengar","|-supereffective|p1a: Gengar","|-damage|p1a: Gengar|0 fnt","|faint|p1a: Gengar","||adding 5 to each for mid turn request","|","|t:|1752923849","|switch|p1a: Starmie|Starmie|262/262","|-damage|p1a: Starmie|197/262|[from] Spikes","|","|-heal|p1a: Starmie|213/262|[from] item: Leftovers","|-heal|p2a: Claydol|224/324|[from] item: Leftovers","|upkeep","|turn|11","||adding 10 for new turn","|","|t:|1752923850","|move|p1a: Starmie|Hydro Pump|p2a: Claydol","|-supereffective|p2a: Claydol","|-damage|p2a: Claydol|0 fnt","|faint|p2a: Claydol","||adding 5 to each for mid turn request","|","|t:|1752923850","|switch|p2a: Snorlax|Snorlax, M|497/497","|-damage|p2a: Snorlax|415/497|[from] Spikes","|","|-heal|p1a: Starmie|229/262|[from] item: Leftovers","|-heal|p2a: Snorlax|446/497|[from] item: Leftovers","|upkeep","|turn|12","||adding 10 for new turn","|","|t:|1752923851","|move|p1a: Starmie|Rapid Spin|p2a: Snorlax","|-damage|p2a: Snorlax|434/497","|-sideend|p1: foultestchallenge1|Spikes|[from] move: Rapid Spin|[of] p1a: Starmie","|move|p2a: Snorlax|Shadow Ball|p1a: Starmie","|-supereffective|p1a: Starmie","|-damage|p1a: Starmie|55/262","|","|-heal|p1a: Starmie|71/262|[from] item: Leftovers","|-heal|p2a: Snorlax|465/497|[from] item: Leftovers","|upkeep","|turn|13","||adding 10 for new turn","|","|t:|1752923853","|switch|p1a: Tyranitar|Tyranitar, F|403/403","|-weather|Sandstorm|[from] ability: Sand Stream|[of] p1a: Tyranitar","|move|p2a: Snorlax|Return|p1a: Tyranitar","|-resisted|p1a: Tyranitar","|-damage|p1a: Tyranitar|340/403","|","|-weather|Sandstorm|[upkeep]","|-damage|p2a: Snorlax|434/497|[from] Sandstorm","|-heal|p1a: Tyranitar|365/403|[from] item: Leftovers","|-heal|p2a: Snorlax|465/497|[from] item: Leftovers","|upkeep","|turn|14","||adding 10 for new turn","|","|t:|1752923854","|move|p1a: Tyranitar|Rock Slide|p2a: Snorlax","|-damage|p2a: Snorlax|283/497","|move|p2a: Snorlax|Return|p1a: Tyranitar","|-resisted|p1a: Tyranitar","|-damage|p1a: Tyranitar|306/403","|","|-weather|Sandstorm|[upkeep]","|-damage|p2a: Snorlax|252/497|[from] Sandstorm","|-heal|p1a: Tyranitar|331/403|[from] item: Leftovers","|-heal|p2a: Snorlax|283/497|[from] item: Leftovers","|upkeep","|turn|15","||adding 10 for new turn","|","|t:|1752923855","|switch|p2a: Suicune|Suicune|401/401","|-damage|p2a: Suicune|335/401|[from] Spikes","|-ability|p2a: Suicune|Pressure|[silent]","|move|p1a: Tyranitar|Rock Slide|p2a: Suicune|[miss]","|-miss|p1a: Tyranitar|p2a: Suicune","|","|-weather|Sandstorm|[upkeep]","|-damage|p2a: Suicune|310/401|[from] Sandstorm","|-heal|p2a: Suicune|335/401|[from] item: Leftovers","|-heal|p1a: Tyranitar|356/403|[from] item: Leftovers","|upkeep","|turn|16","||adding 10 for new turn","|","|t:|1752923856","|switch|p1a: Skarmory|Skarmory, F|211/334","|move|p2a: Suicune|Surf|p1a: Skarmory","|-damage|p1a: Skarmory|111/334","|","|-weather|Sandstorm|[upkeep]","|-damage|p2a: Suicune|310/401|[from] Sandstorm","|-heal|p2a: Suicune|335/401|[from] item: Leftovers","|-heal|p1a: Skarmory|131/334|[from] item: Leftovers","|upkeep","|turn|17","||adding 10 for new turn","|","|t:|1752923857","|move|p2a: Suicune|Surf|p1a: Skarmory","|-damage|p1a: Skarmory|31/334","|move|p1a: Skarmory|Roar|p2a: Suicune","|drag|p2a: Dugtrio|Dugtrio, F|235/235","|-damage|p2a: Dugtrio|196/235|[from] Spikes","|","|-weather|Sandstorm|[upkeep]","|-heal|p1a: Skarmory|51/334|[from] item: Leftovers","|upkeep","|turn|18","||adding 10 for new turn","|","|t:|1752923858","|switch|p2a: Suicune|Suicune|335/401","|-damage|p2a: Suicune|269/401|[from] Spikes","|-ability|p2a: Suicune|Pressure|[silent]","|move|p1a: Skarmory|Spikes|p2a: Suicune","|-sidestart|p2: foultestacceptor1|Spikes","|","|-weather|Sandstorm|[upkeep]","|-damage|p2a: Suicune|244/401|[from] Sandstorm","|-heal|p2a: Suicune|269/401|[from] item: Leftovers","|-heal|p1a: Skarmory|71/334|[from] item: Leftovers","|upkeep","|turn|19","||adding 10 for new turn","|","|t:|1752923859","|move|p1a: Skarmory|Protect|p1a: Skarmory","|-singleturn|p1a: Skarmory|Protect","|move|p2a: Suicune|Surf|p1a: Skarmory","|-activate|p1a: Skarmory|Protect","|","|-weather|Sandstorm|[upkeep]","|-damage|p2a: Suicune|244/401|[from] Sandstorm","|-heal|p2a: Suicune|269/401|[from] item: Leftovers","|-heal|p1a: Skarmory|91/334|[from] item: Leftovers","|upkeep","|turn|20","||adding 10 for new turn","|","|t:|1752923860","|switch|p1a: Blissey|Blissey, F, shiny|651/651","|move|p2a: Suicune|Surf|p1a: Blissey","|-damage|p1a: Blissey|572/651","|","|-weather|Sandstorm|[upkeep]","|-damage|p2a: Suicune|244/401|[from] Sandstorm","|-damage|p1a: Blissey|532/651|[from] Sandstorm","|-heal|p2a: Suicune|269/401|[from] item: Leftovers","|-heal|p1a: Blissey|572/651|[from] item: Leftovers","|upkeep","|turn|21","||adding 10 for new turn","|","|t:|1752923861","|move|p2a: Suicune|Calm Mind|p2a: Suicune","|-boost|p2a: Suicune|spa|1","|-boost|p2a: Suicune|spd|1","|move|p1a: Blissey|Toxic|p2a: Suicune","|-status|p2a: Suicune|tox","|","|-weather|Sandstorm|[upkeep]","|-damage|p2a: Suicune|244/401 tox|[from] Sandstorm","|-damage|p1a: Blissey|532/651|[from] Sandstorm","|-heal|p2a: Suicune|269/401 tox|[from] item: Leftovers","|-damage|p2a: Suicune|244/401 tox|[from] psn","|-heal|p1a: Blissey|572/651|[from] item: Leftovers","|upkeep","|turn|22","||adding 10 for new turn","|","|t:|1752923862","|move|p2a: Suicune|Calm Mind|p2a: Suicune","|-boost|p2a: Suicune|spa|1","|-boost|p2a: Suicune|spd|1","|move|p1a: Blissey|Soft-Boiled|p1a: Blissey","|-heal|p1a: Blissey|651/651","|","|-weather|Sandstorm|[upkeep]","|-damage|p2a: Suicune|219/401 tox|[from] Sandstorm","|-damage|p1a: Blissey|611/651|[from] Sandstorm","|-heal|p2a: Suicune|244/401 tox|[from] item: Leftovers","|-damage|p2a: Suicune|194/401 tox|[from] psn","|-heal|p1a: Blissey|651/651|[from] item: Leftovers","|upkeep","|turn|23","||adding 10 for new turn","|","|t:|1752923863","|switch|p1a: Skarmory|Skarmory, F|91/334","|move|p2a: Suicune|Rest|p2a: Suicune","|-status|p2a: Suicune|slp|[from] move: Rest","|-heal|p2a: Suicune|401/401 slp|[silent]","|","|-weather|Sandstorm|[upkeep]","|-damage|p2a: Suicune|376/401 slp|[from] Sandstorm","|-heal|p2a: Suicune|401/401 slp|[from] item: Leftovers","|-heal|p1a: Skarmory|111/334|[from] item: Leftovers","|upkeep","|turn|24","||adding 10 for new turn","|","|t:|1752923863","|cant|p2a: Suicune|slp","|move|p1a: Skarmory|Roar|p2a: Suicune","|drag|p2a: Blissey|Blissey, F|714/714","|-damage|p2a: Blissey|536/714|[from] Spikes","|","|-weather|Sandstorm|[upkeep]","|-damage|p2a: Blissey|492/714|[from] Sandstorm","|-heal|p1a: Skarmory|131/334|[from] item: Leftovers","|-heal|p2a: Blissey|536/714|[from] item: Leftovers","|upkeep","|turn|25","||adding 10 for new turn","|","|t:|1752923864","|switch|p1a: Tyranitar|Tyranitar, F|356/403","|move|p2a: Blissey|Thunder Wave|p1a: Tyranitar","|-status|p1a: Tyranitar|par","|","|-weather|Sandstorm|[upkeep]","|-damage|p2a: Blissey|492/714|[from] Sandstorm","|-heal|p2a: Blissey|536/714|[from] item: Leftovers","|-heal|p1a: Tyranitar|381/403 par|[from] item: Leftovers","|upkeep","|turn|26","||adding 10 for new turn","|","|t:|1752923865","|-singleturn|p1a: Tyranitar|move: Focus Punch","|move|p2a: Blissey|Seismic Toss|p1a: Tyranitar","|-damage|p1a: Tyranitar|281/403 par","|cant|p1a: Tyranitar|par","|","|-weather|Sandstorm|[upkeep]","|-damage|p2a: Blissey|492/714|[from] Sandstorm","|-heal|p2a: Blissey|536/714|[from] item: Leftovers","|-heal|p1a: Tyranitar|306/403 par|[from] item: Leftovers","|upkeep","|turn|27","||adding 10 for new turn","|","|t:|1752923866","|-singleturn|p1a: Tyranitar|move: Focus Punch","|move|p2a: Blissey|Aromatherapy|p2a: Blissey","|-cureteam|p2a: Blissey|[from] move: Aromatherapy","|move|p1a: Tyranitar|Focus Punch|p2a: Blissey","|-supereffective|p2a: Blissey","|-damage|p2a: Blissey|0 fnt","|faint|p2a: Blissey","||adding 5 to each for mid turn request","|","|t:|1752923867","|switch|p2a: Dugtrio|Dugtrio, F|196/235","|-damage|p2a: Dugtrio|138/235|[from] Spikes","|","|-weather|Sandstorm|[upkeep]","|-heal|p1a: Tyranitar|331/403 par|[from] item: Leftovers","|upkeep","|turn|28","||adding 10 for new turn","|","|t:|1752923868","|move|p2a: Dugtrio|Earthquake|p1a: Tyranitar","|-supereffective|p1a: Tyranitar","|-damage|p1a: Tyranitar|0 fnt","|faint|p1a: Tyranitar","||adding 5 to each for mid turn request","|","|t:|1752923869","|switch|p1a: Skarmory|Skarmory, F|131/334","|","|-weather|Sandstorm|[upkeep]","|-heal|p1a: Skarmory|151/334|[from] item: Leftovers","|upkeep","|turn|29","||adding 10 for new turn","|","|t:|1752923870","|move|p2a: Dugtrio|Earthquake|p1a: Skarmory","|-immune|p1a: Skarmory","|move|p1a: Skarmory|Toxic|p2a: Dugtrio|[miss]","|-miss|p1a: Skarmory|p2a: Dugtrio","|","|-weather|Sandstorm|[upkeep]","|-heal|p1a: Skarmory|171/334|[from] item: Leftovers","|upkeep","|turn|30","||adding 10 for new turn","|","|t:|1752923871","|move|p2a: Dugtrio|Earthquake|p1a: Skarmory","|-immune|p1a: Skarmory","|move|p1a: Skarmory|Toxic|p2a: Dugtrio","|-status|p2a: Dugtrio|tox","|","|-weather|Sandstorm|[upkeep]","|-damage|p2a: Dugtrio|124/235 tox|[from] psn","|-heal|p1a: Skarmory|191/334|[from] item: Leftovers","|upkeep","|turn|31","||adding 10 for new turn","|","|t:|1752923871","|move|p2a: Dugtrio|Earthquake|p1a: Skarmory","|-immune|p1a: Skarmory","|move|p1a: Skarmory|Roar|p2a: Dugtrio","|drag|p2a: Snorlax|Snorlax, M|283/497","|-damage|p2a: Snorlax|159/497|[from] Spikes","|","|-weather|Sandstorm|[upkeep]","|-damage|p2a: Snorlax|128/497|[from] Sandstorm","|-heal|p1a: Skarmory|211/334|[from] item: Leftovers","|-heal|p2a: Snorlax|159/497|[from] item: Leftovers","|upkeep","|turn|32","||adding 10 for new turn","|","|t:|1752923872","|move|p2a: Snorlax|Rest|p2a: Snorlax","|-status|p2a: Snorlax|slp|[from] move: Rest","|-heal|p2a: Snorlax|497/497 slp|[silent]","|move|p1a: Skarmory|Roar|p2a: Snorlax","|drag|p2a: Dugtrio|Dugtrio, F|124/235 tox","|-damage|p2a: Dugtrio|66/235 tox|[from] Spikes","|","|-weather|Sandstorm|[upkeep]","|-damage|p2a: Dugtrio|52/235 tox|[from] psn","|-heal|p1a: Skarmory|231/334|[from] item: Leftovers","|upkeep","|turn|33","||adding 10 for new turn","|","|t:|1752923873","|move|p2a: Dugtrio|Aerial Ace|p1a: Skarmory","|-resisted|p1a: Skarmory","|-damage|p1a: Skarmory|203/334","|move|p1a: Skarmory|Roar|p2a: Dugtrio","|drag|p2a: Snorlax|Snorlax, M|497/497 slp","|-damage|p2a: Snorlax|373/497 slp|[from] Spikes","|","|-weather|Sandstorm|[upkeep]","|-damage|p2a: Snorlax|342/497 slp|[from] Sandstorm","|-heal|p1a: Skarmory|223/334|[from] item: Leftovers","|-heal|p2a: Snorlax|373/497 slp|[from] item: Leftovers","|upkeep","|turn|34","||adding 10 for new turn","|","|t:|1752923874","|cant|p2a: Snorlax|slp","|move|p1a: Skarmory|Roar|p2a: Snorlax","|drag|p2a: Dugtrio|Dugtrio, F|52/235 tox","|-damage|p2a: Dugtrio|0 fnt|[from] Spikes","|faint|p2a: Dugtrio","||adding 5 to each for mid turn request","|","|t:|1752923874","|switch|p2a: Suicune|Suicune|401/401","|-damage|p2a: Suicune|301/401|[from] Spikes","|-ability|p2a: Suicune|Pressure|[silent]","|","|-weather|Sandstorm|[upkeep]","|-damage|p2a: Suicune|276/401|[from] Sandstorm","|-heal|p2a: Suicune|301/401|[from] item: Leftovers","|-heal|p1a: Skarmory|243/334|[from] item: Leftovers","|upkeep","|turn|35","||adding 10 for new turn","|","|t:|1752923875","|move|p2a: Suicune|Surf|p1a: Skarmory","|-damage|p1a: Skarmory|156/334","|move|p1a: Skarmory|Roar|p2a: Suicune","|drag|p2a: Snorlax|Snorlax, M|373/497 slp","|-damage|p2a: Snorlax|249/497 slp|[from] Spikes","|","|-weather|Sandstorm|[upkeep]","|-damage|p2a: Snorlax|218/497 slp|[from] Sandstorm","|-heal|p1a: Skarmory|176/334|[from] item: Leftovers","|-heal|p2a: Snorlax|249/497 slp|[from] item: Leftovers","|upkeep","|turn|36","||adding 10 for new turn","|","|t:|1752923876","|cant|p2a: Snorlax|slp","|move|p1a: Skarmory|Roar|p2a: Snorlax","|drag|p2a: Suicune|Suicune|301/401","|-damage|p2a: Suicune|201/401|[from] Spikes","|-ability|p2a: Suicune|Pressure|[silent]","|","|-weather|Sandstorm|[upkeep]","|-damage|p2a: Suicune|176/401|[from] Sandstorm","|-heal|p2a: Suicune|201/401|[from] item: Leftovers","|-heal|p1a: Skarmory|196/334|[from] item: Leftovers","|upkeep","|turn|37","||adding 10 for new turn","|","|t:|1752923877","|move|p2a: Suicune|Surf|p1a: Skarmory","|-damage|p1a: Skarmory|107/334","|move|p1a: Skarmory|Roar|p2a: Suicune","|drag|p2a: Snorlax|Snorlax, M|249/497 slp","|-damage|p2a: Snorlax|125/497 slp|[from] Spikes","|","|-weather|Sandstorm|[upkeep]","|-damage|p2a: Snorlax|94/497 slp|[from] Sandstorm","|-heal|p1a: Skarmory|127/334|[from] item: Leftovers","|-heal|p2a: Snorlax|125/497 slp|[from] item: Leftovers","|upkeep","|turn|38","||adding 10 for new turn","|","|t:|1752923877","|-curestatus|p2a: Snorlax|slp|[msg]","|move|p2a: Snorlax|Rest|p2a: Snorlax","|-status|p2a: Snorlax|slp|[from] move: Rest","|-heal|p2a: Snorlax|497/497 slp|[silent]","|move|p1a: Skarmory|Roar|p2a: Snorlax","|drag|p2a: Suicune|Suicune|201/401","|-damage|p2a: Suicune|101/401|[from] Spikes","|-ability|p2a: Suicune|Pressure|[silent]","|","|-weather|Sandstorm|[upkeep]","|-damage|p2a: Suicune|76/401|[from] Sandstorm","|-heal|p2a: Suicune|101/401|[from] item: Leftovers","|-heal|p1a: Skarmory|147/334|[from] item: Leftovers","|upkeep","|turn|39","||adding 10 for new turn","|","|t:|1752923878","|move|p2a: Suicune|Rest|p2a: Suicune","|-status|p2a: Suicune|slp|[from] move: Rest","|-heal|p2a: Suicune|401/401 slp|[silent]","|move|p1a: Skarmory|Roar|p2a: Suicune","|drag|p2a: Snorlax|Snorlax, M|497/497 slp","|-damage|p2a: Snorlax|373/497 slp|[from] Spikes","|","|-weather|Sandstorm|[upkeep]","|-damage|p2a: Snorlax|342/497 slp|[from] Sandstorm","|-heal|p1a: Skarmory|167/334|[from] item: Leftovers","|-heal|p2a: Snorlax|373/497 slp|[from] item: Leftovers","|upkeep","|turn|40","||adding 10 for new turn","|","|t:|1752923879","|cant|p2a: Snorlax|slp","|move|p1a: Skarmory|Roar|p2a: Snorlax","|drag|p2a: Suicune|Suicune|401/401 slp","|-damage|p2a: Suicune|301/401 slp|[from] Spikes","|-ability|p2a: Suicune|Pressure|[silent]","|","|-weather|Sandstorm|[upkeep]","|-damage|p2a: Suicune|276/401 slp|[from] Sandstorm","|-heal|p2a: Suicune|301/401 slp|[from] item: Leftovers","|-heal|p1a: Skarmory|187/334|[from] item: Leftovers","|upkeep","|turn|41","||adding 10 for new turn","|","|t:|1752923880","|cant|p2a: Suicune|slp","|move|p1a: Skarmory|Roar|p2a: Suicune","|drag|p2a: Snorlax|Snorlax, M|373/497 slp","|-damage|p2a: Snorlax|249/497 slp|[from] Spikes","|","|-weather|Sandstorm|[upkeep]","|-damage|p2a: Snorlax|218/497 slp|[from] Sandstorm","|-heal|p1a: Skarmory|207/334|[from] item: Leftovers","|-heal|p2a: Snorlax|249/497 slp|[from] item: Leftovers","|upkeep","|turn|42","||adding 10 for new turn","|","|t:|1752923880","|cant|p2a: Snorlax|slp","|move|p1a: Skarmory|Roar|p2a: Snorlax","|drag|p2a: Suicune|Suicune|301/401 slp","|-damage|p2a: Suicune|201/401 slp|[from] Spikes","|-ability|p2a: Suicune|Pressure|[silent]","|","|-weather|Sandstorm|[upkeep]","|-damage|p2a: Suicune|176/401 slp|[from] Sandstorm","|-heal|p2a: Suicune|201/401 slp|[from] item: Leftovers","|-heal|p1a: Skarmory|227/334|[from] item: Leftovers","|upkeep","|turn|43","||adding 10 for new turn","|","|t:|1752923881","|cant|p2a: Suicune|slp","|move|p1a: Skarmory|Roar|p2a: Suicune","|drag|p2a: Snorlax|Snorlax, M|249/497 slp","|-damage|p2a: Snorlax|125/497 slp|[from] Spikes","|","|-weather|Sandstorm|[upkeep]","|-damage|p2a: Snorlax|94/497 slp|[from] Sandstorm","|-heal|p1a: Skarmory|247/334|[from] item: Leftovers","|-heal|p2a: Snorlax|125/497 slp|[from] item: Leftovers","|upkeep","|turn|44","||adding 10 for new turn","|","|t:|1752923882","|-curestatus|p2a: Snorlax|slp|[msg]","|move|p2a: Snorlax|Rest|p2a: Snorlax","|-status|p2a: Snorlax|slp|[from] move: Rest","|-heal|p2a: Snorlax|497/497 slp|[silent]","|move|p1a: Skarmory|Roar|p2a: Snorlax","|drag|p2a: Suicune|Suicune|201/401 slp","|-damage|p2a: Suicune|101/401 slp|[from] Spikes","|-ability|p2a: Suicune|Pressure|[silent]","|","|-weather|Sandstorm|[upkeep]","|-damage|p2a: Suicune|76/401 slp|[from] Sandstorm","|-heal|p2a: Suicune|101/401 slp|[from] item: Leftovers","|-heal|p1a: Skarmory|267/334|[from] item: Leftovers","|upkeep","|turn|45","||adding 10 for new turn","|","|t:|1752923883","|-curestatus|p2a: Suicune|slp|[msg]","|move|p2a: Suicune|Rest|p2a: Suicune","|-status|p2a: Suicune|slp|[from] move: Rest","|-heal|p2a: Suicune|401/401 slp|[silent]","|move|p1a: Skarmory|Roar|p2a: Suicune","|drag|p2a: Snorlax|Snorlax, M|497/497 slp","|-damage|p2a: Snorlax|373/497 slp|[from] Spikes","|","|-weather|Sandstorm|[upkeep]","|-damage|p2a: Snorlax|342/497 slp|[from] Sandstorm","|-heal|p1a: Skarmory|287/334|[from] item: Leftovers","|-heal|p2a: Snorlax|373/497 slp|[from] item: Leftovers","|upkeep","|turn|46","||adding 10 for new turn","|","|t:|1752923883","|cant|p2a: Snorlax|slp","|move|p1a: Skarmory|Roar|p2a: Snorlax","|drag|p2a: Suicune|Suicune|401/401 slp","|-damage|p2a: Suicune|301/401 slp|[from] Spikes","|-ability|p2a: Suicune|Pressure|[silent]","|","|-weather|Sandstorm|[upkeep]","|-damage|p2a: Suicune|276/401 slp|[from] Sandstorm","|-heal|p2a: Suicune|301/401 slp|[from] item: Leftovers","|-heal|p1a: Skarmory|307/334|[from] item: Leftovers","|upkeep","|turn|47","||adding 10 for new turn","|","|t:|1752923884","|cant|p2a: Suicune|slp","|move|p1a: Skarmory|Roar|p2a: Suicune","|drag|p2a: Snorlax|Snorlax, M|373/497 slp","|-damage|p2a: Snorlax|249/497 slp|[from] Spikes","|","|-weather|Sandstorm|[upkeep]","|-damage|p2a: Snorlax|218/497 slp|[from] Sandstorm","|-heal|p1a: Skarmory|327/334|[from] item: Leftovers","|-heal|p2a: Snorlax|249/497 slp|[from] item: Leftovers","|upkeep","|turn|48","||adding 10 for new turn","|","|t:|1752923885","|cant|p2a: Snorlax|slp","|move|p1a: Skarmory|Roar|p2a: Snorlax","|drag|p2a: Suicune|Suicune|301/401 slp","|-damage|p2a: Suicune|201/401 slp|[from] Spikes","|-ability|p2a: Suicune|Pressure|[silent]","|","|-weather|Sandstorm|[upkeep]","|-damage|p2a: Suicune|176/401 slp|[from] Sandstorm","|-heal|p2a: Suicune|201/401 slp|[from] item: Leftovers","|-heal|p1a: Skarmory|334/334|[from] item: Leftovers","|upkeep","|turn|49","||adding 10 for new turn","|","|t:|1752923885","|cant|p2a: Suicune|slp","|move|p1a: Skarmory|Roar|p2a: Suicune","|drag|p2a: Snorlax|Snorlax, M|249/497 slp","|-damage|p2a: Snorlax|125/497 slp|[from] Spikes","|","|-weather|Sandstorm|[upkeep]","|-damage|p2a: Snorlax|94/497 slp|[from] Sandstorm","|-heal|p2a: Snorlax|125/497 slp|[from] item: Leftovers","|upkeep","|turn|50","||adding 10 for new turn","|","|t:|1752923886","|switch|p1a: Swampert|Swampert, F|401/401","|-curestatus|p2a: Snorlax|slp|[msg]","|move|p2a: Snorlax|Rest|p2a: Snorlax","|-status|p2a: Snorlax|slp|[from] move: Rest","|-heal|p2a: Snorlax|497/497 slp|[silent]","|","|-weather|Sandstorm|[upkeep]","|-damage|p2a: Snorlax|466/497 slp|[from] Sandstorm","|-heal|p2a: Snorlax|497/497 slp|[from] item: Leftovers","|upkeep","|turn|51","||adding 10 for new turn","|","|t:|1752923887","|move|p1a: Swampert|Earthquake|p2a: Snorlax","|-crit|p2a: Snorlax","|-damage|p2a: Snorlax|167/497 slp","|cant|p2a: Snorlax|slp","|","|-weather|Sandstorm|[upkeep]","|-damage|p2a: Snorlax|136/497 slp|[from] Sandstorm","|-heal|p2a: Snorlax|167/497 slp|[from] item: Leftovers","|upkeep","|turn|52","||adding 10 for new turn","|","|t:|1752923888","|move|p1a: Swampert|Earthquake|p2a: Snorlax","|-damage|p2a: Snorlax|16/497 slp","|cant|p2a: Snorlax|slp","|","|-weather|Sandstorm|[upkeep]","|-damage|p2a: Snorlax|0 fnt|[from] Sandstorm","|faint|p2a: Snorlax","|upkeep","||adding 5 to each for mid turn request","|","|t:|1752923889","|switch|p2a: Suicune|Suicune|201/401 slp","|-damage|p2a: Suicune|101/401 slp|[from] Spikes","|-ability|p2a: Suicune|Pressure|[silent]","|turn|53","||adding 10 for new turn","|","|t:|1752923890","|-curestatus|p2a: Suicune|slp|[msg]","|move|p2a: Suicune|Rest|p2a: Suicune","|-status|p2a: Suicune|slp|[from] move: Rest","|-heal|p2a: Suicune|401/401 slp|[silent]","|move|p1a: Swampert|Earthquake|p2a: Suicune","|-damage|p2a: Suicune|321/401 slp","|","|-weather|Sandstorm|[upkeep]","|-damage|p2a: Suicune|296/401 slp|[from] Sandstorm","|-heal|p2a: Suicune|321/401 slp|[from] item: Leftovers","|upkeep","|turn|54","||adding 10 for new turn","|","|t:|1752923891","|switch|p1a: Starmie|Starmie|71/262","|cant|p2a: Suicune|slp","|","|-weather|Sandstorm|[upkeep]","|-damage|p1a: Starmie|55/262|[from] Sandstorm","|-damage|p2a: Suicune|296/401 slp|[from] Sandstorm","|-heal|p1a: Starmie|71/262|[from] item: Leftovers","|-heal|p2a: Suicune|321/401 slp|[from] item: Leftovers","|upkeep","|turn|55","||adding 10 for new turn","|","|t:|1752923892","|move|p1a: Starmie|Thunderbolt|p2a: Suicune","|-supereffective|p2a: Suicune","|-damage|p2a: Suicune|154/401 slp","|cant|p2a: Suicune|slp","|","|-weather|Sandstorm|[upkeep]","|-damage|p1a: Starmie|55/262|[from] Sandstorm","|-damage|p2a: Suicune|129/401 slp|[from] Sandstorm","|-heal|p1a: Starmie|71/262|[from] item: Leftovers","|-heal|p2a: Suicune|154/401 slp|[from] item: Leftovers","|upkeep","|turn|56","||adding 10 for new turn","|","|t:|1752923893","|move|p1a: Starmie|Thunderbolt|p2a: Suicune","|-supereffective|p2a: Suicune","|-damage|p2a: Suicune|0 fnt","|faint|p2a: Suicune","|","|win|foultestchallenge1",""],"p1rating":null,"p2rating":null,"endType":"normal","ladderError":true,"timestamp":"Sat Jul 19 2025 04:18:13 GMT-0700 (アメリカ太平洋夏時間)","roomid":"battle-gen3ou-937","format":"gen3ou"}