{"winner":"foultestacceptor1","seed":"sodium,7fe4f12ea82a54938db5964742d607a4","turns":87,"p1":"foultestchallenge1","p2":"foultestacceptor1","p1team":[{"name":"Salamence","species":"Salamence","item":"Choice Band","ability":"Intimidate","moves":["Earthquake","Hidden Power Flying","Brick Break","Rock Slide"],"nature":"Adamant","evs":{"hp":120,"atk":252,"def":0,"spa":0,"spd":0,"spe":136},"gender":"M","ivs":{"hp":30,"atk":30,"def":30,"spa":30,"spd":30,"spe":31},"happiness":255,"hpType":"Flying","pokeball":"","gigantamax":false,"dynamaxLevel":10,"teraType":"","level":100},{"name":"Magneton","species":"Magneton","item":"Magnet","ability":"Magnet Pull","moves":["Thunderbolt","Toxic","Hidden Power Fire","Protect"],"nature":"Modest","evs":{"hp":4,"atk":0,"def":0,"spa":252,"spd":0,"spe":252},"gender":"N","ivs":{"hp":31,"atk":2,"def":31,"spa":30,"spd":31,"spe":30},"happiness":255,"hpType":"Fire","pokeball":"","gigantamax":false,"dynamaxLevel":10,"teraType":"","level":100},{"name":"Tyranitar","species":"Tyranitar","item":"Leftovers","ability":"Sand Stream","moves":["Crunch","Pursuit","Hidden Power Grass","Fire Blast"],"nature":"Modest","evs":{"hp":240,"atk":0,"def":0,"spa":188,"spd":48,"spe":32},"gender":"F","ivs":{"hp":31,"atk":2,"def":31,"spa":30,"spd":31,"spe":31},"happiness":255,"hpType":"Grass","pokeball":"","gigantamax":false,"dynamaxLevel":10,"teraType":"","level":100},{"name":"Blissey","species":"Blissey","item":"Leftovers","ability":"Natural Cure","moves":["Seismic Toss","Wish","Protect","Toxic"],"nature":"","evs":{"hp":4,"atk":0,"def":252,"spa":0,"spd":252,"spe":0},"gender":"F","ivs":{"hp":31,"atk":0,"def":31,"spa":31,"spd":31,"spe":31},"level":100},{"name":"Metagross","species":"Metagross","item":"Leftovers","ability":"Clear Body","moves":["Agility","Meteor Mash","Earthquake","Explosion"],"nature":"Adamant","evs":{"hp":168,"atk":252,"def":0,"spa":0,"spd":0,"spe":88},"gender":"N","level":100,"ivs":{"hp":31,"atk":31,"def":31,"spa":31,"spd":31,"spe":31}},{"name":"Swampert","species":"Swampert","item":"Leftovers","ability":"Torrent","moves":["Surf","Ice Beam","Protect","Toxic"],"nature":"Bold","evs":{"hp":252,"atk":0,"def":160,"spa":0,"spd":96,"spe":0},"gender":"M","ivs":{"hp":31,"atk":0,"def":31,"spa":31,"spd":31,"spe":31},"level":100}],"p2team":[{"name":"Dugtrio","species":"Dugtrio","item":"Choice Band","ability":"Arena Trap","moves":["Earthquake","Hidden Power Bug","Aerial Ace","Sunny Day"],"nature":"Adamant","evs":{"hp":96,"atk":168,"def":20,"spa":0,"spd":0,"spe":224},"gender":"F","ivs":{"hp":31,"atk":30,"def":30,"spa":31,"spd":30,"spe":31},"happiness":255,"hpType":"Bug","pokeball":"","gigantamax":false,"dynamaxLevel":10,"teraType":"","level":100},{"name":"Forretress","species":"Forretress","item":"Leftovers","ability":"Sturdy","moves":["Spikes","Zap Cannon","Explosion","Hidden Power Bug"],"nature":"Careful","evs":{"hp":252,"atk":0,"def":4,"spa":0,"spd":252,"spe":0},"gender":"F","ivs":{"hp":31,"atk":30,"def":30,"spa":31,"spd":30,"spe":31},"happiness":255,"hpType":"Bug","pokeball":"","gigantamax":false,"dynamaxLevel":10,"teraType":"","level":100},{"name":"Snorlax","species":"Snorlax","item":"Leftovers","ability":"Immunity","moves":["Return","Curse","Rest","Shadow Ball"],"nature":"Careful","evs":{"hp":144,"atk":96,"def":132,"spa":0,"spd":136,"spe":0},"gender":"M","level":100,"ivs":{"hp":31,"atk":31,"def":31,"spa":31,"spd":31,"spe":31}},{"name":"Suicune","species":"Suicune","item":"Leftovers","ability":"Pressure","moves":["Calm Mind","Rest","Ice Beam","Surf"],"nature":"Bold","evs":{"hp":240,"atk":0,"def":252,"spa":0,"spd":0,"spe":16},"gender":"N","ivs":{"hp":31,"atk":0,"def":31,"spa":31,"spd":31,"spe":31},"level":100},{"name":"Claydol","species":"Claydol","item":"Leftovers","ability":"Levitate","moves":["Earthquake","Psychic","Rapid Spin","Rest"],"nature":"Lonely","evs":{"hp":252,"atk":224,"def":0,"spa":24,"spd":0,"spe":8},"gender":"N","level":100,"ivs":{"hp":31,"atk":31,"def":31,"spa":31,"spd":31,"spe":31}},{"name":"Blissey","species":"Blissey","item":"Leftovers","ability":"Natural Cure","moves":["Soft-Boiled","Seismic Toss","Thunder Wave","Aromatherapy"],"nature":"Bold","evs":{"hp":252,"atk":0,"def":252,"spa":0,"spd":0,"spe":4},"gender":"F","ivs":{"hp":31,"atk":0,"def":31,"spa":31,"spd":31,"spe":31},"level":100}],"score":[0,2],"inputLog":[">version 372d05e49c92a79eecdf6c8dddb208bd1765c00f",">start {\"formatid\":\"gen3ou\",\"seed\":\"sodium,7fe4f12ea82a54938db5964742d607a4\"}",">player p1 {\"name\":\"foultestchallenge1\",\"avatar\":\"1\",\"team\":\"Salamence||ChoiceBand|Intimidate|Earthquake,HiddenPowerFlying,BrickBreak,RockSlide|Adamant|120,252,,,,136|M|30,30,30,30,30,|||,Flying,,,,]Magneton||Magnet|MagnetPull|Thunderbolt,Toxic,HiddenPowerFire,Protect|Modest|4,,,252,,252|N|,2,,30,,30|||,Fire,,,,]Tyranitar||Leftovers|SandStream|Crunch,Pursuit,HiddenPowerGrass,FireBlast|Modest|240,,,188,48,32|F|,2,,30,,|||,Grass,,,,]Blissey||Leftovers|NaturalCure|SeismicToss,Wish,Protect,Toxic||4,,252,,252,|F|,0,,,,|||]Metagross||Leftovers|ClearBody|Agility,MeteorMash,Earthquake,Explosion|Adamant|168,252,,,,88|N||||]Swampert||Leftovers|Torrent|Surf,IceBeam,Protect,Toxic|Bold|252,,160,,96,|M|,0,,,,|||\",\"rating\":0}",">player p2 {\"name\":\"foultestacceptor1\",\"avatar\":\"169\",\"team\":\"Dugtrio||ChoiceBand|ArenaTrap|Earthquake,HiddenPowerBug,AerialAce,SunnyDay|Adamant|96,168,20,,,224|F|,30,30,,30,|||,Bug,,,,]Forretress||Leftovers|Sturdy|Spikes,ZapCannon,Explosion,HiddenPowerBug|Careful|252,,4,,252,|F|,30,30,,30,|||,Bug,,,,]Snorlax||Leftovers|Immunity|Return,Curse,Rest,ShadowBall|Careful|144,96,132,,136,|M||||]Suicune||Leftovers|Pressure|CalmMind,Rest,IceBeam,Surf|Bold|240,,252,,,16|N|,0,,,,|||]Claydol||Leftovers|Levitate|Earthquake,Psychic,RapidSpin,Rest|Lonely|252,224,,24,,8|N||||]Blissey||Leftovers|NaturalCure|SoftBoiled,SeismicToss,ThunderWave,Aromatherapy|Bold|252,,252,,,4|F|,0,,,,|||\",\"rating\":0}",">p1 move hiddenpower",">p2 switch 4",">p1 switch 4",">p2 move calmmind",">p1 move toxic",">p2 move calmmind",">p1 move seismictoss",">p2 move calmmind",">p1 switch 5",">p2 move rest",">p1 move explosion",">p2 switch 2",">p1 switch 4",">p1 move earthquake",">p2 move explosion",">p2 switch 3",">p1 move earthquake",">p2 move curse",">p1 switch 3",">p2 move return",">p1 move crunch",">p2 move return",">p1 move crunch",">p2 move return",">p1 switch 3",">p2 move return",">p1 move earthquake",">p2 move rest",">p2 switch 6",">p1 switch 5",">p2 move thunderwave",">p1 move wish",">p2 move aromatherapy",">p1 switch 5",">p2 move thunderwave",">p1 move brickbreak",">p2 switch 2",">p1 switch 5",">p2 move calmmind",">p1 move toxic",">p2 move calmmind",">p1 move wish",">p2 move surf",">p1 switch 5",">p2 move rest",">p1 move hiddenpower",">p2 move icebeam",">p1 switch 5",">p2 move surf",">p1 move wish",">p2 move calmmind",">p1 move toxic",">p2 move calmmind",">p1 move wish",">p2 move surf",">p1 move seismictoss",">p2 move surf",">p1 move seismictoss",">p2 move rest",">p1 move seismictoss",">p2 move icebeam",">p1 move wish",">p2 move surf",">p1 move seismictoss",">p2 move icebeam",">p1 move seismictoss",">p2 move rest",">p1 move seismictoss",">p2 move icebeam",">p1 move wish",">p2 move calmmind",">p1 move seismictoss",">p2 move icebeam",">p1 move seismictoss",">p2 move rest",">p1 move seismictoss",">p2 move rest",">p1 move wish",">p2 move calmmind",">p1 move seismictoss",">p2 move icebeam",">p1 switch 5",">p2 move surf",">p1 switch 5",">p2 move surf",">p1 move wish",">p2 move icebeam",">p1 move protect",">p2 move surf",">p1 move wish",">p2 move surf",">p1 move seismictoss",">p2 move surf",">p1 move seismictoss",">p2 move rest",">p1 move seismictoss",">p2 move calmmind",">p1 move wish",">p2 move surf",">p1 move toxic",">p2 move icebeam",">p1 move wish",">p2 move rest",">p1 switch 5",">p2 move icebeam",">p1 switch 5",">p2 move icebeam",">p1 move wish",">p2 move surf",">p1 move toxic",">p2 move surf",">p1 move wish",">p2 move rest",">p1 switch 3",">p2 move surf",">p1 switch 3",">p2 move calmmind",">p1 move wish",">p2 move icebeam",">p1 move toxic",">p2 move rest",">p1 move seismictoss",">p2 move rest",">p1 move seismictoss",">p2 switch 4",">p1 move seismictoss",">p2 switch 2",">p1 move wish",">p2 move aromatherapy",">p1 move toxic",">p2 move softboiled",">p1 move toxic",">p2 switch 4",">p1 move toxic",">p2 move calmmind",">p1 move wish",">p2 move calmmind",">p1 switch 5",">p2 move icebeam",">p1 switch 5",">p1 move seismictoss",">p2 move rest",">p1 switch 2",">p2 move surf",">p1 move thunderbolt",">p2 move calmmind",">p1 switch 2",">p2 move surf",">p1 move protect",">p2 move surf",">p1 move protect",">p2 move calmmind",">p1 move protect",">p2 move surf",">p1 move protect",">p2 move surf",">p1 move protect",">p2 move surf",">p1 switch 6",">p2 move surf",">p1 move protect",">p2 move surf",">p1 move protect",">p2 move surf",">p1 switch 6",">p1 move protect",">p2 move surf",">p1 move protect",">p2 move surf",">p1 switch 2",">p1 move thunderbolt",">p2 move surf",">p2 switch 2",">p1 move protect",">p2 move earthquake",">p1 move protect",">p2 move earthquake",">p1 switch 3",">p1 move crunch",">p2 move earthquake",">p2 switch 5",">p1 move fireblast",">p2 move earthquake"],"log":["|j|☆foultestchallenge1","|j|☆foultestacceptor1","|t:|1752960381","|gametype|singles","|player|p1|foultestchallenge1|1|","|player|p2|foultestacceptor1|169|","|teamsize|p1|6","|teamsize|p2|6","|gen|3","|tier|[Gen 3] OU","|rule|Sleep Clause Mod: Limit one foe put to sleep","|rule|Switch Priority Clause Mod: Faster Pokémon switch first","|rule|Species Clause: Limit one of each Pokémon","|rule|OHKO Clause: OHKO moves are banned","|rule|Evasion Items Clause: Evasion items are banned","|rule|Evasion Moves Clause: Evasion moves are banned","|rule|Endless Battle Clause: Forcing endless battles is banned","|rule|HP Percentage Mod: HP is shown in percentages","|rule|One Boost Passer Clause: Limit one Baton Passer that has a way to boost its stats","|rule|Freeze Clause Mod: Limit one foe frozen","|","|t:|1752960381","|start","|switch|p1a: Salamence|Salamence, M|360/360","|switch|p2a: Dugtrio|Dugtrio, F|235/235","|-ability|p1a: Salamence|Intimidate|boost","|-unboost|p2a: Dugtrio|atk|1","|turn|1","|inactive|Battle timer is ON: inactive players will automatically lose when time's up. (requested by foultestacceptor1)","|inactive|foultestchallenge1 also wants the timer to be on.","|","|t:|1752960389","|switch|p2a: Suicune|Suicune|401/401","|-ability|p2a: Suicune|Pressure|[silent]","|move|p1a: Salamence|Hidden Power|p2a: Suicune","|-damage|p2a: Suicune|259/401","|","|-heal|p2a: Suicune|284/401|[from] item: Leftovers","|upkeep","|turn|2","||adding 10 for new turn","|","|t:|1752960397","|switch|p1a: Blissey|Blissey, F|652/652","|move|p2a: Suicune|Calm Mind|p2a: Suicune","|-boost|p2a: Suicune|spa|1","|-boost|p2a: Suicune|spd|1","|","|-heal|p2a: Suicune|309/401|[from] item: Leftovers","|upkeep","|turn|3","||adding 10 for new turn","|","|t:|1752960405","|move|p2a: Suicune|Calm Mind|p2a: Suicune","|-boost|p2a: Suicune|spa|1","|-boost|p2a: Suicune|spd|1","|move|p1a: Blissey|Toxic|p2a: Suicune","|-status|p2a: Suicune|tox","|","|-heal|p2a: Suicune|334/401 tox|[from] item: Leftovers","|-damage|p2a: Suicune|309/401 tox|[from] psn","|upkeep","|turn|4","||adding 10 for new turn","|","|t:|1752960412","|move|p2a: Suicune|Calm Mind|p2a: Suicune","|-boost|p2a: Suicune|spa|1","|-boost|p2a: Suicune|spd|1","|move|p1a: Blissey|Seismic Toss|p2a: Suicune","|-damage|p2a: Suicune|209/401 tox","|","|-heal|p2a: Suicune|234/401 tox|[from] item: Leftovers","|-damage|p2a: Suicune|184/401 tox|[from] psn","|upkeep","|turn|5","||adding 10 for new turn","|","|t:|1752960420","|switch|p1a: Metagross|Metagross|343/343","|move|p2a: Suicune|Rest|p2a: Suicune","|-status|p2a: Suicune|slp|[from] move: Rest","|-heal|p2a: Suicune|401/401 slp|[silent]","|","|upkeep","|turn|6","||adding 10 for new turn","|","|t:|1752960428","|switch|p2a: Forretress|Forretress, F|354/354","|move|p1a: Metagross|Explosion|p2a: Forretress","|-resisted|p2a: Forretress","|-damage|p2a: Forretress|103/354","|faint|p1a: Metagross","||adding 5 to each for mid turn request","|","|t:|1752960436","|switch|p1a: Salamence|Salamence, M|360/360","|-ability|p1a: Salamence|Intimidate|boost","|-unboost|p2a: Forretress|atk|1","|","|-heal|p2a: Forretress|125/354|[from] item: Leftovers","|upkeep","|turn|7","||adding 10 for new turn","|","|t:|1752960444","|move|p1a: Salamence|Earthquake|p2a: Forretress","|-damage|p2a: Forretress|0 fnt","|faint|p2a: Forretress","||adding 5 to each for mid turn request","|","|t:|1752960451","|switch|p2a: Snorlax|Snorlax, M|497/497","|","|upkeep","|turn|8","||adding 10 for new turn","|","|t:|1752960459","|move|p1a: Salamence|Earthquake|p2a: Snorlax","|-damage|p2a: Snorlax|269/497","|move|p2a: Snorlax|Curse|p2a: Snorlax","|-unboost|p2a: Snorlax|spe|1","|-boost|p2a: Snorlax|atk|1","|-boost|p2a: Snorlax|def|1","|","|-heal|p2a: Snorlax|300/497|[from] item: Leftovers","|upkeep","|turn|9","||adding 10 for new turn","|","|t:|1752960467","|switch|p1a: Tyranitar|Tyranitar, F|401/401","|-weather|Sandstorm|[from] ability: Sand Stream|[of] p1a: Tyranitar","|move|p2a: Snorlax|Return|p1a: Tyranitar","|-resisted|p1a: Tyranitar","|-damage|p1a: Tyranitar|301/401","|","|-weather|Sandstorm|[upkeep]","|-damage|p2a: Snorlax|269/497|[from] Sandstorm","|-heal|p1a: Tyranitar|326/401|[from] item: Leftovers","|-heal|p2a: Snorlax|300/497|[from] item: Leftovers","|upkeep","|turn|10","||adding 10 for new turn","|","|t:|1752960475","|move|p1a: Tyranitar|Crunch|p2a: Snorlax","|-damage|p2a: Snorlax|214/497","|move|p2a: Snorlax|Return|p1a: Tyranitar","|-resisted|p1a: Tyranitar","|-damage|p1a: Tyranitar|227/401","|","|-weather|Sandstorm|[upkeep]","|-damage|p2a: Snorlax|183/497|[from] Sandstorm","|-heal|p1a: Tyranitar|252/401|[from] item: Leftovers","|-heal|p2a: Snorlax|214/497|[from] item: Leftovers","|upkeep","|turn|11","||adding 10 for new turn","|","|t:|1752960483","|move|p1a: Tyranitar|Crunch|p2a: Snorlax","|-damage|p2a: Snorlax|119/497","|move|p2a: Snorlax|Return|p1a: Tyranitar","|-resisted|p1a: Tyranitar","|-damage|p1a: Tyranitar|160/401","|","|-weather|Sandstorm|[upkeep]","|-damage|p2a: Snorlax|88/497|[from] Sandstorm","|-heal|p1a: Tyranitar|185/401|[from] item: Leftovers","|-heal|p2a: Snorlax|119/497|[from] item: Leftovers","|upkeep","|turn|12","||adding 10 for new turn","|","|t:|1752960490","|switch|p1a: Salamence|Salamence, M|360/360","|-ability|p1a: Salamence|Intimidate|boost","|-unboost|p2a: Snorlax|atk|1","|move|p2a: Snorlax|Return|p1a: Salamence","|-damage|p1a: Salamence|175/360","|","|-weather|Sandstorm|[upkeep]","|-damage|p1a: Salamence|153/360|[from] Sandstorm","|-damage|p2a: Snorlax|88/497|[from] Sandstorm","|-heal|p2a: Snorlax|119/497|[from] item: Leftovers","|upkeep","|turn|13","||adding 10 for new turn","|","|t:|1752960498","|move|p1a: Salamence|Earthquake|p2a: Snorlax","|-damage|p2a: Snorlax|0 fnt","|faint|p2a: Snorlax","||adding 5 to each for mid turn request","|","|t:|1752960505","|switch|p2a: Blissey|Blissey, F|714/714","|","|-weather|Sandstorm|[upkeep]","|-damage|p1a: Salamence|131/360|[from] Sandstorm","|-damage|p2a: Blissey|670/714|[from] Sandstorm","|-heal|p2a: Blissey|714/714|[from] item: Leftovers","|upkeep","|turn|14","||adding 10 for new turn","|","|t:|1752960513","|switch|p1a: Blissey|Blissey, F|652/652","|move|p2a: Blissey|Thunder Wave|p1a: Blissey","|-status|p1a: Blissey|par","|","|-weather|Sandstorm|[upkeep]","|-damage|p2a: Blissey|670/714|[from] Sandstorm","|-damage|p1a: Blissey|612/652 par|[from] Sandstorm","|-heal|p2a: Blissey|714/714|[from] item: Leftovers","|-heal|p1a: Blissey|652/652 par|[from] item: Leftovers","|upkeep","|turn|15","||adding 10 for new turn","|","|t:|1752960521","|move|p2a: Blissey|Aromatherapy|p2a: Blissey","|-cureteam|p2a: Blissey|[from] move: Aromatherapy","|move|p1a: Blissey|Wish|p1a: Blissey","|","|-weather|Sandstorm|[upkeep]","|-damage|p2a: Blissey|670/714|[from] Sandstorm","|-damage|p1a: Blissey|612/652 par|[from] Sandstorm","|-heal|p2a: Blissey|714/714|[from] item: Leftovers","|-heal|p1a: Blissey|652/652 par|[from] item: Leftovers","|upkeep","|turn|16","||adding 10 for new turn","|","|t:|1752960529","|-curestatus|p1a: Blissey|par|[from] ability: Natural Cure","|switch|p1a: Salamence|Salamence, M|131/360","|-ability|p1a: Salamence|Intimidate|boost","|-unboost|p2a: Blissey|atk|1","|move|p2a: Blissey|Thunder Wave|p1a: Salamence","|-status|p1a: Salamence|par","|","|-heal|p1a: Salamence|311/360 par|[from] move: Wish|[wisher] Blissey","|-weather|Sandstorm|[upkeep]","|-damage|p2a: Blissey|670/714|[from] Sandstorm","|-damage|p1a: Salamence|289/360 par|[from] Sandstorm","|-heal|p2a: Blissey|714/714|[from] item: Leftovers","|upkeep","|turn|17","||adding 10 for new turn","|","|t:|1752960536","|switch|p2a: Suicune|Suicune|401/401","|-ability|p2a: Suicune|Pressure|[silent]","|move|p1a: Salamence|Brick Break|p2a: Suicune","|-damage|p2a: Suicune|309/401","|","|-weather|Sandstorm|[upkeep]","|-damage|p2a: Suicune|284/401|[from] Sandstorm","|-damage|p1a: Salamence|267/360 par|[from] Sandstorm","|-heal|p2a: Suicune|309/401|[from] item: Leftovers","|upkeep","|turn|18","||adding 10 for new turn","|","|t:|1752960544","|switch|p1a: Blissey|Blissey, F|652/652","|move|p2a: Suicune|Calm Mind|p2a: Suicune","|-boost|p2a: Suicune|spa|1","|-boost|p2a: Suicune|spd|1","|","|-weather|Sandstorm|[upkeep]","|-damage|p2a: Suicune|284/401|[from] Sandstorm","|-damage|p1a: Blissey|612/652|[from] Sandstorm","|-heal|p2a: Suicune|309/401|[from] item: Leftovers","|-heal|p1a: Blissey|652/652|[from] item: Leftovers","|upkeep","|turn|19","||adding 10 for new turn","|","|t:|1752960552","|move|p2a: Suicune|Calm Mind|p2a: Suicune","|-boost|p2a: Suicune|spa|1","|-boost|p2a: Suicune|spd|1","|move|p1a: Blissey|Toxic|p2a: Suicune","|-status|p2a: Suicune|tox","|","|-weather|Sandstorm|[upkeep]","|-damage|p2a: Suicune|284/401 tox|[from] Sandstorm","|-damage|p1a: Blissey|612/652|[from] Sandstorm","|-heal|p2a: Suicune|309/401 tox|[from] item: Leftovers","|-damage|p2a: Suicune|284/401 tox|[from] psn","|-heal|p1a: Blissey|652/652|[from] item: Leftovers","|upkeep","|turn|20","||adding 10 for new turn","|","|t:|1752960559","|move|p2a: Suicune|Surf|p1a: Blissey","|-damage|p1a: Blissey|529/652","|move|p1a: Blissey|Wish|p1a: Blissey","|","|-weather|Sandstorm|[upkeep]","|-damage|p2a: Suicune|259/401 tox|[from] Sandstorm","|-damage|p1a: Blissey|489/652|[from] Sandstorm","|-heal|p2a: Suicune|284/401 tox|[from] item: Leftovers","|-damage|p2a: Suicune|234/401 tox|[from] psn","|-heal|p1a: Blissey|529/652|[from] item: Leftovers","|upkeep","|turn|21","||adding 10 for new turn","|","|t:|1752960564","|switch|p1a: Salamence|Salamence, M|267/360 par","|-ability|p1a: Salamence|Intimidate|boost","|-unboost|p2a: Suicune|atk|1","|move|p2a: Suicune|Rest|p2a: Suicune","|-status|p2a: Suicune|slp|[from] move: Rest","|-heal|p2a: Suicune|401/401 slp|[silent]","|","|-heal|p1a: Salamence|360/360 par|[from] move: Wish|[wisher] Blissey","|-weather|Sandstorm|[upkeep]","|-damage|p2a: Suicune|376/401 slp|[from] Sandstorm","|-damage|p1a: Salamence|338/360 par|[from] Sandstorm","|-heal|p2a: Suicune|401/401 slp|[from] item: Leftovers","|upkeep","|turn|22","||adding 10 for new turn","|","|t:|1752960568","|cant|p2a: Suicune|slp","|cant|p1a: Salamence|par","|","|-weather|Sandstorm|[upkeep]","|-damage|p2a: Suicune|376/401 slp|[from] Sandstorm","|-damage|p1a: Salamence|316/360 par|[from] Sandstorm","|-heal|p2a: Suicune|401/401 slp|[from] item: Leftovers","|upkeep","|turn|23","||adding 10 for new turn","|","|t:|1752960572","|switch|p1a: Blissey|Blissey, F|529/652","|cant|p2a: Suicune|slp","|","|-weather|Sandstorm|[upkeep]","|-damage|p2a: Suicune|376/401 slp|[from] Sandstorm","|-damage|p1a: Blissey|489/652|[from] Sandstorm","|-heal|p2a: Suicune|401/401 slp|[from] item: Leftovers","|-heal|p1a: Blissey|529/652|[from] item: Leftovers","|upkeep","|turn|24","||adding 10 for new turn","|","|t:|1752960576","|-curestatus|p2a: Suicune|slp|[msg]","|move|p2a: Suicune|Calm Mind|p2a: Suicune","|-boost|p2a: Suicune|spa|1","|-boost|p2a: Suicune|spd|1","|move|p1a: Blissey|Wish|p1a: Blissey","|","|-weather|Sandstorm|[upkeep]","|-damage|p2a: Suicune|376/401|[from] Sandstorm","|-damage|p1a: Blissey|489/652|[from] Sandstorm","|-heal|p2a: Suicune|401/401|[from] item: Leftovers","|-heal|p1a: Blissey|529/652|[from] item: Leftovers","|upkeep","|turn|25","||adding 10 for new turn","|","|t:|1752960580","|move|p2a: Suicune|Calm Mind|p2a: Suicune","|-boost|p2a: Suicune|spa|1","|-boost|p2a: Suicune|spd|1","|move|p1a: Blissey|Toxic|p2a: Suicune","|-status|p2a: Suicune|tox","|","|-heal|p1a: Blissey|652/652|[from] move: Wish|[wisher] Blissey","|-weather|Sandstorm|[upkeep]","|-damage|p2a: Suicune|376/401 tox|[from] Sandstorm","|-damage|p1a: Blissey|612/652|[from] Sandstorm","|-heal|p2a: Suicune|401/401 tox|[from] item: Leftovers","|-damage|p2a: Suicune|376/401 tox|[from] psn","|-heal|p1a: Blissey|652/652|[from] item: Leftovers","|upkeep","|turn|26","||adding 10 for new turn","|","|t:|1752960584","|move|p2a: Suicune|Surf|p1a: Blissey","|-damage|p1a: Blissey|444/652","|move|p1a: Blissey|Wish|p1a: Blissey","|","|-weather|Sandstorm|[upkeep]","|-damage|p2a: Suicune|351/401 tox|[from] Sandstorm","|-damage|p1a: Blissey|404/652|[from] Sandstorm","|-heal|p2a: Suicune|376/401 tox|[from] item: Leftovers","|-damage|p2a: Suicune|326/401 tox|[from] psn","|-heal|p1a: Blissey|444/652|[from] item: Leftovers","|upkeep","|turn|27","||adding 10 for new turn","|","|t:|1752960589","|move|p2a: Suicune|Surf|p1a: Blissey","|-damage|p1a: Blissey|234/652","|move|p1a: Blissey|Seismic Toss|p2a: Suicune","|-damage|p2a: Suicune|226/401 tox","|","|-heal|p1a: Blissey|560/652|[from] move: Wish|[wisher] Blissey","|-weather|Sandstorm|[upkeep]","|-damage|p2a: Suicune|201/401 tox|[from] Sandstorm","|-damage|p1a: Blissey|520/652|[from] Sandstorm","|-heal|p2a: Suicune|226/401 tox|[from] item: Leftovers","|-damage|p2a: Suicune|151/401 tox|[from] psn","|-heal|p1a: Blissey|560/652|[from] item: Leftovers","|upkeep","|turn|28","||adding 10 for new turn","|","|t:|1752960593","|move|p2a: Suicune|Rest|p2a: Suicune","|-status|p2a: Suicune|slp|[from] move: Rest","|-heal|p2a: Suicune|401/401 slp|[silent]","|move|p1a: Blissey|Seismic Toss|p2a: Suicune","|-damage|p2a: Suicune|301/401 slp","|","|-weather|Sandstorm|[upkeep]","|-damage|p2a: Suicune|276/401 slp|[from] Sandstorm","|-damage|p1a: Blissey|520/652|[from] Sandstorm","|-heal|p2a: Suicune|301/401 slp|[from] item: Leftovers","|-heal|p1a: Blissey|560/652|[from] item: Leftovers","|upkeep","|turn|29","||adding 10 for new turn","|","|t:|1752960597","|cant|p2a: Suicune|slp","|move|p1a: Blissey|Seismic Toss|p2a: Suicune","|-damage|p2a: Suicune|201/401 slp","|","|-weather|Sandstorm|[upkeep]","|-damage|p2a: Suicune|176/401 slp|[from] Sandstorm","|-damage|p1a: Blissey|520/652|[from] Sandstorm","|-heal|p2a: Suicune|201/401 slp|[from] item: Leftovers","|-heal|p1a: Blissey|560/652|[from] item: Leftovers","|upkeep","|turn|30","||adding 10 for new turn","|","|t:|1752960601","|cant|p2a: Suicune|slp","|move|p1a: Blissey|Wish|p1a: Blissey","|","|-weather|Sandstorm|[upkeep]","|-damage|p2a: Suicune|176/401 slp|[from] Sandstorm","|-damage|p1a: Blissey|520/652|[from] Sandstorm","|-heal|p2a: Suicune|201/401 slp|[from] item: Leftovers","|-heal|p1a: Blissey|560/652|[from] item: Leftovers","|upkeep","|turn|31","||adding 10 for new turn","|","|t:|1752960605","|-curestatus|p2a: Suicune|slp|[msg]","|move|p2a: Suicune|Ice Beam|p1a: Blissey","|-damage|p1a: Blissey|421/652","|move|p1a: Blissey|Seismic Toss|p2a: Suicune","|-damage|p2a: Suicune|101/401","|","|-heal|p1a: Blissey|652/652|[from] move: Wish|[wisher] Blissey","|-weather|Sandstorm|[upkeep]","|-damage|p2a: Suicune|76/401|[from] Sandstorm","|-damage|p1a: Blissey|612/652|[from] Sandstorm","|-heal|p2a: Suicune|101/401|[from] item: Leftovers","|-heal|p1a: Blissey|652/652|[from] item: Leftovers","|upkeep","|turn|32","||adding 10 for new turn","|","|t:|1752960609","|move|p2a: Suicune|Rest|p2a: Suicune","|-status|p2a: Suicune|slp|[from] move: Rest","|-heal|p2a: Suicune|401/401 slp|[silent]","|move|p1a: Blissey|Seismic Toss|p2a: Suicune","|-damage|p2a: Suicune|301/401 slp","|","|-weather|Sandstorm|[upkeep]","|-damage|p2a: Suicune|276/401 slp|[from] Sandstorm","|-damage|p1a: Blissey|612/652|[from] Sandstorm","|-heal|p2a: Suicune|301/401 slp|[from] item: Leftovers","|-heal|p1a: Blissey|652/652|[from] item: Leftovers","|upkeep","|turn|33","||adding 10 for new turn","|","|t:|1752960614","|cant|p2a: Suicune|slp","|move|p1a: Blissey|Seismic Toss|p2a: Suicune","|-damage|p2a: Suicune|201/401 slp","|","|-weather|Sandstorm|[upkeep]","|-damage|p2a: Suicune|176/401 slp|[from] Sandstorm","|-damage|p1a: Blissey|612/652|[from] Sandstorm","|-heal|p2a: Suicune|201/401 slp|[from] item: Leftovers","|-heal|p1a: Blissey|652/652|[from] item: Leftovers","|upkeep","|turn|34","||adding 10 for new turn","|","|t:|1752960618","|cant|p2a: Suicune|slp","|move|p1a: Blissey|Wish|p1a: Blissey","|","|-weather|Sandstorm|[upkeep]","|-damage|p2a: Suicune|176/401 slp|[from] Sandstorm","|-damage|p1a: Blissey|612/652|[from] Sandstorm","|-heal|p2a: Suicune|201/401 slp|[from] item: Leftovers","|-heal|p1a: Blissey|652/652|[from] item: Leftovers","|upkeep","|turn|35","||adding 10 for new turn","|","|t:|1752960622","|-curestatus|p2a: Suicune|slp|[msg]","|move|p2a: Suicune|Ice Beam|p1a: Blissey","|-damage|p1a: Blissey|512/652","|move|p1a: Blissey|Seismic Toss|p2a: Suicune","|-damage|p2a: Suicune|101/401","|","|-heal|p1a: Blissey|652/652|[from] move: Wish|[wisher] Blissey","|-weather|Sandstorm|[upkeep]","|-damage|p2a: Suicune|76/401|[from] Sandstorm","|-damage|p1a: Blissey|612/652|[from] Sandstorm","|-heal|p2a: Suicune|101/401|[from] item: Leftovers","|-heal|p1a: Blissey|652/652|[from] item: Leftovers","|upkeep","|turn|36","||adding 10 for new turn","|","|t:|1752960626","|move|p2a: Suicune|Rest|p2a: Suicune","|-status|p2a: Suicune|slp|[from] move: Rest","|-heal|p2a: Suicune|401/401 slp|[silent]","|move|p1a: Blissey|Seismic Toss|p2a: Suicune","|-damage|p2a: Suicune|301/401 slp","|","|-weather|Sandstorm|[upkeep]","|-damage|p2a: Suicune|276/401 slp|[from] Sandstorm","|-damage|p1a: Blissey|612/652|[from] Sandstorm","|-heal|p2a: Suicune|301/401 slp|[from] item: Leftovers","|-heal|p1a: Blissey|652/652|[from] item: Leftovers","|upkeep","|turn|37","||adding 10 for new turn","|","|t:|1752960630","|cant|p2a: Suicune|slp","|move|p1a: Blissey|Seismic Toss|p2a: Suicune","|-damage|p2a: Suicune|201/401 slp","|","|-weather|Sandstorm|[upkeep]","|-damage|p2a: Suicune|176/401 slp|[from] Sandstorm","|-damage|p1a: Blissey|612/652|[from] Sandstorm","|-heal|p2a: Suicune|201/401 slp|[from] item: Leftovers","|-heal|p1a: Blissey|652/652|[from] item: Leftovers","|upkeep","|turn|38","||adding 10 for new turn","|","|t:|1752960634","|cant|p2a: Suicune|slp","|move|p1a: Blissey|Wish|p1a: Blissey","|","|-weather|Sandstorm|[upkeep]","|-damage|p2a: Suicune|176/401 slp|[from] Sandstorm","|-damage|p1a: Blissey|612/652|[from] Sandstorm","|-heal|p2a: Suicune|201/401 slp|[from] item: Leftovers","|-heal|p1a: Blissey|652/652|[from] item: Leftovers","|upkeep","|turn|39","||adding 10 for new turn","|","|t:|1752960638","|-curestatus|p2a: Suicune|slp|[msg]","|move|p2a: Suicune|Ice Beam|p1a: Blissey","|-damage|p1a: Blissey|510/652","|-status|p1a: Blissey|frz","|cant|p1a: Blissey|frz","|","|-heal|p1a: Blissey|652/652 frz|[from] move: Wish|[wisher] Blissey","|-weather|Sandstorm|[upkeep]","|-damage|p2a: Suicune|176/401|[from] Sandstorm","|-damage|p1a: Blissey|612/652 frz|[from] Sandstorm","|-heal|p2a: Suicune|201/401|[from] item: Leftovers","|-heal|p1a: Blissey|652/652 frz|[from] item: Leftovers","|upkeep","|turn|40","||adding 10 for new turn","|","|t:|1752960643","|-curestatus|p1a: Blissey|frz|[from] ability: Natural Cure","|switch|p1a: Salamence|Salamence, M|316/360 par","|-ability|p1a: Salamence|Intimidate|boost","|-unboost|p2a: Suicune|atk|1","|move|p2a: Suicune|Surf|p1a: Salamence","|-resisted|p1a: Salamence","|-damage|p1a: Salamence|140/360 par","|","|-weather|Sandstorm|[upkeep]","|-damage|p2a: Suicune|176/401|[from] Sandstorm","|-damage|p1a: Salamence|118/360 par|[from] Sandstorm","|-heal|p2a: Suicune|201/401|[from] item: Leftovers","|upkeep","|turn|41","||adding 10 for new turn","|","|t:|1752960647","|switch|p1a: Blissey|Blissey, F|652/652","|move|p2a: Suicune|Surf|p1a: Blissey","|-damage|p1a: Blissey|452/652","|","|-weather|Sandstorm|[upkeep]","|-damage|p2a: Suicune|176/401|[from] Sandstorm","|-damage|p1a: Blissey|412/652|[from] Sandstorm","|-heal|p2a: Suicune|201/401|[from] item: Leftovers","|-heal|p1a: Blissey|452/652|[from] item: Leftovers","|upkeep","|turn|42","||adding 10 for new turn","|","|t:|1752960651","|move|p2a: Suicune|Ice Beam|p1a: Blissey","|-damage|p1a: Blissey|320/652","|move|p1a: Blissey|Wish|p1a: Blissey","|","|-weather|Sandstorm|[upkeep]","|-damage|p2a: Suicune|176/401|[from] Sandstorm","|-damage|p1a: Blissey|280/652|[from] Sandstorm","|-heal|p2a: Suicune|201/401|[from] item: Leftovers","|-heal|p1a: Blissey|320/652|[from] item: Leftovers","|upkeep","|turn|43","||adding 10 for new turn","|","|t:|1752960655","|move|p1a: Blissey|Protect|p1a: Blissey","|-singleturn|p1a: Blissey|Protect","|move|p2a: Suicune|Surf|p1a: Blissey","|-activate|p1a: Blissey|Protect","|","|-heal|p1a: Blissey|646/652|[from] move: Wish|[wisher] Blissey","|-weather|Sandstorm|[upkeep]","|-damage|p2a: Suicune|176/401|[from] Sandstorm","|-damage|p1a: Blissey|606/652|[from] Sandstorm","|-heal|p2a: Suicune|201/401|[from] item: Leftovers","|-heal|p1a: Blissey|646/652|[from] item: Leftovers","|upkeep","|turn|44","||adding 10 for new turn","|","|t:|1752960659","|move|p2a: Suicune|Surf|p1a: Blissey","|-damage|p1a: Blissey|438/652","|move|p1a: Blissey|Wish|p1a: Blissey","|","|-weather|Sandstorm|[upkeep]","|-damage|p2a: Suicune|176/401|[from] Sandstorm","|-damage|p1a: Blissey|398/652|[from] Sandstorm","|-heal|p2a: Suicune|201/401|[from] item: Leftovers","|-heal|p1a: Blissey|438/652|[from] item: Leftovers","|upkeep","|turn|45","||adding 10 for new turn","|","|t:|1752960663","|move|p2a: Suicune|Surf|p1a: Blissey","|-damage|p1a: Blissey|225/652","|move|p1a: Blissey|Seismic Toss|p2a: Suicune","|-damage|p2a: Suicune|101/401","|","|-heal|p1a: Blissey|551/652|[from] move: Wish|[wisher] Blissey","|-weather|Sandstorm|[upkeep]","|-damage|p2a: Suicune|76/401|[from] Sandstorm","|-damage|p1a: Blissey|511/652|[from] Sandstorm","|-heal|p2a: Suicune|101/401|[from] item: Leftovers","|-heal|p1a: Blissey|551/652|[from] item: Leftovers","|upkeep","|turn|46","||adding 10 for new turn","|","|t:|1752960667","|move|p2a: Suicune|Rest|p2a: Suicune","|-status|p2a: Suicune|slp|[from] move: Rest","|-heal|p2a: Suicune|401/401 slp|[silent]","|move|p1a: Blissey|Seismic Toss|p2a: Suicune","|-damage|p2a: Suicune|301/401 slp","|","|-weather|Sandstorm|[upkeep]","|-damage|p2a: Suicune|276/401 slp|[from] Sandstorm","|-damage|p1a: Blissey|511/652|[from] Sandstorm","|-heal|p2a: Suicune|301/401 slp|[from] item: Leftovers","|-heal|p1a: Blissey|551/652|[from] item: Leftovers","|upkeep","|turn|47","||adding 10 for new turn","|","|t:|1752960671","|cant|p2a: Suicune|slp","|move|p1a: Blissey|Seismic Toss|p2a: Suicune","|-damage|p2a: Suicune|201/401 slp","|","|-weather|Sandstorm|[upkeep]","|-damage|p2a: Suicune|176/401 slp|[from] Sandstorm","|-damage|p1a: Blissey|511/652|[from] Sandstorm","|-heal|p2a: Suicune|201/401 slp|[from] item: Leftovers","|-heal|p1a: Blissey|551/652|[from] item: Leftovers","|upkeep","|turn|48","||adding 10 for new turn","|","|t:|1752960676","|cant|p2a: Suicune|slp","|move|p1a: Blissey|Wish|p1a: Blissey","|","|-weather|Sandstorm|[upkeep]","|-damage|p2a: Suicune|176/401 slp|[from] Sandstorm","|-damage|p1a: Blissey|511/652|[from] Sandstorm","|-heal|p2a: Suicune|201/401 slp|[from] item: Leftovers","|-heal|p1a: Blissey|551/652|[from] item: Leftovers","|upkeep","|turn|49","||adding 10 for new turn","|","|t:|1752960680","|-curestatus|p2a: Suicune|slp|[msg]","|move|p2a: Suicune|Ice Beam|p1a: Blissey","|-damage|p1a: Blissey|422/652","|move|p1a: Blissey|Toxic|p2a: Suicune","|-status|p2a: Suicune|tox","|","|-heal|p1a: Blissey|652/652|[from] move: Wish|[wisher] Blissey","|-weather|Sandstorm|[upkeep]","|-damage|p2a: Suicune|176/401 tox|[from] Sandstorm","|-damage|p1a: Blissey|612/652|[from] Sandstorm","|-heal|p2a: Suicune|201/401 tox|[from] item: Leftovers","|-damage|p2a: Suicune|176/401 tox|[from] psn","|-heal|p1a: Blissey|652/652|[from] item: Leftovers","|upkeep","|turn|50","||adding 10 for new turn","|","|t:|1752960684","|move|p2a: Suicune|Rest|p2a: Suicune","|-status|p2a: Suicune|slp|[from] move: Rest","|-heal|p2a: Suicune|401/401 slp|[silent]","|move|p1a: Blissey|Wish|p1a: Blissey","|","|-weather|Sandstorm|[upkeep]","|-damage|p2a: Suicune|376/401 slp|[from] Sandstorm","|-damage|p1a: Blissey|612/652|[from] Sandstorm","|-heal|p2a: Suicune|401/401 slp|[from] item: Leftovers","|-heal|p1a: Blissey|652/652|[from] item: Leftovers","|upkeep","|turn|51","||adding 10 for new turn","|","|t:|1752960688","|switch|p1a: Salamence|Salamence, M|118/360 par","|-ability|p1a: Salamence|Intimidate|boost","|-unboost|p2a: Suicune|atk|1","|cant|p2a: Suicune|slp","|","|-heal|p1a: Salamence|298/360 par|[from] move: Wish|[wisher] Blissey","|-weather|Sandstorm|[upkeep]","|-damage|p2a: Suicune|376/401 slp|[from] Sandstorm","|-damage|p1a: Salamence|276/360 par|[from] Sandstorm","|-heal|p2a: Suicune|401/401 slp|[from] item: Leftovers","|upkeep","|turn|52","||adding 10 for new turn","|","|t:|1752960692","|switch|p1a: Blissey|Blissey, F|652/652","|cant|p2a: Suicune|slp","|","|-weather|Sandstorm|[upkeep]","|-damage|p2a: Suicune|376/401 slp|[from] Sandstorm","|-damage|p1a: Blissey|612/652|[from] Sandstorm","|-heal|p2a: Suicune|401/401 slp|[from] item: Leftovers","|-heal|p1a: Blissey|652/652|[from] item: Leftovers","|upkeep","|turn|53","||adding 10 for new turn","|","|t:|1752960696","|-curestatus|p2a: Suicune|slp|[msg]","|move|p2a: Suicune|Surf|p1a: Blissey","|-damage|p1a: Blissey|457/652","|move|p1a: Blissey|Wish|p1a: Blissey","|","|-weather|Sandstorm|[upkeep]","|-damage|p2a: Suicune|376/401|[from] Sandstorm","|-damage|p1a: Blissey|417/652|[from] Sandstorm","|-heal|p2a: Suicune|401/401|[from] item: Leftovers","|-heal|p1a: Blissey|457/652|[from] item: Leftovers","|upkeep","|turn|54","||adding 10 for new turn","|","|t:|1752960700","|move|p2a: Suicune|Surf|p1a: Blissey","|-damage|p1a: Blissey|272/652","|move|p1a: Blissey|Toxic|p2a: Suicune","|-status|p2a: Suicune|tox","|","|-heal|p1a: Blissey|598/652|[from] move: Wish|[wisher] Blissey","|-weather|Sandstorm|[upkeep]","|-damage|p2a: Suicune|376/401 tox|[from] Sandstorm","|-damage|p1a: Blissey|558/652|[from] Sandstorm","|-heal|p2a: Suicune|401/401 tox|[from] item: Leftovers","|-damage|p2a: Suicune|376/401 tox|[from] psn","|-heal|p1a: Blissey|598/652|[from] item: Leftovers","|upkeep","|turn|55","||adding 10 for new turn","|","|t:|1752960704","|move|p2a: Suicune|Rest|p2a: Suicune","|-status|p2a: Suicune|slp|[from] move: Rest","|-heal|p2a: Suicune|401/401 slp|[silent]","|move|p1a: Blissey|Wish|p1a: Blissey","|","|-weather|Sandstorm|[upkeep]","|-damage|p2a: Suicune|376/401 slp|[from] Sandstorm","|-damage|p1a: Blissey|558/652|[from] Sandstorm","|-heal|p2a: Suicune|401/401 slp|[from] item: Leftovers","|-heal|p1a: Blissey|598/652|[from] item: Leftovers","|upkeep","|turn|56","||adding 10 for new turn","|","|t:|1752960709","|switch|p1a: Tyranitar|Tyranitar, F|185/401","|cant|p2a: Suicune|slp","|","|-heal|p1a: Tyranitar|385/401|[from] move: Wish|[wisher] Blissey","|-weather|Sandstorm|[upkeep]","|-damage|p2a: Suicune|376/401 slp|[from] Sandstorm","|-heal|p2a: Suicune|401/401 slp|[from] item: Leftovers","|-heal|p1a: Tyranitar|401/401|[from] item: Leftovers","|upkeep","|turn|57","||adding 10 for new turn","|","|t:|1752960716","|switch|p1a: Blissey|Blissey, F|598/652","|cant|p2a: Suicune|slp","|","|-weather|Sandstorm|[upkeep]","|-damage|p2a: Suicune|376/401 slp|[from] Sandstorm","|-damage|p1a: Blissey|558/652|[from] Sandstorm","|-heal|p2a: Suicune|401/401 slp|[from] item: Leftovers","|-heal|p1a: Blissey|598/652|[from] item: Leftovers","|upkeep","|turn|58","||adding 10 for new turn","|","|t:|1752960720","|-curestatus|p2a: Suicune|slp|[msg]","|move|p2a: Suicune|Ice Beam|p1a: Blissey","|-damage|p1a: Blissey|465/652","|move|p1a: Blissey|Wish|p1a: Blissey","|","|-weather|Sandstorm|[upkeep]","|-damage|p2a: Suicune|376/401|[from] Sandstorm","|-damage|p1a: Blissey|425/652|[from] Sandstorm","|-heal|p2a: Suicune|401/401|[from] item: Leftovers","|-heal|p1a: Blissey|465/652|[from] item: Leftovers","|upkeep","|turn|59","||adding 10 for new turn","|","|t:|1752960724","|move|p2a: Suicune|Rest|p2a: Suicune","|-fail|p2a: Suicune|heal","|move|p1a: Blissey|Toxic|p2a: Suicune","|-status|p2a: Suicune|tox","|","|-heal|p1a: Blissey|652/652|[from] move: Wish|[wisher] Blissey","|-weather|Sandstorm|[upkeep]","|-damage|p2a: Suicune|376/401 tox|[from] Sandstorm","|-damage|p1a: Blissey|612/652|[from] Sandstorm","|-heal|p2a: Suicune|401/401 tox|[from] item: Leftovers","|-damage|p2a: Suicune|376/401 tox|[from] psn","|-heal|p1a: Blissey|652/652|[from] item: Leftovers","|upkeep","|turn|60","||adding 10 for new turn","|","|t:|1752960728","|move|p2a: Suicune|Rest|p2a: Suicune","|-status|p2a: Suicune|slp|[from] move: Rest","|-heal|p2a: Suicune|401/401 slp|[silent]","|move|p1a: Blissey|Seismic Toss|p2a: Suicune","|-damage|p2a: Suicune|301/401 slp","|","|-weather|Sandstorm|[upkeep]","|-damage|p2a: Suicune|276/401 slp|[from] Sandstorm","|-damage|p1a: Blissey|612/652|[from] Sandstorm","|-heal|p2a: Suicune|301/401 slp|[from] item: Leftovers","|-heal|p1a: Blissey|652/652|[from] item: Leftovers","|upkeep","|turn|61","||adding 10 for new turn","|","|t:|1752960733","|switch|p2a: Dugtrio|Dugtrio, F|235/235","|move|p1a: Blissey|Seismic Toss|p2a: Dugtrio","|-damage|p2a: Dugtrio|135/235","|","|-weather|Sandstorm|[upkeep]","|-damage|p1a: Blissey|612/652|[from] Sandstorm","|-heal|p1a: Blissey|652/652|[from] item: Leftovers","|upkeep","|turn|62","||adding 10 for new turn","|","|t:|1752960740","|switch|p2a: Blissey|Blissey, F|714/714","|move|p1a: Blissey|Seismic Toss|p2a: Blissey","|-damage|p2a: Blissey|614/714","|","|-weather|Sandstorm|[upkeep]","|-damage|p2a: Blissey|570/714|[from] Sandstorm","|-damage|p1a: Blissey|612/652|[from] Sandstorm","|-heal|p2a: Blissey|614/714|[from] item: Leftovers","|-heal|p1a: Blissey|652/652|[from] item: Leftovers","|upkeep","|turn|63","||adding 10 for new turn","|","|t:|1752960748","|move|p2a: Blissey|Aromatherapy|p2a: Blissey","|-cureteam|p2a: Blissey|[from] move: Aromatherapy","|move|p1a: Blissey|Wish|p1a: Blissey","|","|-weather|Sandstorm|[upkeep]","|-damage|p2a: Blissey|570/714|[from] Sandstorm","|-damage|p1a: Blissey|612/652|[from] Sandstorm","|-heal|p2a: Blissey|614/714|[from] item: Leftovers","|-heal|p1a: Blissey|652/652|[from] item: Leftovers","|upkeep","|turn|64","||adding 10 for new turn","|","|t:|1752960756","|move|p2a: Blissey|Soft-Boiled|p2a: Blissey","|-heal|p2a: Blissey|714/714","|move|p1a: Blissey|Toxic|p2a: Blissey|[miss]","|-miss|p1a: Blissey|p2a: Blissey","|","|-weather|Sandstorm|[upkeep]","|-damage|p2a: Blissey|670/714|[from] Sandstorm","|-damage|p1a: Blissey|612/652|[from] Sandstorm","|-heal|p2a: Blissey|714/714|[from] item: Leftovers","|-heal|p1a: Blissey|652/652|[from] item: Leftovers","|upkeep","|turn|65","||adding 10 for new turn","|","|t:|1752960760","|switch|p2a: Suicune|Suicune|301/401","|-ability|p2a: Suicune|Pressure|[silent]","|move|p1a: Blissey|Toxic|p2a: Suicune|[miss]","|-miss|p1a: Blissey|p2a: Suicune","|","|-weather|Sandstorm|[upkeep]","|-damage|p2a: Suicune|276/401|[from] Sandstorm","|-damage|p1a: Blissey|612/652|[from] Sandstorm","|-heal|p2a: Suicune|301/401|[from] item: Leftovers","|-heal|p1a: Blissey|652/652|[from] item: Leftovers","|upkeep","|turn|66","||adding 10 for new turn","|","|t:|1752960764","|move|p2a: Suicune|Calm Mind|p2a: Suicune","|-boost|p2a: Suicune|spa|1","|-boost|p2a: Suicune|spd|1","|move|p1a: Blissey|Toxic|p2a: Suicune","|-status|p2a: Suicune|tox","|","|-weather|Sandstorm|[upkeep]","|-damage|p2a: Suicune|276/401 tox|[from] Sandstorm","|-damage|p1a: Blissey|612/652|[from] Sandstorm","|-heal|p2a: Suicune|301/401 tox|[from] item: Leftovers","|-damage|p2a: Suicune|276/401 tox|[from] psn","|-heal|p1a: Blissey|652/652|[from] item: Leftovers","|upkeep","|turn|67","||adding 10 for new turn","|","|t:|1752960768","|move|p2a: Suicune|Calm Mind|p2a: Suicune","|-boost|p2a: Suicune|spa|1","|-boost|p2a: Suicune|spd|1","|move|p1a: Blissey|Wish|p1a: Blissey","|","|-weather|Sandstorm|[upkeep]","|-damage|p2a: Suicune|251/401 tox|[from] Sandstorm","|-damage|p1a: Blissey|612/652|[from] Sandstorm","|-heal|p2a: Suicune|276/401 tox|[from] item: Leftovers","|-damage|p2a: Suicune|226/401 tox|[from] psn","|-heal|p1a: Blissey|652/652|[from] item: Leftovers","|upkeep","|turn|68","||adding 10 for new turn","|","|t:|1752960772","|switch|p1a: Salamence|Salamence, M|276/360 par","|-ability|p1a: Salamence|Intimidate|boost","|-unboost|p2a: Suicune|atk|1","|move|p2a: Suicune|Ice Beam|p1a: Salamence","|-supereffective|p1a: Salamence","|-damage|p1a: Salamence|0 fnt","|faint|p1a: Salamence","||adding 5 to each for mid turn request","|","|t:|1752960776","|switch|p1a: Blissey|Blissey, F|652/652","|","|-weather|Sandstorm|[upkeep]","|-damage|p2a: Suicune|201/401 tox|[from] Sandstorm","|-damage|p1a: Blissey|612/652|[from] Sandstorm","|-heal|p2a: Suicune|226/401 tox|[from] item: Leftovers","|-damage|p2a: Suicune|151/401 tox|[from] psn","|-heal|p1a: Blissey|652/652|[from] item: Leftovers","|upkeep","|turn|69","||adding 10 for new turn","|","|t:|1752960781","|move|p2a: Suicune|Rest|p2a: Suicune","|-status|p2a: Suicune|slp|[from] move: Rest","|-heal|p2a: Suicune|401/401 slp|[silent]","|move|p1a: Blissey|Seismic Toss|p2a: Suicune","|-damage|p2a: Suicune|301/401 slp","|","|-weather|Sandstorm|[upkeep]","|-damage|p2a: Suicune|276/401 slp|[from] Sandstorm","|-damage|p1a: Blissey|612/652|[from] Sandstorm","|-heal|p2a: Suicune|301/401 slp|[from] item: Leftovers","|-heal|p1a: Blissey|652/652|[from] item: Leftovers","|upkeep","|turn|70","||adding 10 for new turn","|","|t:|1752960785","|switch|p1a: Magneton|Magneton|242/242","|cant|p2a: Suicune|slp","|","|-weather|Sandstorm|[upkeep]","|-damage|p2a: Suicune|276/401 slp|[from] Sandstorm","|-heal|p2a: Suicune|301/401 slp|[from] item: Leftovers","|upkeep","|turn|71","||adding 10 for new turn","|","|t:|1752960792","|move|p1a: Magneton|Thunderbolt|p2a: Suicune","|-supereffective|p2a: Suicune","|-damage|p2a: Suicune|119/401 slp","|cant|p2a: Suicune|slp","|","|-weather|Sandstorm|[upkeep]","|-damage|p2a: Suicune|94/401 slp|[from] Sandstorm","|-heal|p2a: Suicune|119/401 slp|[from] item: Leftovers","|upkeep","|turn|72","||adding 10 for new turn","|","|t:|1752960800","|switch|p1a: Blissey|Blissey, F|652/652","|-curestatus|p2a: Suicune|slp|[msg]","|move|p2a: Suicune|Surf|p1a: Blissey","|-damage|p1a: Blissey|518/652","|","|-weather|Sandstorm|[upkeep]","|-damage|p2a: Suicune|94/401|[from] Sandstorm","|-damage|p1a: Blissey|478/652|[from] Sandstorm","|-heal|p2a: Suicune|119/401|[from] item: Leftovers","|-heal|p1a: Blissey|518/652|[from] item: Leftovers","|upkeep","|turn|73","||adding 10 for new turn","|","|t:|1752960804","|move|p1a: Blissey|Protect|p1a: Blissey","|-singleturn|p1a: Blissey|Protect","|move|p2a: Suicune|Surf|p1a: Blissey","|-activate|p1a: Blissey|Protect","|","|-weather|Sandstorm|[upkeep]","|-damage|p2a: Suicune|94/401|[from] Sandstorm","|-damage|p1a: Blissey|478/652|[from] Sandstorm","|-heal|p2a: Suicune|119/401|[from] item: Leftovers","|-heal|p1a: Blissey|518/652|[from] item: Leftovers","|upkeep","|turn|74","||adding 10 for new turn","|","|t:|1752960809","|move|p1a: Blissey|Protect|p1a: Blissey","|-singleturn|p1a: Blissey|Protect","|move|p2a: Suicune|Calm Mind|p2a: Suicune","|-boost|p2a: Suicune|spa|1","|-boost|p2a: Suicune|spd|1","|","|-weather|Sandstorm|[upkeep]","|-damage|p2a: Suicune|94/401|[from] Sandstorm","|-damage|p1a: Blissey|478/652|[from] Sandstorm","|-heal|p2a: Suicune|119/401|[from] item: Leftovers","|-heal|p1a: Blissey|518/652|[from] item: Leftovers","|upkeep","|turn|75","||adding 10 for new turn","|","|t:|1752960813","|move|p1a: Blissey|Protect|p1a: Blissey","|-singleturn|p1a: Blissey|Protect","|move|p2a: Suicune|Surf|p1a: Blissey","|-activate|p1a: Blissey|Protect","|","|-weather|Sandstorm|[upkeep]","|-damage|p2a: Suicune|94/401|[from] Sandstorm","|-damage|p1a: Blissey|478/652|[from] Sandstorm","|-heal|p2a: Suicune|119/401|[from] item: Leftovers","|-heal|p1a: Blissey|518/652|[from] item: Leftovers","|upkeep","|turn|76","||adding 10 for new turn","|","|t:|1752960817","|move|p1a: Blissey|Protect||[still]","|-fail|p1a: Blissey","|move|p2a: Suicune|Surf|p1a: Blissey","|-crit|p1a: Blissey","|-damage|p1a: Blissey|200/652","|","|-weather|Sandstorm|[upkeep]","|-damage|p2a: Suicune|94/401|[from] Sandstorm","|-damage|p1a: Blissey|160/652|[from] Sandstorm","|-heal|p2a: Suicune|119/401|[from] item: Leftovers","|-heal|p1a: Blissey|200/652|[from] item: Leftovers","|upkeep","|turn|77","||adding 10 for new turn","|","|t:|1752960821","|move|p1a: Blissey|Protect|p1a: Blissey","|-singleturn|p1a: Blissey|Protect","|move|p2a: Suicune|Surf|p1a: Blissey","|-activate|p1a: Blissey|Protect","|","|-weather|Sandstorm|[upkeep]","|-damage|p2a: Suicune|94/401|[from] Sandstorm","|-damage|p1a: Blissey|160/652|[from] Sandstorm","|-heal|p2a: Suicune|119/401|[from] item: Leftovers","|-heal|p1a: Blissey|200/652|[from] item: Leftovers","|upkeep","|turn|78","||adding 10 for new turn","|","|t:|1752960825","|switch|p1a: Swampert|Swampert, M|404/404","|move|p2a: Suicune|Surf|p1a: Swampert","|-damage|p1a: Swampert|169/404","|","|-weather|Sandstorm|[upkeep]","|-damage|p2a: Suicune|94/401|[from] Sandstorm","|-heal|p2a: Suicune|119/401|[from] item: Leftovers","|-heal|p1a: Swampert|194/404|[from] item: Leftovers","|upkeep","|turn|79","||adding 10 for new turn","|","|t:|1752960833","|move|p1a: Swampert|Protect|p1a: Swampert","|-singleturn|p1a: Swampert|Protect","|move|p2a: Suicune|Surf|p1a: Swampert","|-activate|p1a: Swampert|Protect","|","|-weather|Sandstorm|[upkeep]","|-damage|p2a: Suicune|94/401|[from] Sandstorm","|-heal|p2a: Suicune|119/401|[from] item: Leftovers","|-heal|p1a: Swampert|219/404|[from] item: Leftovers","|upkeep","|turn|80","||adding 10 for new turn","|","|t:|1752960841","|move|p1a: Swampert|Protect||[still]","|-fail|p1a: Swampert","|move|p2a: Suicune|Surf|p1a: Swampert","|-damage|p1a: Swampert|0 fnt","|faint|p1a: Swampert","||adding 5 to each for mid turn request","|","|t:|1752960845","|switch|p1a: Blissey|Blissey, F|200/652","|","|-weather|Sandstorm|[upkeep]","|-damage|p2a: Suicune|94/401|[from] Sandstorm","|-damage|p1a: Blissey|160/652|[from] Sandstorm","|-heal|p2a: Suicune|119/401|[from] item: Leftovers","|-heal|p1a: Blissey|200/652|[from] item: Leftovers","|upkeep","|turn|81","||adding 10 for new turn","|","|t:|1752960849","|move|p1a: Blissey|Protect|p1a: Blissey","|-singleturn|p1a: Blissey|Protect","|move|p2a: Suicune|Surf|p1a: Blissey","|-activate|p1a: Blissey|Protect","|","|-weather|Sandstorm|[upkeep]","|-damage|p2a: Suicune|94/401|[from] Sandstorm","|-damage|p1a: Blissey|160/652|[from] Sandstorm","|-heal|p2a: Suicune|119/401|[from] item: Leftovers","|-heal|p1a: Blissey|200/652|[from] item: Leftovers","|upkeep","|turn|82","||adding 10 for new turn","|","|t:|1752960853","|move|p1a: Blissey|Protect||[still]","|-fail|p1a: Blissey","|move|p2a: Suicune|Surf|p1a: Blissey","|-damage|p1a: Blissey|25/652","|","|-weather|Sandstorm|[upkeep]","|-damage|p2a: Suicune|94/401|[from] Sandstorm","|-damage|p1a: Blissey|0 fnt|[from] Sandstorm","|faint|p1a: Blissey","|-heal|p2a: Suicune|119/401|[from] item: Leftovers","|upkeep","||adding 5 to each for mid turn request","|","|t:|1752960856","|switch|p1a: Magneton|Magneton|242/242","|turn|83","||adding 10 for new turn","|","|t:|1752960863","|move|p1a: Magneton|Thunderbolt|p2a: Suicune","|-supereffective|p2a: Suicune","|-damage|p2a: Suicune|0 fnt","|faint|p2a: Suicune","||adding 5 to each for mid turn request","|","|t:|1752960870","|switch|p2a: Dugtrio|Dugtrio, F|135/235","|","|-weather|Sandstorm|[upkeep]","|upkeep","|turn|84","||adding 10 for new turn","|","|t:|1752960877","|move|p1a: Magneton|Protect|p1a: Magneton","|-singleturn|p1a: Magneton|Protect","|move|p2a: Dugtrio|Earthquake|p1a: Magneton","|-activate|p1a: Magneton|Protect","|","|-weather|Sandstorm|[upkeep]","|upkeep","|turn|85","||adding 10 for new turn","|","|t:|1752960884","|move|p1a: Magneton|Protect||[still]","|-fail|p1a: Magneton","|move|p2a: Dugtrio|Earthquake|p1a: Magneton","|-supereffective|p1a: Magneton","|-crit|p1a: Magneton","|-damage|p1a: Magneton|0 fnt","|faint|p1a: Magneton","||adding 5 to each for mid turn request","|","|t:|1752960891","|switch|p1a: Tyranitar|Tyranitar, F|401/401","|","|-weather|Sandstorm|[upkeep]","|upkeep","|turn|86","||adding 10 for new turn","|","|t:|1752960897","|move|p2a: Dugtrio|Earthquake|p1a: Tyranitar","|-supereffective|p1a: Tyranitar","|-damage|p1a: Tyranitar|50/401","|move|p1a: Tyranitar|Crunch|p2a: Dugtrio","|-damage|p2a: Dugtrio|0 fnt","|faint|p2a: Dugtrio","||adding 5 to each for mid turn request","|","|t:|1752960904","|switch|p2a: Claydol|Claydol|324/324","|","|-weather|Sandstorm|[upkeep]","|-heal|p1a: Tyranitar|75/401|[from] item: Leftovers","|upkeep","|turn|87","||adding 10 for new turn","|","|t:|1752960911","|move|p2a: Claydol|Earthquake|p1a: Tyranitar","|-supereffective|p1a: Tyranitar","|-damage|p1a: Tyranitar|0 fnt","|faint|p1a: Tyranitar","|","|win|foultestacceptor1",""],"p1rating":null,"p2rating":null,"endType":"normal","ladderError":true,"timestamp":"Sat Jul 19 2025 14:35:11 GMT-0700 (アメリカ太平洋夏時間)","roomid":"battle-gen3ou-991","format":"gen3ou"}