{"winner":"foultestchallenge1","seed":"sodium,738e1df6be8bb1067fd81d10c777a41e","turns":188,"p1":"foultestchallenge1","p2":"foultestacceptor1","p1team":[{"name":"Dugtrio","species":"Dugtrio","item":"Choice Band","ability":"Arena Trap","moves":["Earthquake","Hidden Power Bug","Aerial Ace","Sunny Day"],"nature":"Adamant","evs":{"hp":96,"atk":168,"def":20,"spa":0,"spd":0,"spe":224},"gender":"M","ivs":{"hp":31,"atk":30,"def":30,"spa":31,"spd":30,"spe":31},"happiness":255,"hpType":"Bug","pokeball":"","gigantamax":false,"dynamaxLevel":10,"teraType":"","level":100},{"name":"Forretress","species":"Forretress","item":"Leftovers","ability":"Sturdy","moves":["Spikes","Zap Cannon","Explosion","Hidden Power Bug"],"nature":"Careful","evs":{"hp":252,"atk":0,"def":4,"spa":0,"spd":252,"spe":0},"gender":"F","ivs":{"hp":31,"atk":30,"def":30,"spa":31,"spd":30,"spe":31},"happiness":255,"hpType":"Bug","pokeball":"","gigantamax":false,"dynamaxLevel":10,"teraType":"","level":100},{"name":"Snorlax","species":"Snorlax","item":"Leftovers","ability":"Immunity","moves":["Return","Curse","Rest","Shadow Ball"],"nature":"Careful","evs":{"hp":144,"atk":96,"def":132,"spa":0,"spd":136,"spe":0},"gender":"F","level":100,"ivs":{"hp":31,"atk":31,"def":31,"spa":31,"spd":31,"spe":31}},{"name":"Suicune","species":"Suicune","item":"Leftovers","ability":"Pressure","moves":["Calm Mind","Rest","Ice Beam","Surf"],"nature":"Bold","evs":{"hp":240,"atk":0,"def":252,"spa":0,"spd":0,"spe":16},"gender":"N","ivs":{"hp":31,"atk":0,"def":31,"spa":31,"spd":31,"spe":31},"level":100},{"name":"Claydol","species":"Claydol","item":"Leftovers","ability":"Levitate","moves":["Earthquake","Psychic","Rapid Spin","Rest"],"nature":"Lonely","evs":{"hp":252,"atk":224,"def":0,"spa":24,"spd":0,"spe":8},"gender":"N","level":100,"ivs":{"hp":31,"atk":31,"def":31,"spa":31,"spd":31,"spe":31}},{"name":"Blissey","species":"Blissey","item":"Leftovers","ability":"Natural Cure","moves":["Soft-Boiled","Seismic Toss","Thunder Wave","Aromatherapy"],"nature":"Bold","evs":{"hp":252,"atk":0,"def":252,"spa":0,"spd":0,"spe":4},"gender":"F","ivs":{"hp":31,"atk":0,"def":31,"spa":31,"spd":31,"spe":31},"level":100}],"p2team":[{"name":"Zapdos","species":"Zapdos","item":"Leftovers","ability":"Pressure","moves":["Thunderbolt","Hidden Power Grass","Baton Pass","Roar"],"nature":"Modest","evs":{"hp":0,"atk":0,"def":0,"spa":220,"spd":48,"spe":240},"gender":"N","ivs":{"hp":31,"atk":2,"def":31,"spa":30,"spd":31,"spe":31},"happiness":255,"hpType":"Grass","pokeball":"","gigantamax":false,"dynamaxLevel":10,"teraType":"","level":100},{"name":"Metagross","species":"Metagross","item":"Choice Band","ability":"Clear Body","moves":["Meteor Mash","Explosion","Earthquake","Rock Slide"],"nature":"Adamant","evs":{"hp":128,"atk":252,"def":0,"spa":0,"spd":0,"spe":128},"gender":"N","level":100,"ivs":{"hp":31,"atk":31,"def":31,"spa":31,"spd":31,"spe":31}},{"name":"Celebi","species":"Celebi","item":"Leftovers","ability":"Natural Cure","moves":["Calm Mind","Giga Drain","Hidden Power Ice","Baton Pass"],"nature":"Timid","evs":{"hp":208,"atk":0,"def":84,"spa":36,"spd":0,"spe":180},"gender":"N","ivs":{"hp":31,"atk":3,"def":31,"spa":31,"spd":31,"spe":30},"happiness":255,"hpType":"Ice","pokeball":"","gigantamax":false,"dynamaxLevel":10,"teraType":"","level":100},{"name":"Gengar","species":"Gengar","item":"Leftovers","ability":"Levitate","moves":["Thunderbolt","Ice Punch","Giga Drain","Explosion"],"nature":"Timid","evs":{"hp":8,"atk":0,"def":200,"spa":116,"spd":0,"spe":184},"gender":"M","level":100,"ivs":{"hp":31,"atk":31,"def":31,"spa":31,"spd":31,"spe":31}},{"name":"Swampert","species":"Swampert","item":"Leftovers","ability":"Torrent","moves":["Hydro Pump","Earthquake","Ice Beam","Refresh"],"nature":"Quiet","evs":{"hp":240,"atk":0,"def":12,"spa":216,"spd":0,"spe":40},"gender":"M","level":100,"ivs":{"hp":31,"atk":31,"def":31,"spa":31,"spd":31,"spe":31}},{"name":"Charizard","species":"Charizard","item":"Leftovers","ability":"Blaze","moves":["Substitute","Hidden Power Grass","Fire Blast","Focus Punch"],"nature":"Mild","evs":{"hp":0,"atk":4,"def":0,"spa":252,"spd":0,"spe":252},"gender":"F","ivs":{"hp":31,"atk":30,"def":31,"spa":30,"spd":31,"spe":31},"happiness":255,"hpType":"Grass","pokeball":"","gigantamax":false,"dynamaxLevel":10,"teraType":"","level":100}],"score":[2,0],"inputLog":[">version 372d05e49c92a79eecdf6c8dddb208bd1765c00f",">start {\"formatid\":\"gen3ou\",\"seed\":\"sodium,738e1df6be8bb1067fd81d10c777a41e\"}",">player p1 {\"name\":\"foultestchallenge1\",\"avatar\":\"266\",\"team\":\"Dugtrio||ChoiceBand|ArenaTrap|Earthquake,HiddenPowerBug,AerialAce,SunnyDay|Adamant|96,168,20,,,224|M|,30,30,,30,|||,Bug,,,,]Forretress||Leftovers|Sturdy|Spikes,ZapCannon,Explosion,HiddenPowerBug|Careful|252,,4,,252,|F|,30,30,,30,|||,Bug,,,,]Snorlax||Leftovers|Immunity|Return,Curse,Rest,ShadowBall|Careful|144,96,132,,136,|F||||]Suicune||Leftovers|Pressure|CalmMind,Rest,IceBeam,Surf|Bold|240,,252,,,16|N|,0,,,,|||]Claydol||Leftovers|Levitate|Earthquake,Psychic,RapidSpin,Rest|Lonely|252,224,,24,,8|N||||]Blissey||Leftovers|NaturalCure|SoftBoiled,SeismicToss,ThunderWave,Aromatherapy|Bold|252,,252,,,4|F|,0,,,,|||\",\"rating\":0}",">player p2 {\"name\":\"foultestacceptor1\",\"avatar\":\"266\",\"team\":\"Zapdos||Leftovers|Pressure|Thunderbolt,HiddenPowerGrass,BatonPass,Roar|Modest|,,,220,48,240|N|,2,,30,,|||,Grass,,,,]Metagross||ChoiceBand|ClearBody|MeteorMash,Explosion,Earthquake,RockSlide|Adamant|128,252,,,,128|N||||]Celebi||Leftovers|NaturalCure|CalmMind,GigaDrain,HiddenPowerIce,BatonPass|Timid|208,,84,36,,180|N|,3,,,,30|||,Ice,,,,]Gengar||Leftovers|Levitate|Thunderbolt,IcePunch,GigaDrain,Explosion|Timid|8,,200,116,,184|M||||]Swampert||Leftovers|Torrent|HydroPump,Earthquake,IceBeam,Refresh|Quiet|240,,12,216,,40|M||||]Charizard||Leftovers|Blaze|Substitute,HiddenPowerGrass,FireBlast,FocusPunch|Mild|,4,,252,,252|F|,30,,30,,|||,Grass,,,,\",\"rating\":0}",">p1 switch 3",">p2 move hiddenpower",">p1 move return",">p2 move thunderbolt",">p1 move return",">p2 switch 2",">p1 switch 4",">p2 move meteormash",">p1 move calmmind",">p2 move meteormash",">p1 move surf",">p2 switch 3",">p1 move icebeam",">p2 move calmmind",">p1 move icebeam",">p2 move calmmind",">p1 move icebeam",">p2 switch 3",">p1 move surf",">p2 move explosion",">p1 switch 4",">p2 switch 5",">p1 move return",">p2 move earthquake",">p1 move return",">p2 move earthquake",">p1 move return",">p2 move earthquake",">p1 switch 6",">p2 move icebeam",">p1 move seismictoss",">p2 move earthquake",">p2 switch 6",">p1 move thunderwave",">p2 move focuspunch",">p1 move softboiled",">p2 move focuspunch",">p1 move softboiled",">p2 move focuspunch",">p1 move softboiled",">p2 move focuspunch",">p1 move softboiled",">p2 move focuspunch",">p1 move softboiled",">p2 move focuspunch",">p1 move softboiled",">p2 move focuspunch",">p1 move softboiled",">p2 move focuspunch",">p1 move softboiled",">p2 move focuspunch",">p1 move seismictoss",">p2 move focuspunch",">p1 move seismictoss",">p2 move focuspunch",">p1 move seismictoss",">p2 move focuspunch",">p1 move seismictoss",">p2 switch 4",">p1 move thunderwave",">p2 move icepunch",">p1 move seismictoss",">p2 move thunderbolt",">p1 move seismictoss",">p2 move icepunch",">p1 move seismictoss",">p2 move icepunch",">p1 move seismictoss",">p2 move icepunch",">p1 move seismictoss",">p2 move icepunch",">p1 move seismictoss",">p2 move icepunch",">p1 move seismictoss",">p2 move icepunch",">p1 move seismictoss",">p2 move thunderbolt",">p1 move seismictoss",">p2 move thunderbolt",">p1 move seismictoss",">p2 move icepunch",">p1 move seismictoss",">p2 move thunderbolt",">p1 move seismictoss",">p2 move icepunch",">p1 move seismictoss",">p2 move icepunch",">p1 move seismictoss",">p2 move icepunch",">p1 move seismictoss",">p2 move icepunch",">p1 move seismictoss",">p2 move thunderbolt",">p1 move seismictoss",">p2 move icepunch",">p1 move seismictoss",">p2 move icepunch",">p1 move seismictoss",">p2 move icepunch",">p1 move seismictoss",">p2 move icepunch",">p1 move seismictoss",">p2 move icepunch",">p1 move seismictoss",">p2 move thunderbolt",">p1 move seismictoss",">p2 move icepunch",">p1 move seismictoss",">p2 move icepunch",">p1 move seismictoss",">p2 move icepunch",">p1 move seismictoss",">p2 move thunderbolt",">p1 move seismictoss",">p2 move thunderbolt",">p1 move seismictoss",">p2 move icepunch",">p1 move seismictoss",">p2 move icepunch",">p1 move seismictoss",">p2 move icepunch",">p1 move seismictoss",">p2 move icepunch",">p1 move seismictoss",">p2 move icepunch",">p1 move seismictoss",">p2 move thunderbolt",">p1 move seismictoss",">p2 move thunderbolt",">p1 move seismictoss",">p2 move icepunch",">p1 move seismictoss",">p2 move thunderbolt",">p1 move seismictoss",">p2 move thunderbolt",">p1 move seismictoss",">p2 move thunderbolt",">p1 move softboiled",">p2 move thunderbolt",">p1 move seismictoss",">p2 move icepunch",">p1 move thunderwave",">p2 move icepunch",">p1 move thunderwave",">p2 move thunderbolt",">p1 switch 6",">p2 move icepunch",">p1 switch 5",">p1 move psychic",">p2 switch 3",">p1 switch 2",">p2 move gigadrain",">p1 move hiddenpower",">p2 move calmmind",">p2 switch 4",">p1 move zapcannon",">p2 move fireblast",">p1 switch 2",">p1 move psychic",">p2 move fireblast",">p2 switch 2",">p1 move psychic",">p2 move hiddenpower",">p1 switch 6",">p2 move hiddenpower",">p1 move thunderwave",">p2 switch 3",">p1 move thunderwave",">p2 move gigadrain",">p1 move thunderwave",">p2 move thunderbolt",">p1 move thunderwave",">p2 move thunderbolt",">p1 move thunderwave",">p2 move thunderbolt",">p1 move thunderwave",">p2 move thunderbolt",">p1 move thunderwave",">p2 move thunderbolt",">p1 move thunderwave",">p2 move gigadrain",">p1 move thunderwave",">p2 move thunderbolt",">p1 move thunderwave",">p2 move thunderbolt",">p1 move thunderwave",">p2 move thunderbolt",">p1 move thunderwave",">p2 move thunderbolt",">p1 move thunderwave",">p2 move thunderbolt",">p1 move thunderwave",">p2 move thunderbolt",">p1 move thunderwave",">p2 move thunderbolt",">p1 move thunderwave",">p2 move gigadrain",">p1 move thunderwave",">p2 move gigadrain",">p1 move thunderwave",">p2 move gigadrain",">p1 move thunderwave",">p2 move gigadrain",">p1 move thunderwave",">p2 move thunderbolt",">p1 move softboiled",">p2 move gigadrain",">p1 move thunderwave",">p2 move gigadrain",">p1 move thunderwave",">p2 move thunderbolt",">p1 move thunderwave",">p2 move thunderbolt",">p1 move thunderwave",">p2 move thunderbolt",">p1 move thunderwave",">p2 move thunderbolt",">p1 move thunderwave",">p2 move thunderbolt",">p1 move thunderwave",">p2 move thunderbolt",">p1 move thunderwave",">p2 move thunderbolt",">p1 move thunderwave",">p2 move thunderbolt",">p1 move softboiled",">p2 move thunderbolt",">p1 move softboiled",">p2 move thunderbolt",">p1 move softboiled",">p2 move thunderbolt",">p1 move softboiled",">p2 move gigadrain",">p1 move softboiled",">p2 move icepunch",">p1 move aromatherapy",">p2 switch 3",">p1 move softboiled",">p2 move hiddenpower",">p1 move softboiled",">p2 move hiddenpower",">p1 move softboiled",">p2 move hiddenpower",">p1 move aromatherapy",">p2 move hiddenpower",">p1 move aromatherapy",">p2 move hiddenpower",">p1 move aromatherapy",">p2 move hiddenpower",">p1 move aromatherapy",">p2 move hiddenpower",">p1 move aromatherapy",">p2 move hiddenpower",">p1 move aromatherapy",">p2 move hiddenpower",">p1 move softboiled",">p2 move hiddenpower",">p1 move aromatherapy",">p2 move hiddenpower",">p1 move softboiled",">p2 move hiddenpower",">p1 move struggle",">p2 move hiddenpower",">p1 move struggle",">p2 move hiddenpower",">p1 move struggle",">p2 move hiddenpower",">p1 move struggle",">p2 move hiddenpower",">p1 move struggle",">p2 move hiddenpower",">p1 move struggle",">p2 move hiddenpower",">p1 move struggle",">p2 move hiddenpower",">p1 move struggle",">p2 move hiddenpower",">p1 move struggle",">p2 move hiddenpower",">p1 move struggle",">p2 move roar",">p1 move rest",">p2 move roar",">p1 move struggle",">p2 move roar",">p1 switch 3",">p2 switch 3",">p1 switch 6",">p2 move explosion",">p2 switch 3",">p1 switch 6",">p2 move roar",">p1 switch 6",">p2 move roar",">p1 switch 3",">p2 move roar",">p1 switch 6",">p2 move roar",">p1 switch 3",">p2 move roar",">p1 switch 3",">p2 move roar",">p1 switch 3",">p2 move roar",">p1 switch 6",">p2 move roar",">p1 switch 3",">p2 move roar",">p1 switch 3",">p2 move roar",">p1 switch 6",">p2 move roar",">p1 switch 6",">p2 move roar",">p1 switch 6",">p2 move roar",">p1 switch 6",">p2 move roar",">p1 switch 6",">p2 move roar",">p1 switch 3",">p2 move roar",">p1 switch 6",">p2 move roar",">p1 switch 6",">p2 move roar",">p1 switch 6",">p2 move roar",">p1 switch 3",">p2 move roar",">p1 switch 6",">p2 move roar",">p1 switch 3",">p2 move roar",">p1 switch 6",">p2 move roar",">p1 switch 3",">p2 move roar",">p1 switch 6",">p2 move roar",">p1 switch 6",">p2 move roar",">p1 switch 6",">p2 move roar",">p1 switch 6",">p2 move roar",">p1 switch 3",">p2 move roar",">p1 switch 6",">p2 move thunderbolt",">p1 move struggle",">p2 move batonpass",">p1 move struggle",">p2 move batonpass",">p1 move struggle",">p2 move thunderbolt",">p1 move struggle",">p2 move batonpass",">p1 move struggle",">p2 move batonpass",">p1 move struggle",">p2 move thunderbolt",">p1 move struggle",">p2 move thunderbolt",">p1 move struggle",">p2 move thunderbolt",">p1 move struggle",">p2 move thunderbolt",">p1 move struggle",">p2 move thunderbolt",">p1 switch 6",">p1 move psychic",">p2 move thunderbolt",">p1 move earthquake",">p2 move thunderbolt",">p1 move psychic",">p2 move thunderbolt",">p1 move psychic",">p2 move batonpass",">p1 move psychic",">p2 move thunderbolt",">p1 move psychic",">p2 move batonpass",">p1 move psychic",">p2 move batonpass"],"log":["|j|☆foultestchallenge1","|j|☆foultestacceptor1","|t:|1752919608","|gametype|singles","|player|p1|foultestchallenge1|266|","|player|p2|foultestacceptor1|266|","|teamsize|p1|6","|teamsize|p2|6","|gen|3","|tier|[Gen 3] OU","|rule|Sleep Clause Mod: Limit one foe put to sleep","|rule|Switch Priority Clause Mod: Faster Pokémon switch first","|rule|Species Clause: Limit one of each Pokémon","|rule|OHKO Clause: OHKO moves are banned","|rule|Evasion Items Clause: Evasion items are banned","|rule|Evasion Moves Clause: Evasion moves are banned","|rule|Endless Battle Clause: Forcing endless battles is banned","|rule|HP Percentage Mod: HP is shown in percentages","|rule|One Boost Passer Clause: Limit one Baton Passer that has a way to boost its stats","|rule|Freeze Clause Mod: Limit one foe frozen","|","|t:|1752919608","|start","|switch|p1a: Dugtrio|Dugtrio, M|235/235","|switch|p2a: Zapdos|Zapdos|321/321","|-ability|p2a: Zapdos|Pressure|[silent]","|turn|1","|inactive|Battle timer is ON: inactive players will automatically lose when time's up. (requested by foultestchallenge1)","|inactive|foultestacceptor1 also wants the timer to be on.","|","|t:|1752919609","|switch|p1a: Snorlax|Snorlax, F|497/497","|move|p2a: Zapdos|Hidden Power|p1a: Snorlax","|-damage|p1a: Snorlax|430/497","|","|-heal|p1a: Snorlax|461/497|[from] item: Leftovers","|upkeep","|turn|2","||adding 10 for new turn","|","|t:|1752919610","|move|p2a: Zapdos|Thunderbolt|p1a: Snorlax","|-damage|p1a: Snorlax|328/497","|move|p1a: Snorlax|Return|p2a: Zapdos","|-damage|p2a: Zapdos|146/321","|","|-heal|p2a: Zapdos|166/321|[from] item: Leftovers","|-heal|p1a: Snorlax|359/497|[from] item: Leftovers","|upkeep","|turn|3","||adding 10 for new turn","|","|t:|1752919611","|switch|p2a: Metagross|Metagross|333/333","|move|p1a: Snorlax|Return|p2a: Metagross","|-resisted|p2a: Metagross","|-damage|p2a: Metagross|278/333","|","|-heal|p1a: Snorlax|390/497|[from] item: Leftovers","|upkeep","|turn|4","||adding 10 for new turn","|","|t:|1752919613","|switch|p1a: Suicune|Suicune|401/401","|-ability|p1a: Suicune|Pressure|[silent]","|move|p2a: Metagross|Meteor Mash|p1a: Suicune","|-resisted|p1a: Suicune","|-damage|p1a: Suicune|303/401","|","|-heal|p1a: Suicune|328/401|[from] item: Leftovers","|upkeep","|turn|5","||adding 10 for new turn","|","|t:|1752919614","|move|p1a: Suicune|Calm Mind|p1a: Suicune","|-boost|p1a: Suicune|spa|1","|-boost|p1a: Suicune|spd|1","|move|p2a: Metagross|Meteor Mash|p1a: Suicune","|-resisted|p1a: Suicune","|-damage|p1a: Suicune|221/401","|","|-heal|p1a: Suicune|246/401|[from] item: Leftovers","|upkeep","|turn|6","||adding 10 for new turn","|","|t:|1752919615","|switch|p2a: Celebi|Celebi|393/393","|move|p1a: Suicune|Surf|p2a: Celebi","|-resisted|p2a: Celebi","|-damage|p2a: Celebi|313/393","|","|-heal|p2a: Celebi|337/393|[from] item: Leftovers","|-heal|p1a: Suicune|271/401|[from] item: Leftovers","|upkeep","|turn|7","||adding 10 for new turn","|","|t:|1752919616","|move|p2a: Celebi|Calm Mind|p2a: Celebi","|-boost|p2a: Celebi|spa|1","|-boost|p2a: Celebi|spd|1","|move|p1a: Suicune|Ice Beam|p2a: Celebi","|-supereffective|p2a: Celebi","|-damage|p2a: Celebi|195/393","|-status|p2a: Celebi|frz","|","|-heal|p2a: Celebi|219/393 frz|[from] item: Leftovers","|-heal|p1a: Suicune|296/401|[from] item: Leftovers","|upkeep","|turn|8","||adding 10 for new turn","|","|t:|1752919617","|cant|p2a: Celebi|frz","|move|p1a: Suicune|Ice Beam|p2a: Celebi","|-supereffective|p2a: Celebi","|-damage|p2a: Celebi|69/393 frz","|","|-heal|p2a: Celebi|93/393 frz|[from] item: Leftovers","|-heal|p1a: Suicune|321/401|[from] item: Leftovers","|upkeep","|turn|9","||adding 10 for new turn","|","|t:|1752919618","|-curestatus|p2a: Celebi|frz|[from] ability: Natural Cure","|switch|p2a: Metagross|Metagross|278/333","|move|p1a: Suicune|Ice Beam|p2a: Metagross","|-resisted|p2a: Metagross","|-damage|p2a: Metagross|218/333","|","|-heal|p1a: Suicune|346/401|[from] item: Leftovers","|upkeep","|turn|10","||adding 10 for new turn","|","|t:|1752919619","|move|p1a: Suicune|Surf|p2a: Metagross","|-damage|p2a: Metagross|65/333","|move|p2a: Metagross|Explosion|p1a: Suicune","|-damage|p1a: Suicune|0 fnt","|faint|p2a: Metagross","|faint|p1a: Suicune","||adding 5 to each for mid turn request","|","|t:|1752919620","|switch|p1a: Snorlax|Snorlax, F|390/497","|switch|p2a: Swampert|Swampert, M|401/401","|","|-heal|p1a: Snorlax|421/497|[from] item: Leftovers","|upkeep","|turn|11","||adding 10 for new turn","|","|t:|1752919621","|move|p2a: Swampert|Earthquake|p1a: Snorlax","|-damage|p1a: Snorlax|273/497","|move|p1a: Snorlax|Return|p2a: Swampert","|-damage|p2a: Swampert|249/401","|","|-heal|p2a: Swampert|274/401|[from] item: Leftovers","|-heal|p1a: Snorlax|304/497|[from] item: Leftovers","|upkeep","|turn|12","||adding 10 for new turn","|","|t:|1752919622","|move|p2a: Swampert|Earthquake|p1a: Snorlax","|-damage|p1a: Snorlax|139/497","|move|p1a: Snorlax|Return|p2a: Swampert","|-damage|p2a: Swampert|125/401","|","|-heal|p2a: Swampert|150/401|[from] item: Leftovers","|-heal|p1a: Snorlax|170/497|[from] item: Leftovers","|upkeep","|turn|13","||adding 10 for new turn","|","|t:|1752919623","|move|p2a: Swampert|Earthquake|p1a: Snorlax","|-damage|p1a: Snorlax|12/497","|move|p1a: Snorlax|Return|p2a: Swampert","|-damage|p2a: Swampert|3/401","|","|-heal|p2a: Swampert|28/401|[from] item: Leftovers","|-heal|p1a: Snorlax|43/497|[from] item: Leftovers","|upkeep","|turn|14","||adding 10 for new turn","|","|t:|1752919624","|switch|p1a: Blissey|Blissey, F|714/714","|move|p2a: Swampert|Ice Beam|p1a: Blissey","|-damage|p1a: Blissey|648/714","|","|-heal|p2a: Swampert|53/401|[from] item: Leftovers","|-heal|p1a: Blissey|692/714|[from] item: Leftovers","|upkeep","|turn|15","||adding 10 for new turn","|","|t:|1752919625","|move|p2a: Swampert|Earthquake|p1a: Blissey","|-damage|p1a: Blissey|442/714","|move|p1a: Blissey|Seismic Toss|p2a: Swampert","|-damage|p2a: Swampert|0 fnt","|faint|p2a: Swampert","||adding 5 to each for mid turn request","|","|t:|1752919626","|switch|p2a: Charizard|Charizard, F|297/297","|","|-heal|p1a: Blissey|486/714|[from] item: Leftovers","|upkeep","|turn|16","||adding 10 for new turn","|","|t:|1752919627","|-singleturn|p2a: Charizard|move: Focus Punch","|move|p1a: Blissey|Thunder Wave|p2a: Charizard","|-status|p2a: Charizard|par","|move|p2a: Charizard|Focus Punch|p1a: Blissey","|-supereffective|p1a: Blissey","|-damage|p1a: Blissey|120/714","|","|-heal|p1a: Blissey|164/714|[from] item: Leftovers","|upkeep","|turn|17","||adding 10 for new turn","|","|t:|1752919628","|-singleturn|p2a: Charizard|move: Focus Punch","|move|p1a: Blissey|Soft-Boiled|p1a: Blissey","|-heal|p1a: Blissey|521/714","|move|p2a: Charizard|Focus Punch|p1a: Blissey","|-supereffective|p1a: Blissey","|-damage|p1a: Blissey|131/714","|","|-heal|p1a: Blissey|175/714|[from] item: Leftovers","|upkeep","|turn|18","||adding 10 for new turn","|","|t:|1752919629","|-singleturn|p2a: Charizard|move: Focus Punch","|move|p1a: Blissey|Soft-Boiled|p1a: Blissey","|-heal|p1a: Blissey|532/714","|move|p2a: Charizard|Focus Punch|p1a: Blissey","|-supereffective|p1a: Blissey","|-damage|p1a: Blissey|138/714","|","|-heal|p1a: Blissey|182/714|[from] item: Leftovers","|upkeep","|turn|19","||adding 10 for new turn","|","|t:|1752919630","|-singleturn|p2a: Charizard|move: Focus Punch","|move|p1a: Blissey|Soft-Boiled|p1a: Blissey","|-heal|p1a: Blissey|539/714","|move|p2a: Charizard|Focus Punch|p1a: Blissey","|-supereffective|p1a: Blissey","|-damage|p1a: Blissey|145/714","|","|-heal|p1a: Blissey|189/714|[from] item: Leftovers","|upkeep","|turn|20","||adding 10 for new turn","|","|t:|1752919631","|-singleturn|p2a: Charizard|move: Focus Punch","|move|p1a: Blissey|Soft-Boiled|p1a: Blissey","|-heal|p1a: Blissey|546/714","|move|p2a: Charizard|Focus Punch|p1a: Blissey","|-supereffective|p1a: Blissey","|-damage|p1a: Blissey|176/714","|","|-heal|p1a: Blissey|220/714|[from] item: Leftovers","|upkeep","|turn|21","||adding 10 for new turn","|","|t:|1752919632","|-singleturn|p2a: Charizard|move: Focus Punch","|move|p1a: Blissey|Soft-Boiled|p1a: Blissey","|-heal|p1a: Blissey|577/714","|move|p2a: Charizard|Focus Punch|p1a: Blissey","|-supereffective|p1a: Blissey","|-damage|p1a: Blissey|191/714","|","|-heal|p1a: Blissey|235/714|[from] item: Leftovers","|upkeep","|turn|22","||adding 10 for new turn","|","|t:|1752919633","|-singleturn|p2a: Charizard|move: Focus Punch","|move|p1a: Blissey|Soft-Boiled|p1a: Blissey","|-heal|p1a: Blissey|592/714","|move|p2a: Charizard|Focus Punch|p1a: Blissey","|-supereffective|p1a: Blissey","|-damage|p1a: Blissey|222/714","|","|-heal|p1a: Blissey|266/714|[from] item: Leftovers","|upkeep","|turn|23","||adding 10 for new turn","|","|t:|1752919634","|-singleturn|p2a: Charizard|move: Focus Punch","|move|p1a: Blissey|Soft-Boiled|p1a: Blissey","|-heal|p1a: Blissey|623/714","|move|p2a: Charizard|Focus Punch|p1a: Blissey","|-supereffective|p1a: Blissey","|-damage|p1a: Blissey|245/714","|","|-heal|p1a: Blissey|289/714|[from] item: Leftovers","|upkeep","|turn|24","||adding 10 for new turn","|","|t:|1752919635","|-singleturn|p2a: Charizard|move: Focus Punch","|move|p1a: Blissey|Soft-Boiled|p1a: Blissey","|-heal|p1a: Blissey|646/714","|cant|p2a: Charizard|par","|","|-heal|p1a: Blissey|690/714|[from] item: Leftovers","|upkeep","|turn|25","||adding 10 for new turn","|","|t:|1752919636","|-singleturn|p2a: Charizard|move: Focus Punch","|move|p1a: Blissey|Seismic Toss|p2a: Charizard","|-damage|p2a: Charizard|197/297 par","|move|p2a: Charizard|Focus Punch||[still]","|cant|p2a: Charizard|Focus Punch|Focus Punch","|","|-heal|p1a: Blissey|714/714|[from] item: Leftovers","|-heal|p2a: Charizard|215/297 par|[from] item: Leftovers","|upkeep","|turn|26","||adding 10 for new turn","|","|t:|1752919637","|-singleturn|p2a: Charizard|move: Focus Punch","|move|p1a: Blissey|Seismic Toss|p2a: Charizard","|-damage|p2a: Charizard|115/297 par","|move|p2a: Charizard|Focus Punch||[still]","|cant|p2a: Charizard|Focus Punch|Focus Punch","|","|-heal|p2a: Charizard|133/297 par|[from] item: Leftovers","|upkeep","|turn|27","||adding 10 for new turn","|","|t:|1752919638","|-singleturn|p2a: Charizard|move: Focus Punch","|move|p1a: Blissey|Seismic Toss|p2a: Charizard","|-damage|p2a: Charizard|33/297 par","|move|p2a: Charizard|Focus Punch||[still]","|cant|p2a: Charizard|Focus Punch|Focus Punch","|","|-heal|p2a: Charizard|51/297 par|[from] item: Leftovers","|upkeep","|turn|28","||adding 10 for new turn","|","|t:|1752919639","|switch|p2a: Gengar|Gengar, M|263/263","|move|p1a: Blissey|Seismic Toss|p2a: Gengar","|-immune|p2a: Gengar","|","|upkeep","|turn|29","||adding 10 for new turn","|j| thecrusher677","|","|t:|1752919640","|move|p2a: Gengar|Ice Punch|p1a: Blissey","|-damage|p1a: Blissey|647/714","|move|p1a: Blissey|Thunder Wave|p2a: Gengar","|-status|p2a: Gengar|par","|","|-heal|p1a: Blissey|691/714|[from] item: Leftovers","|upkeep","|turn|30","||adding 10 for new turn","|","|t:|1752919641","|move|p1a: Blissey|Seismic Toss|p2a: Gengar","|-immune|p2a: Gengar","|move|p2a: Gengar|Thunderbolt|p1a: Blissey","|-damage|p1a: Blissey|618/714","|-status|p1a: Blissey|par","|","|-heal|p1a: Blissey|662/714 par|[from] item: Leftovers","|upkeep","|turn|31","||adding 10 for new turn","|","|t:|1752919642","|move|p2a: Gengar|Ice Punch|p1a: Blissey","|-damage|p1a: Blissey|600/714 par","|move|p1a: Blissey|Seismic Toss|p2a: Gengar","|-immune|p2a: Gengar","|","|-heal|p1a: Blissey|644/714 par|[from] item: Leftovers","|upkeep","|turn|32","||adding 10 for new turn","|","|t:|1752919643","|move|p2a: Gengar|Ice Punch|p1a: Blissey","|-damage|p1a: Blissey|587/714 par","|move|p1a: Blissey|Seismic Toss|p2a: Gengar","|-immune|p2a: Gengar","|","|-heal|p1a: Blissey|631/714 par|[from] item: Leftovers","|upkeep","|turn|33","||adding 10 for new turn","|","|t:|1752919644","|cant|p2a: Gengar|par","|cant|p1a: Blissey|par","|","|-heal|p1a: Blissey|675/714 par|[from] item: Leftovers","|upkeep","|turn|34","||adding 10 for new turn","|","|t:|1752919645","|move|p2a: Gengar|Ice Punch|p1a: Blissey","|-damage|p1a: Blissey|613/714 par","|move|p1a: Blissey|Seismic Toss|p2a: Gengar","|-immune|p2a: Gengar","|","|-heal|p1a: Blissey|657/714 par|[from] item: Leftovers","|upkeep","|turn|35","||adding 10 for new turn","|","|t:|1752919646","|move|p2a: Gengar|Ice Punch|p1a: Blissey","|-damage|p1a: Blissey|597/714 par","|cant|p1a: Blissey|par","|","|-heal|p1a: Blissey|641/714 par|[from] item: Leftovers","|upkeep","|turn|36","||adding 10 for new turn","|","|t:|1752919647","|move|p2a: Gengar|Ice Punch|p1a: Blissey","|-damage|p1a: Blissey|573/714 par","|move|p1a: Blissey|Seismic Toss|p2a: Gengar","|-immune|p2a: Gengar","|","|-heal|p1a: Blissey|617/714 par|[from] item: Leftovers","|upkeep","|turn|37","||adding 10 for new turn","|","|t:|1752919648","|cant|p2a: Gengar|par","|move|p1a: Blissey|Seismic Toss|p2a: Gengar","|-immune|p2a: Gengar","|","|-heal|p1a: Blissey|661/714 par|[from] item: Leftovers","|upkeep","|turn|38","||adding 10 for new turn","|","|t:|1752919649","|cant|p2a: Gengar|par","|cant|p1a: Blissey|par","|","|-heal|p1a: Blissey|705/714 par|[from] item: Leftovers","|upkeep","|turn|39","||adding 10 for new turn","|","|t:|1752919650","|move|p2a: Gengar|Ice Punch|p1a: Blissey","|-damage|p1a: Blissey|643/714 par","|cant|p1a: Blissey|par","|","|-heal|p1a: Blissey|687/714 par|[from] item: Leftovers","|upkeep","|turn|40","||adding 10 for new turn","|","|t:|1752919651","|move|p2a: Gengar|Thunderbolt|p1a: Blissey","|-damage|p1a: Blissey|605/714 par","|move|p1a: Blissey|Seismic Toss|p2a: Gengar","|-immune|p2a: Gengar","|","|-heal|p1a: Blissey|649/714 par|[from] item: Leftovers","|upkeep","|turn|41","||adding 10 for new turn","|","|t:|1752919652","|move|p2a: Gengar|Ice Punch|p1a: Blissey","|-damage|p1a: Blissey|584/714 par","|move|p1a: Blissey|Seismic Toss|p2a: Gengar","|-immune|p2a: Gengar","|","|-heal|p1a: Blissey|628/714 par|[from] item: Leftovers","|upkeep","|turn|42","||adding 10 for new turn","|","|t:|1752919653","|move|p2a: Gengar|Ice Punch|p1a: Blissey","|-crit|p1a: Blissey","|-damage|p1a: Blissey|513/714 par","|move|p1a: Blissey|Seismic Toss|p2a: Gengar","|-immune|p2a: Gengar","|","|-heal|p1a: Blissey|557/714 par|[from] item: Leftovers","|upkeep","|turn|43","||adding 10 for new turn","|","|t:|1752919654","|move|p2a: Gengar|Ice Punch|p1a: Blissey","|-damage|p1a: Blissey|489/714 par","|cant|p1a: Blissey|par","|","|-heal|p1a: Blissey|533/714 par|[from] item: Leftovers","|upkeep","|turn|44","||adding 10 for new turn","|","|t:|1752919655","|move|p2a: Gengar|Ice Punch|p1a: Blissey","|-crit|p1a: Blissey","|-damage|p1a: Blissey|415/714 par","|move|p1a: Blissey|Seismic Toss|p2a: Gengar","|-immune|p2a: Gengar","|","|-heal|p1a: Blissey|459/714 par|[from] item: Leftovers","|upkeep","|turn|45","||adding 10 for new turn","|","|t:|1752919656","|cant|p2a: Gengar|par","|cant|p1a: Blissey|par","|","|-heal|p1a: Blissey|503/714 par|[from] item: Leftovers","|upkeep","|turn|46","||adding 10 for new turn","|","|t:|1752919657","|cant|p2a: Gengar|par","|move|p1a: Blissey|Seismic Toss|p2a: Gengar","|-immune|p2a: Gengar","|","|-heal|p1a: Blissey|547/714 par|[from] item: Leftovers","|upkeep","|turn|47","||adding 10 for new turn","|","|t:|1752919658","|move|p2a: Gengar|Ice Punch|p1a: Blissey","|-damage|p1a: Blissey|490/714 par","|move|p1a: Blissey|Seismic Toss|p2a: Gengar","|-immune|p2a: Gengar","|","|-heal|p1a: Blissey|534/714 par|[from] item: Leftovers","|upkeep","|turn|48","||adding 10 for new turn","|","|t:|1752919659","|cant|p2a: Gengar|par","|move|p1a: Blissey|Seismic Toss|p2a: Gengar","|-immune|p2a: Gengar","|","|-heal|p1a: Blissey|578/714 par|[from] item: Leftovers","|upkeep","|turn|49","||adding 10 for new turn","|","|t:|1752919660","|cant|p2a: Gengar|par","|move|p1a: Blissey|Seismic Toss|p2a: Gengar","|-immune|p2a: Gengar","|","|-heal|p1a: Blissey|622/714 par|[from] item: Leftovers","|upkeep","|turn|50","||adding 10 for new turn","|","|t:|1752919661","|move|p2a: Gengar|Ice Punch|p1a: Blissey","|-damage|p1a: Blissey|559/714 par","|move|p1a: Blissey|Seismic Toss|p2a: Gengar","|-immune|p2a: Gengar","|","|-heal|p1a: Blissey|603/714 par|[from] item: Leftovers","|upkeep","|turn|51","||adding 10 for new turn","|","|t:|1752919662","|move|p2a: Gengar|Thunderbolt|p1a: Blissey","|-damage|p1a: Blissey|530/714 par","|move|p1a: Blissey|Seismic Toss|p2a: Gengar","|-immune|p2a: Gengar","|","|-heal|p1a: Blissey|574/714 par|[from] item: Leftovers","|upkeep","|turn|52","||adding 10 for new turn","|","|t:|1752919663","|cant|p2a: Gengar|par","|cant|p1a: Blissey|par","|","|-heal|p1a: Blissey|618/714 par|[from] item: Leftovers","|upkeep","|turn|53","||adding 10 for new turn","|","|t:|1752919664","|move|p2a: Gengar|Ice Punch|p1a: Blissey","|-damage|p1a: Blissey|554/714 par","|move|p1a: Blissey|Seismic Toss|p2a: Gengar","|-immune|p2a: Gengar","|","|-heal|p1a: Blissey|598/714 par|[from] item: Leftovers","|upkeep","|turn|54","||adding 10 for new turn","|","|t:|1752919665","|move|p2a: Gengar|Ice Punch|p1a: Blissey","|-damage|p1a: Blissey|536/714 par","|move|p1a: Blissey|Seismic Toss|p2a: Gengar","|-immune|p2a: Gengar","|","|-heal|p1a: Blissey|580/714 par|[from] item: Leftovers","|upkeep","|turn|55","||adding 10 for new turn","|","|t:|1752919666","|cant|p2a: Gengar|par","|cant|p1a: Blissey|par","|","|-heal|p1a: Blissey|624/714 par|[from] item: Leftovers","|upkeep","|turn|56","||adding 10 for new turn","|","|t:|1752919667","|cant|p2a: Gengar|par","|move|p1a: Blissey|Seismic Toss|p2a: Gengar","|-immune|p2a: Gengar","|","|-heal|p1a: Blissey|668/714 par|[from] item: Leftovers","|upkeep","|turn|57","||adding 10 for new turn","|","|t:|1752919668","|move|p2a: Gengar|Ice Punch|p1a: Blissey","|-damage|p1a: Blissey|603/714 par","|move|p1a: Blissey|Seismic Toss|p2a: Gengar","|-immune|p2a: Gengar","|","|-heal|p1a: Blissey|647/714 par|[from] item: Leftovers","|upkeep","|turn|58","||adding 10 for new turn","|","|t:|1752919669","|move|p2a: Gengar|Ice Punch|p1a: Blissey","|-damage|p1a: Blissey|585/714 par","|cant|p1a: Blissey|par","|","|-heal|p1a: Blissey|629/714 par|[from] item: Leftovers","|upkeep","|turn|59","||adding 10 for new turn","|","|t:|1752919670","|move|p2a: Gengar|Ice Punch|p1a: Blissey","|-damage|p1a: Blissey|570/714 par","|cant|p1a: Blissey|par","|","|-heal|p1a: Blissey|614/714 par|[from] item: Leftovers","|upkeep","|turn|60","||adding 10 for new turn","|","|t:|1752919671","|move|p2a: Gengar|Ice Punch|p1a: Blissey","|-crit|p1a: Blissey","|-damage|p1a: Blissey|491/714 par","|cant|p1a: Blissey|par","|","|-heal|p1a: Blissey|535/714 par|[from] item: Leftovers","|upkeep","|turn|61","||adding 10 for new turn","|","|t:|1752919672","|move|p2a: Gengar|Ice Punch|p1a: Blissey","|-damage|p1a: Blissey|476/714 par","|move|p1a: Blissey|Seismic Toss|p2a: Gengar","|-immune|p2a: Gengar","|","|-heal|p1a: Blissey|520/714 par|[from] item: Leftovers","|upkeep","|turn|62","||adding 10 for new turn","|","|t:|1752919673","|cant|p2a: Gengar|par","|move|p1a: Blissey|Seismic Toss|p2a: Gengar","|-immune|p2a: Gengar","|","|-heal|p1a: Blissey|564/714 par|[from] item: Leftovers","|upkeep","|turn|63","||adding 10 for new turn","|","|t:|1752919674","|move|p2a: Gengar|Thunderbolt|p1a: Blissey","|-damage|p1a: Blissey|480/714 par","|cant|p1a: Blissey|par","|","|-heal|p1a: Blissey|524/714 par|[from] item: Leftovers","|upkeep","|turn|64","||adding 10 for new turn","|","|t:|1752919675","|cant|p2a: Gengar|par","|move|p1a: Blissey|Seismic Toss|p2a: Gengar","|-immune|p2a: Gengar","|","|-heal|p1a: Blissey|568/714 par|[from] item: Leftovers","|upkeep","|turn|65","||adding 10 for new turn","|","|t:|1752919676","|move|p2a: Gengar|Thunderbolt|p1a: Blissey","|-damage|p1a: Blissey|495/714 par","|move|p1a: Blissey|Seismic Toss|p2a: Gengar","|-immune|p2a: Gengar","|","|-heal|p1a: Blissey|539/714 par|[from] item: Leftovers","|upkeep","|turn|66","||adding 10 for new turn","|","|t:|1752919677","|move|p2a: Gengar|Thunderbolt|p1a: Blissey","|-damage|p1a: Blissey|466/714 par","|move|p1a: Blissey|Seismic Toss|p2a: Gengar","|-immune|p2a: Gengar","|","|-heal|p1a: Blissey|510/714 par|[from] item: Leftovers","|upkeep","|turn|67","||adding 10 for new turn","|","|t:|1752919678","|move|p2a: Gengar|Thunderbolt|p1a: Blissey","|-damage|p1a: Blissey|433/714 par","|move|p1a: Blissey|Seismic Toss|p2a: Gengar","|-immune|p2a: Gengar","|","|-heal|p1a: Blissey|477/714 par|[from] item: Leftovers","|upkeep","|turn|68","||adding 10 for new turn","|","|t:|1752919679","|cant|p2a: Gengar|par","|move|p1a: Blissey|Soft-Boiled|p1a: Blissey","|-heal|p1a: Blissey|714/714 par","|","|upkeep","|turn|69","||adding 10 for new turn","|","|t:|1752919680","|move|p2a: Gengar|Ice Punch|p1a: Blissey","|-damage|p1a: Blissey|650/714 par","|move|p1a: Blissey|Seismic Toss|p2a: Gengar","|-immune|p2a: Gengar","|","|-heal|p1a: Blissey|694/714 par|[from] item: Leftovers","|upkeep","|turn|70","||adding 10 for new turn","|","|t:|1752919681","|move|p2a: Gengar|Ice Punch|p1a: Blissey","|-damage|p1a: Blissey|628/714 par","|cant|p1a: Blissey|par","|","|-heal|p1a: Blissey|672/714 par|[from] item: Leftovers","|upkeep","|turn|71","||adding 10 for new turn","|","|t:|1752919682","|cant|p2a: Gengar|par","|move|p1a: Blissey|Thunder Wave|p2a: Gengar","|-fail|p2a: Gengar|par","|","|-heal|p1a: Blissey|714/714 par|[from] item: Leftovers","|upkeep","|turn|72","||adding 10 for new turn","|","|t:|1752919682","|-curestatus|p1a: Blissey|par|[from] ability: Natural Cure","|switch|p1a: Snorlax|Snorlax, F|43/497","|move|p2a: Gengar|Ice Punch|p1a: Snorlax","|-damage|p1a: Snorlax|0 fnt","|faint|p1a: Snorlax","||adding 5 to each for mid turn request","|","|t:|1752919683","|switch|p1a: Claydol|Claydol|324/324","|","|upkeep","|turn|73","||adding 10 for new turn","|","|t:|1752919684","|switch|p2a: Celebi|Celebi|93/393","|move|p1a: Claydol|Psychic|p2a: Celebi","|-resisted|p2a: Celebi","|-damage|p2a: Celebi|53/393","|","|-heal|p2a: Celebi|77/393|[from] item: Leftovers","|upkeep","|turn|74","||adding 10 for new turn","|","|t:|1752919685","|switch|p1a: Forretress|Forretress, F|354/354","|move|p2a: Celebi|Giga Drain|p1a: Forretress","|-resisted|p1a: Forretress","|-damage|p1a: Forretress|336/354","|-heal|p2a: Celebi|86/393|[from] drain|[of] p1a: Forretress","|","|-heal|p2a: Celebi|110/393|[from] item: Leftovers","|-heal|p1a: Forretress|354/354|[from] item: Leftovers","|upkeep","|turn|75","||adding 10 for new turn","|","|t:|1752919686","|move|p2a: Celebi|Calm Mind|p2a: Celebi","|-boost|p2a: Celebi|spa|1","|-boost|p2a: Celebi|spd|1","|move|p1a: Forretress|Hidden Power|p2a: Celebi","|-supereffective|p2a: Celebi","|-damage|p2a: Celebi|0 fnt","|faint|p2a: Celebi","||adding 5 to each for mid turn request","|","|t:|1752919687","|switch|p2a: Charizard|Charizard, F|51/297 par","|","|-heal|p2a: Charizard|69/297 par|[from] item: Leftovers","|upkeep","|turn|76","||adding 10 for new turn","|","|t:|1752919688","|move|p1a: Forretress|Zap Cannon|p2a: Charizard|[miss]","|-miss|p1a: Forretress|p2a: Charizard","|move|p2a: Charizard|Fire Blast|p1a: Forretress","|-supereffective|p1a: Forretress","|-damage|p1a: Forretress|0 fnt","|faint|p1a: Forretress","||adding 5 to each for mid turn request","|","|t:|1752919689","|switch|p1a: Claydol|Claydol|324/324","|","|-heal|p2a: Charizard|87/297 par|[from] item: Leftovers","|upkeep","|turn|77","||adding 10 for new turn","|","|t:|1752919690","|move|p1a: Claydol|Psychic|p2a: Charizard","|-damage|p2a: Charizard|0 fnt","|faint|p2a: Charizard","||adding 5 to each for mid turn request","|","|t:|1752919690","|switch|p2a: Zapdos|Zapdos|166/321","|-ability|p2a: Zapdos|Pressure|[silent]","|","|-heal|p2a: Zapdos|186/321|[from] item: Leftovers","|upkeep","|turn|78","||adding 10 for new turn","|","|t:|1752919691","|move|p2a: Zapdos|Hidden Power|p1a: Claydol","|-supereffective|p1a: Claydol","|-damage|p1a: Claydol|184/324","|move|p1a: Claydol|Psychic|p2a: Zapdos","|-damage|p2a: Zapdos|106/321","|","|-heal|p2a: Zapdos|126/321|[from] item: Leftovers","|-heal|p1a: Claydol|204/324|[from] item: Leftovers","|upkeep","|turn|79","||adding 10 for new turn","|","|t:|1752919692","|switch|p1a: Blissey|Blissey, F|714/714","|move|p2a: Zapdos|Hidden Power|p1a: Blissey","|-damage|p1a: Blissey|641/714","|","|-heal|p2a: Zapdos|146/321|[from] item: Leftovers","|-heal|p1a: Blissey|685/714|[from] item: Leftovers","|upkeep","|turn|80","||adding 10 for new turn","|","|t:|1752919693","|switch|p2a: Gengar|Gengar, M|263/263 par","|move|p1a: Blissey|Thunder Wave|p2a: Gengar","|-fail|p2a: Gengar|par","|","|-heal|p1a: Blissey|714/714|[from] item: Leftovers","|upkeep","|turn|81","||adding 10 for new turn","|","|t:|1752919694","|move|p1a: Blissey|Thunder Wave|p2a: Gengar","|-fail|p2a: Gengar|par","|move|p2a: Gengar|Giga Drain|p1a: Blissey","|-damage|p1a: Blissey|668/714","|","|-heal|p1a: Blissey|712/714|[from] item: Leftovers","|upkeep","|turn|82","||adding 10 for new turn","|","|t:|1752919695","|move|p1a: Blissey|Thunder Wave|p2a: Gengar","|-fail|p2a: Gengar|par","|move|p2a: Gengar|Thunderbolt|p1a: Blissey","|-damage|p1a: Blissey|633/714","|","|-heal|p1a: Blissey|677/714|[from] item: Leftovers","|upkeep","|turn|83","||adding 10 for new turn","|","|t:|1752919695","|move|p1a: Blissey|Thunder Wave|p2a: Gengar","|-fail|p2a: Gengar|par","|cant|p2a: Gengar|par","|","|-heal|p1a: Blissey|714/714|[from] item: Leftovers","|upkeep","|turn|84","||adding 10 for new turn","|","|t:|1752919696","|move|p1a: Blissey|Thunder Wave|p2a: Gengar","|-fail|p2a: Gengar|par","|move|p2a: Gengar|Thunderbolt|p1a: Blissey","|-damage|p1a: Blissey|628/714","|","|-heal|p1a: Blissey|672/714|[from] item: Leftovers","|upkeep","|turn|85","||adding 10 for new turn","|","|t:|1752919697","|move|p1a: Blissey|Thunder Wave|p2a: Gengar","|-fail|p2a: Gengar|par","|move|p2a: Gengar|Thunderbolt|p1a: Blissey","|-damage|p1a: Blissey|593/714","|","|-heal|p1a: Blissey|637/714|[from] item: Leftovers","|upkeep","|turn|86","||adding 10 for new turn","|","|t:|1752919698","|move|p1a: Blissey|Thunder Wave|p2a: Gengar","|-fail|p2a: Gengar|par","|cant|p2a: Gengar|par","|","|-heal|p1a: Blissey|681/714|[from] item: Leftovers","|upkeep","|turn|87","||adding 10 for new turn","|","|t:|1752919699","|move|p1a: Blissey|Thunder Wave|p2a: Gengar","|-fail|p2a: Gengar|par","|move|p2a: Gengar|Giga Drain|p1a: Blissey","|-damage|p1a: Blissey|627/714","|","|-heal|p1a: Blissey|671/714|[from] item: Leftovers","|upkeep","|turn|88","||adding 10 for new turn","|","|t:|1752919699","|move|p1a: Blissey|Thunder Wave|p2a: Gengar","|-fail|p2a: Gengar|par","|move|p2a: Gengar|Thunderbolt|p1a: Blissey","|-damage|p1a: Blissey|591/714","|","|-heal|p1a: Blissey|635/714|[from] item: Leftovers","|upkeep","|turn|89","||adding 10 for new turn","|","|t:|1752919700","|move|p1a: Blissey|Thunder Wave|p2a: Gengar","|-fail|p2a: Gengar|par","|move|p2a: Gengar|Thunderbolt|p1a: Blissey","|-damage|p1a: Blissey|558/714","|","|-heal|p1a: Blissey|602/714|[from] item: Leftovers","|upkeep","|turn|90","||adding 10 for new turn","|","|t:|1752919701","|move|p1a: Blissey|Thunder Wave|p2a: Gengar","|-fail|p2a: Gengar|par","|cant|p2a: Gengar|par","|","|-heal|p1a: Blissey|646/714|[from] item: Leftovers","|upkeep","|turn|91","||adding 10 for new turn","|","|t:|1752919702","|move|p1a: Blissey|Thunder Wave|p2a: Gengar","|-fail|p2a: Gengar|par","|cant|p2a: Gengar|par","|","|-heal|p1a: Blissey|690/714|[from] item: Leftovers","|upkeep","|turn|92","||adding 10 for new turn","|","|t:|1752919703","|move|p1a: Blissey|Thunder Wave|p2a: Gengar","|-fail|p2a: Gengar|par","|move|p2a: Gengar|Thunderbolt|p1a: Blissey","|-damage|p1a: Blissey|612/714","|","|-heal|p1a: Blissey|656/714|[from] item: Leftovers","|upkeep","|turn|93","||adding 10 for new turn","|","|t:|1752919704","|move|p1a: Blissey|Thunder Wave|p2a: Gengar","|-fail|p2a: Gengar|par","|move|p2a: Gengar|Thunderbolt|p1a: Blissey","|-damage|p1a: Blissey|580/714","|","|-heal|p1a: Blissey|624/714|[from] item: Leftovers","|upkeep","|turn|94","||adding 10 for new turn","|","|t:|1752919704","|move|p1a: Blissey|Thunder Wave|p2a: Gengar","|-fail|p2a: Gengar|par","|move|p2a: Gengar|Thunderbolt|p1a: Blissey","|-damage|p1a: Blissey|538/714","|","|-heal|p1a: Blissey|582/714|[from] item: Leftovers","|upkeep","|turn|95","||adding 10 for new turn","|","|t:|1752919705","|move|p1a: Blissey|Thunder Wave|p2a: Gengar","|-fail|p2a: Gengar|par","|cant|p2a: Gengar|par","|","|-heal|p1a: Blissey|626/714|[from] item: Leftovers","|upkeep","|turn|96","||adding 10 for new turn","|","|t:|1752919706","|move|p1a: Blissey|Thunder Wave|p2a: Gengar","|-fail|p2a: Gengar|par","|move|p2a: Gengar|Giga Drain|p1a: Blissey","|-damage|p1a: Blissey|575/714","|","|-heal|p1a: Blissey|619/714|[from] item: Leftovers","|upkeep","|turn|97","||adding 10 for new turn","|","|t:|1752919707","|move|p1a: Blissey|Thunder Wave|p2a: Gengar","|-fail|p2a: Gengar|par","|move|p2a: Gengar|Giga Drain|p1a: Blissey","|-damage|p1a: Blissey|567/714","|","|-heal|p1a: Blissey|611/714|[from] item: Leftovers","|upkeep","|turn|98","||adding 10 for new turn","|","|t:|1752919708","|move|p1a: Blissey|Thunder Wave|p2a: Gengar","|-fail|p2a: Gengar|par","|move|p2a: Gengar|Giga Drain|p1a: Blissey","|-damage|p1a: Blissey|559/714","|","|-heal|p1a: Blissey|603/714|[from] item: Leftovers","|upkeep","|turn|99","||adding 10 for new turn","|","|t:|1752919709","|move|p1a: Blissey|Thunder Wave|p2a: Gengar","|-fail|p2a: Gengar|par","|move|p2a: Gengar|Thunderbolt|p1a: Blissey","|-damage|p1a: Blissey|528/714","|","|-heal|p1a: Blissey|572/714|[from] item: Leftovers","|upkeep","|turn|100","||adding 10 for new turn","|","|t:|1752919710","|move|p1a: Blissey|Soft-Boiled|p1a: Blissey","|-heal|p1a: Blissey|714/714","|move|p2a: Gengar|Giga Drain|p1a: Blissey","|-crit|p1a: Blissey","|-damage|p1a: Blissey|621/714","|","|-heal|p1a: Blissey|665/714|[from] item: Leftovers","|upkeep","|turn|101","||adding 10 for new turn","|","|t:|1752919710","|move|p1a: Blissey|Thunder Wave|p2a: Gengar","|-fail|p2a: Gengar|par","|move|p2a: Gengar|Giga Drain|p1a: Blissey","|-damage|p1a: Blissey|614/714","|","|-heal|p1a: Blissey|658/714|[from] item: Leftovers","|upkeep","|turn|102","||adding 10 for new turn","|","|t:|1752919711","|move|p1a: Blissey|Thunder Wave|p2a: Gengar","|-fail|p2a: Gengar|par","|move|p2a: Gengar|Thunderbolt|p1a: Blissey","|-damage|p1a: Blissey|573/714","|","|-heal|p1a: Blissey|617/714|[from] item: Leftovers","|upkeep","|turn|103","||adding 10 for new turn","|","|t:|1752919712","|move|p1a: Blissey|Thunder Wave|p2a: Gengar","|-fail|p2a: Gengar|par","|cant|p2a: Gengar|par","|","|-heal|p1a: Blissey|661/714|[from] item: Leftovers","|upkeep","|turn|104","||adding 10 for new turn","|","|t:|1752919713","|move|p1a: Blissey|Thunder Wave|p2a: Gengar","|-fail|p2a: Gengar|par","|move|p2a: Gengar|Thunderbolt|p1a: Blissey","|-damage|p1a: Blissey|588/714","|","|-heal|p1a: Blissey|632/714|[from] item: Leftovers","|upkeep","|turn|105","||adding 10 for new turn","|","|t:|1752919714","|move|p1a: Blissey|Thunder Wave|p2a: Gengar","|-fail|p2a: Gengar|par","|cant|p2a: Gengar|par","|","|-heal|p1a: Blissey|676/714|[from] item: Leftovers","|upkeep","|turn|106","||adding 10 for new turn","|","|t:|1752919714","|move|p1a: Blissey|Thunder Wave|p2a: Gengar","|-fail|p2a: Gengar|par","|move|p2a: Gengar|Thunderbolt|p1a: Blissey","|-damage|p1a: Blissey|595/714","|-status|p1a: Blissey|par","|","|-heal|p1a: Blissey|639/714 par|[from] item: Leftovers","|upkeep","|turn|107","||adding 10 for new turn","|","|t:|1752919715","|move|p2a: Gengar|Thunderbolt|p1a: Blissey","|-damage|p1a: Blissey|555/714 par","|move|p1a: Blissey|Thunder Wave|p2a: Gengar","|-fail|p2a: Gengar|par","|","|-heal|p1a: Blissey|599/714 par|[from] item: Leftovers","|upkeep","|turn|108","||adding 10 for new turn","|","|t:|1752919716","|move|p2a: Gengar|Thunderbolt|p1a: Blissey","|-damage|p1a: Blissey|520/714 par","|move|p1a: Blissey|Thunder Wave|p2a: Gengar","|-fail|p2a: Gengar|par","|","|-heal|p1a: Blissey|564/714 par|[from] item: Leftovers","|upkeep","|turn|109","||adding 10 for new turn","|","|t:|1752919717","|move|p2a: Gengar|Thunderbolt|p1a: Blissey","|-damage|p1a: Blissey|478/714 par","|move|p1a: Blissey|Thunder Wave|p2a: Gengar","|-fail|p2a: Gengar|par","|","|-heal|p1a: Blissey|522/714 par|[from] item: Leftovers","|upkeep","|turn|110","||adding 10 for new turn","|","|t:|1752919718","|move|p2a: Gengar|Thunderbolt|p1a: Blissey","|-damage|p1a: Blissey|437/714 par","|cant|p1a: Blissey|par","|","|-heal|p1a: Blissey|481/714 par|[from] item: Leftovers","|upkeep","|turn|111","||adding 10 for new turn","|","|t:|1752919719","|cant|p2a: Gengar|par","|cant|p1a: Blissey|par","|","|-heal|p1a: Blissey|525/714 par|[from] item: Leftovers","|upkeep","|turn|112","||adding 10 for new turn","|","|t:|1752919719","|move|p2a: Gengar|Thunderbolt|p1a: Blissey","|-damage|p1a: Blissey|441/714 par","|cant|p1a: Blissey|par","|","|-heal|p1a: Blissey|485/714 par|[from] item: Leftovers","|upkeep","|turn|113","||adding 10 for new turn","|","|t:|1752919720","|move|p2a: Gengar|Giga Drain|p1a: Blissey","|-damage|p1a: Blissey|434/714 par","|cant|p1a: Blissey|par","|","|-heal|p1a: Blissey|478/714 par|[from] item: Leftovers","|upkeep","|turn|114","||adding 10 for new turn","|","|t:|1752919721","|move|p2a: Gengar|Ice Punch|p1a: Blissey","|-damage|p1a: Blissey|421/714 par","|move|p1a: Blissey|Soft-Boiled|p1a: Blissey","|-heal|p1a: Blissey|714/714 par","|","|upkeep","|turn|115","||adding 10 for new turn","|","|t:|1752919722","|switch|p2a: Zapdos|Zapdos|146/321","|-ability|p2a: Zapdos|Pressure|[silent]","|move|p1a: Blissey|Aromatherapy|p1a: Blissey","|-cureteam|p1a: Blissey|[from] move: Aromatherapy","|","|-heal|p2a: Zapdos|166/321|[from] item: Leftovers","|upkeep","|turn|116","||adding 10 for new turn","|","|t:|1752919723","|move|p2a: Zapdos|Hidden Power|p1a: Blissey","|-damage|p1a: Blissey|647/714","|move|p1a: Blissey|Soft-Boiled|p1a: Blissey","|-heal|p1a: Blissey|714/714","|","|-heal|p2a: Zapdos|186/321|[from] item: Leftovers","|upkeep","|turn|117","||adding 10 for new turn","|","|t:|1752919723","|move|p2a: Zapdos|Hidden Power|p1a: Blissey","|-damage|p1a: Blissey|650/714","|move|p1a: Blissey|Soft-Boiled|p1a: Blissey","|-heal|p1a: Blissey|714/714","|","|-heal|p2a: Zapdos|206/321|[from] item: Leftovers","|upkeep","|turn|118","||adding 10 for new turn","|","|t:|1752919724","|move|p2a: Zapdos|Hidden Power|p1a: Blissey","|-crit|p1a: Blissey","|-damage|p1a: Blissey|577/714","|move|p1a: Blissey|Soft-Boiled|p1a: Blissey","|-heal|p1a: Blissey|714/714","|","|-heal|p2a: Zapdos|226/321|[from] item: Leftovers","|upkeep","|turn|119","||adding 10 for new turn","|","|t:|1752919725","|move|p2a: Zapdos|Hidden Power|p1a: Blissey","|-damage|p1a: Blissey|648/714","|move|p1a: Blissey|Aromatherapy|p1a: Blissey","|-cureteam|p1a: Blissey|[from] move: Aromatherapy","|","|-heal|p2a: Zapdos|246/321|[from] item: Leftovers","|-heal|p1a: Blissey|692/714|[from] item: Leftovers","|upkeep","|turn|120","||adding 10 for new turn","|","|t:|1752919726","|move|p2a: Zapdos|Hidden Power|p1a: Blissey","|-damage|p1a: Blissey|620/714","|move|p1a: Blissey|Aromatherapy|p1a: Blissey","|-cureteam|p1a: Blissey|[from] move: Aromatherapy","|","|-heal|p2a: Zapdos|266/321|[from] item: Leftovers","|-heal|p1a: Blissey|664/714|[from] item: Leftovers","|upkeep","|turn|121","||adding 10 for new turn","|","|t:|1752919727","|move|p2a: Zapdos|Hidden Power|p1a: Blissey","|-damage|p1a: Blissey|594/714","|move|p1a: Blissey|Aromatherapy|p1a: Blissey","|-cureteam|p1a: Blissey|[from] move: Aromatherapy","|","|-heal|p2a: Zapdos|286/321|[from] item: Leftovers","|-heal|p1a: Blissey|638/714|[from] item: Leftovers","|upkeep","|turn|122","||adding 10 for new turn","|","|t:|1752919728","|move|p2a: Zapdos|Hidden Power|p1a: Blissey","|-damage|p1a: Blissey|572/714","|move|p1a: Blissey|Aromatherapy|p1a: Blissey","|-cureteam|p1a: Blissey|[from] move: Aromatherapy","|","|-heal|p2a: Zapdos|306/321|[from] item: Leftovers","|-heal|p1a: Blissey|616/714|[from] item: Leftovers","|upkeep","|turn|123","||adding 10 for new turn","|","|t:|1752919728","|move|p2a: Zapdos|Hidden Power|p1a: Blissey","|-damage|p1a: Blissey|550/714","|move|p1a: Blissey|Aromatherapy|p1a: Blissey","|-cureteam|p1a: Blissey|[from] move: Aromatherapy","|","|-heal|p2a: Zapdos|321/321|[from] item: Leftovers","|-heal|p1a: Blissey|594/714|[from] item: Leftovers","|upkeep","|turn|124","||adding 10 for new turn","|","|t:|1752919729","|move|p2a: Zapdos|Hidden Power|p1a: Blissey","|-damage|p1a: Blissey|524/714","|move|p1a: Blissey|Aromatherapy|p1a: Blissey","|-cureteam|p1a: Blissey|[from] move: Aromatherapy","|","|-heal|p1a: Blissey|568/714|[from] item: Leftovers","|upkeep","|turn|125","||adding 10 for new turn","|","|t:|1752919730","|move|p2a: Zapdos|Hidden Power|p1a: Blissey","|-damage|p1a: Blissey|503/714","|move|p1a: Blissey|Soft-Boiled|p1a: Blissey","|-heal|p1a: Blissey|714/714","|","|upkeep","|turn|126","||adding 10 for new turn","|","|t:|1752919731","|move|p2a: Zapdos|Hidden Power|p1a: Blissey","|-damage|p1a: Blissey|641/714","|move|p1a: Blissey|Aromatherapy|p1a: Blissey","|-cureteam|p1a: Blissey|[from] move: Aromatherapy","|","|-heal|p1a: Blissey|685/714|[from] item: Leftovers","|upkeep","|turn|127","||adding 10 for new turn","|","|t:|1752919732","|move|p2a: Zapdos|Hidden Power|p1a: Blissey","|-damage|p1a: Blissey|621/714","|move|p1a: Blissey|Soft-Boiled|p1a: Blissey","|-heal|p1a: Blissey|714/714","|","|upkeep","|turn|128","||adding 10 for new turn","|","|t:|1752919732","|move|p2a: Zapdos|Hidden Power|p1a: Blissey","|-damage|p1a: Blissey|652/714","|move|p1a: Blissey|Struggle|p2a: Zapdos","|-damage|p2a: Zapdos|316/321","|-damage|p1a: Blissey|651/714|[from] Recoil|[of] p2a: Zapdos","|","|-heal|p2a: Zapdos|321/321|[from] item: Leftovers","|-heal|p1a: Blissey|695/714|[from] item: Leftovers","|upkeep","|turn|129","||adding 10 for new turn","|","|t:|1752919733","|move|p2a: Zapdos|Hidden Power|p1a: Blissey","|-damage|p1a: Blissey|625/714","|move|p1a: Blissey|Struggle|p2a: Zapdos","|-damage|p2a: Zapdos|316/321","|-damage|p1a: Blissey|624/714|[from] Recoil|[of] p2a: Zapdos","|","|-heal|p2a: Zapdos|321/321|[from] item: Leftovers","|-heal|p1a: Blissey|668/714|[from] item: Leftovers","|upkeep","|turn|130","||adding 10 for new turn","|","|t:|1752919734","|move|p2a: Zapdos|Hidden Power|p1a: Blissey","|-crit|p1a: Blissey","|-damage|p1a: Blissey|544/714","|move|p1a: Blissey|Struggle|p2a: Zapdos","|-damage|p2a: Zapdos|316/321","|-damage|p1a: Blissey|543/714|[from] Recoil|[of] p2a: Zapdos","|","|-heal|p2a: Zapdos|321/321|[from] item: Leftovers","|-heal|p1a: Blissey|587/714|[from] item: Leftovers","|upkeep","|turn|131","||adding 10 for new turn","|","|t:|1752919735","|move|p2a: Zapdos|Hidden Power|p1a: Blissey","|-damage|p1a: Blissey|516/714","|move|p1a: Blissey|Struggle|p2a: Zapdos","|-damage|p2a: Zapdos|315/321","|-damage|p1a: Blissey|515/714|[from] Recoil|[of] p2a: Zapdos","|","|-heal|p2a: Zapdos|321/321|[from] item: Leftovers","|-heal|p1a: Blissey|559/714|[from] item: Leftovers","|upkeep","|turn|132","||adding 10 for new turn","|","|t:|1752919736","|move|p2a: Zapdos|Hidden Power|p1a: Blissey","|-damage|p1a: Blissey|492/714","|move|p1a: Blissey|Struggle|p2a: Zapdos","|-damage|p2a: Zapdos|316/321","|-damage|p1a: Blissey|491/714|[from] Recoil|[of] p2a: Zapdos","|","|-heal|p2a: Zapdos|321/321|[from] item: Leftovers","|-heal|p1a: Blissey|535/714|[from] item: Leftovers","|upkeep","|turn|133","||adding 10 for new turn","|","|t:|1752919737","|move|p2a: Zapdos|Hidden Power|p1a: Blissey","|-damage|p1a: Blissey|467/714","|move|p1a: Blissey|Struggle|p2a: Zapdos","|-damage|p2a: Zapdos|316/321","|-damage|p1a: Blissey|466/714|[from] Recoil|[of] p2a: Zapdos","|","|-heal|p2a: Zapdos|321/321|[from] item: Leftovers","|-heal|p1a: Blissey|510/714|[from] item: Leftovers","|upkeep","|turn|134","||adding 10 for new turn","|","|t:|1752919737","|move|p2a: Zapdos|Hidden Power|p1a: Blissey","|-damage|p1a: Blissey|446/714","|move|p1a: Blissey|Struggle|p2a: Zapdos","|-damage|p2a: Zapdos|316/321","|-damage|p1a: Blissey|445/714|[from] Recoil|[of] p2a: Zapdos","|","|-heal|p2a: Zapdos|321/321|[from] item: Leftovers","|-heal|p1a: Blissey|489/714|[from] item: Leftovers","|upkeep","|turn|135","||adding 10 for new turn","|","|t:|1752919738","|move|p2a: Zapdos|Hidden Power|p1a: Blissey","|-damage|p1a: Blissey|423/714","|move|p1a: Blissey|Struggle|p2a: Zapdos","|-damage|p2a: Zapdos|316/321","|-damage|p1a: Blissey|422/714|[from] Recoil|[of] p2a: Zapdos","|","|-heal|p2a: Zapdos|321/321|[from] item: Leftovers","|-heal|p1a: Blissey|466/714|[from] item: Leftovers","|upkeep","|turn|136","||adding 10 for new turn","|","|t:|1752919739","|move|p2a: Zapdos|Hidden Power|p1a: Blissey","|-damage|p1a: Blissey|402/714","|move|p1a: Blissey|Struggle|p2a: Zapdos","|-crit|p2a: Zapdos","|-damage|p2a: Zapdos|310/321","|-damage|p1a: Blissey|400/714|[from] Recoil|[of] p2a: Zapdos","|","|-heal|p2a: Zapdos|321/321|[from] item: Leftovers","|-heal|p1a: Blissey|444/714|[from] item: Leftovers","|upkeep","|turn|137","||adding 10 for new turn","|","|t:|1752919740","|move|p1a: Blissey|Struggle|p2a: Zapdos","|-damage|p2a: Zapdos|316/321","|-damage|p1a: Blissey|443/714|[from] Recoil|[of] p2a: Zapdos","|move|p2a: Zapdos|Roar|p1a: Blissey","|drag|p1a: Claydol|Claydol|204/324","|","|-heal|p2a: Zapdos|321/321|[from] item: Leftovers","|-heal|p1a: Claydol|224/324|[from] item: Leftovers","|upkeep","|turn|138","||adding 10 for new turn","|","|t:|1752919741","|move|p1a: Claydol|Rest|p1a: Claydol","|-status|p1a: Claydol|slp|[from] move: Rest","|-heal|p1a: Claydol|324/324 slp|[silent]","|move|p2a: Zapdos|Roar|p1a: Claydol","|drag|p1a: Blissey|Blissey, F|443/714","|","|-heal|p1a: Blissey|487/714|[from] item: Leftovers","|upkeep","|turn|139","||adding 10 for new turn","|","|t:|1752919741","|move|p1a: Blissey|Struggle|p2a: Zapdos","|-damage|p2a: Zapdos|316/321","|-damage|p1a: Blissey|486/714|[from] Recoil|[of] p2a: Zapdos","|move|p2a: Zapdos|Roar|p1a: Blissey","|drag|p1a: Dugtrio|Dugtrio, M|235/235","|","|-heal|p2a: Zapdos|321/321|[from] item: Leftovers","|upkeep","|turn|140","||adding 10 for new turn","|","|t:|1752919742","|switch|p1a: Blissey|Blissey, F|486/714","|switch|p2a: Gengar|Gengar, M|263/263 par","|","|-heal|p1a: Blissey|530/714|[from] item: Leftovers","|upkeep","|turn|141","||adding 10 for new turn","|","|t:|1752919743","|switch|p1a: Claydol|Claydol|324/324 slp","|move|p2a: Gengar|Explosion|p1a: Claydol","|-damage|p1a: Claydol|61/324 slp","|faint|p2a: Gengar","||adding 5 to each for mid turn request","|","|t:|1752919744","|switch|p2a: Zapdos|Zapdos|321/321","|-ability|p2a: Zapdos|Pressure|[silent]","|","|-heal|p1a: Claydol|81/324 slp|[from] item: Leftovers","|upkeep","|turn|142","||adding 10 for new turn","|","|t:|1752919745","|switch|p1a: Blissey|Blissey, F|530/714","|move|p2a: Zapdos|Roar|p1a: Blissey","|drag|p1a: Claydol|Claydol|81/324 slp","|","|-heal|p1a: Claydol|101/324 slp|[from] item: Leftovers","|upkeep","|turn|143","||adding 10 for new turn","|","|t:|1752919745","|switch|p1a: Blissey|Blissey, F|530/714","|move|p2a: Zapdos|Roar|p1a: Blissey","|drag|p1a: Dugtrio|Dugtrio, M|235/235","|","|upkeep","|turn|144","||adding 10 for new turn","|","|t:|1752919746","|switch|p1a: Blissey|Blissey, F|530/714","|move|p2a: Zapdos|Roar|p1a: Blissey","|drag|p1a: Claydol|Claydol|101/324 slp","|","|-heal|p1a: Claydol|121/324 slp|[from] item: Leftovers","|upkeep","|turn|145","||adding 10 for new turn","|","|t:|1752919747","|switch|p1a: Blissey|Blissey, F|530/714","|move|p2a: Zapdos|Roar|p1a: Blissey","|drag|p1a: Dugtrio|Dugtrio, M|235/235","|","|upkeep","|turn|146","||adding 10 for new turn","|","|t:|1752919748","|switch|p1a: Blissey|Blissey, F|530/714","|move|p2a: Zapdos|Roar|p1a: Blissey","|drag|p1a: Dugtrio|Dugtrio, M|235/235","|","|upkeep","|turn|147","||adding 10 for new turn","|","|t:|1752919749","|switch|p1a: Blissey|Blissey, F|530/714","|move|p2a: Zapdos|Roar|p1a: Blissey","|drag|p1a: Dugtrio|Dugtrio, M|235/235","|","|upkeep","|turn|148","||adding 10 for new turn","|","|t:|1752919750","|switch|p1a: Blissey|Blissey, F|530/714","|move|p2a: Zapdos|Roar|p1a: Blissey","|drag|p1a: Claydol|Claydol|121/324 slp","|","|-heal|p1a: Claydol|141/324 slp|[from] item: Leftovers","|upkeep","|turn|149","||adding 10 for new turn","|","|t:|1752919750","|switch|p1a: Blissey|Blissey, F|530/714","|move|p2a: Zapdos|Roar|p1a: Blissey","|drag|p1a: Dugtrio|Dugtrio, M|235/235","|","|upkeep","|turn|150","||adding 10 for new turn","|","|t:|1752919751","|switch|p1a: Blissey|Blissey, F|530/714","|move|p2a: Zapdos|Roar|p1a: Blissey","|drag|p1a: Dugtrio|Dugtrio, M|235/235","|","|upkeep","|turn|151","||adding 10 for new turn","|","|t:|1752919752","|switch|p1a: Blissey|Blissey, F|530/714","|move|p2a: Zapdos|Roar|p1a: Blissey","|drag|p1a: Claydol|Claydol|141/324 slp","|","|-heal|p1a: Claydol|161/324 slp|[from] item: Leftovers","|upkeep","|turn|152","||adding 10 for new turn","|","|t:|1752919753","|switch|p1a: Blissey|Blissey, F|530/714","|move|p2a: Zapdos|Roar|p1a: Blissey","|drag|p1a: Claydol|Claydol|161/324 slp","|","|-heal|p1a: Claydol|181/324 slp|[from] item: Leftovers","|upkeep","|turn|153","||adding 10 for new turn","|","|t:|1752919754","|switch|p1a: Blissey|Blissey, F|530/714","|move|p2a: Zapdos|Roar|p1a: Blissey","|drag|p1a: Claydol|Claydol|181/324 slp","|","|-heal|p1a: Claydol|201/324 slp|[from] item: Leftovers","|upkeep","|turn|154","||adding 10 for new turn","|","|t:|1752919755","|switch|p1a: Blissey|Blissey, F|530/714","|move|p2a: Zapdos|Roar|p1a: Blissey","|drag|p1a: Claydol|Claydol|201/324 slp","|","|-heal|p1a: Claydol|221/324 slp|[from] item: Leftovers","|upkeep","|turn|155","||adding 10 for new turn","|","|t:|1752919755","|switch|p1a: Blissey|Blissey, F|530/714","|move|p2a: Zapdos|Roar|p1a: Blissey","|drag|p1a: Claydol|Claydol|221/324 slp","|","|-heal|p1a: Claydol|241/324 slp|[from] item: Leftovers","|upkeep","|turn|156","||adding 10 for new turn","|","|t:|1752919756","|switch|p1a: Blissey|Blissey, F|530/714","|move|p2a: Zapdos|Roar|p1a: Blissey","|drag|p1a: Dugtrio|Dugtrio, M|235/235","|","|upkeep","|turn|157","||adding 10 for new turn","|","|t:|1752919757","|switch|p1a: Blissey|Blissey, F|530/714","|move|p2a: Zapdos|Roar|p1a: Blissey","|drag|p1a: Claydol|Claydol|241/324 slp","|","|-heal|p1a: Claydol|261/324 slp|[from] item: Leftovers","|upkeep","|turn|158","||adding 10 for new turn","|","|t:|1752919758","|switch|p1a: Blissey|Blissey, F|530/714","|move|p2a: Zapdos|Roar|p1a: Blissey","|drag|p1a: Claydol|Claydol|261/324 slp","|","|-heal|p1a: Claydol|281/324 slp|[from] item: Leftovers","|upkeep","|turn|159","||adding 10 for new turn","|","|t:|1752919759","|switch|p1a: Blissey|Blissey, F|530/714","|move|p2a: Zapdos|Roar|p1a: Blissey","|drag|p1a: Claydol|Claydol|281/324 slp","|","|-heal|p1a: Claydol|301/324 slp|[from] item: Leftovers","|upkeep","|turn|160","||adding 10 for new turn","|","|t:|1752919759","|switch|p1a: Blissey|Blissey, F|530/714","|move|p2a: Zapdos|Roar|p1a: Blissey","|drag|p1a: Dugtrio|Dugtrio, M|235/235","|","|upkeep","|turn|161","||adding 10 for new turn","|","|t:|1752919760","|switch|p1a: Blissey|Blissey, F|530/714","|move|p2a: Zapdos|Roar|p1a: Blissey","|drag|p1a: Claydol|Claydol|301/324 slp","|","|-heal|p1a: Claydol|321/324 slp|[from] item: Leftovers","|upkeep","|turn|162","||adding 10 for new turn","|","|t:|1752919761","|switch|p1a: Blissey|Blissey, F|530/714","|move|p2a: Zapdos|Roar|p1a: Blissey","|drag|p1a: Dugtrio|Dugtrio, M|235/235","|","|upkeep","|turn|163","||adding 10 for new turn","|","|t:|1752919762","|switch|p1a: Blissey|Blissey, F|530/714","|move|p2a: Zapdos|Roar|p1a: Blissey","|drag|p1a: Claydol|Claydol|321/324 slp","|","|-heal|p1a: Claydol|324/324 slp|[from] item: Leftovers","|upkeep","|turn|164","||adding 10 for new turn","|","|t:|1752919763","|switch|p1a: Blissey|Blissey, F|530/714","|move|p2a: Zapdos|Roar|p1a: Blissey","|drag|p1a: Dugtrio|Dugtrio, M|235/235","|","|upkeep","|turn|165","||adding 10 for new turn","|","|t:|1752919764","|switch|p1a: Blissey|Blissey, F|530/714","|move|p2a: Zapdos|Roar|p1a: Blissey","|drag|p1a: Claydol|Claydol|324/324 slp","|","|upkeep","|turn|166","||adding 10 for new turn","|","|t:|1752919764","|switch|p1a: Blissey|Blissey, F|530/714","|move|p2a: Zapdos|Roar|p1a: Blissey","|drag|p1a: Claydol|Claydol|324/324 slp","|","|upkeep","|turn|167","||adding 10 for new turn","|","|t:|1752919765","|switch|p1a: Blissey|Blissey, F|530/714","|move|p2a: Zapdos|Roar|p1a: Blissey","|drag|p1a: Claydol|Claydol|324/324 slp","|","|upkeep","|turn|168","||adding 10 for new turn","|","|t:|1752919766","|switch|p1a: Blissey|Blissey, F|530/714","|move|p2a: Zapdos|Roar|p1a: Blissey","|drag|p1a: Claydol|Claydol|324/324 slp","|","|upkeep","|turn|169","||adding 10 for new turn","|","|t:|1752919767","|switch|p1a: Blissey|Blissey, F|530/714","|move|p2a: Zapdos|Roar|p1a: Blissey","|drag|p1a: Dugtrio|Dugtrio, M|235/235","|","|upkeep","|turn|170","||adding 10 for new turn","|","|t:|1752919768","|switch|p1a: Blissey|Blissey, F|530/714","|move|p2a: Zapdos|Roar|p1a: Blissey","|drag|p1a: Claydol|Claydol|324/324 slp","|","|upkeep","|turn|171","||adding 10 for new turn","|","|t:|1752919768","|switch|p1a: Blissey|Blissey, F|530/714","|move|p2a: Zapdos|Thunderbolt|p1a: Blissey","|-damage|p1a: Blissey|402/714","|","|-heal|p1a: Blissey|446/714|[from] item: Leftovers","|upkeep","|turn|172","||adding 10 for new turn","|","|t:|1752919769","|move|p2a: Zapdos|Baton Pass||[still]","|-fail|p2a: Zapdos","|move|p1a: Blissey|Struggle|p2a: Zapdos","|-damage|p2a: Zapdos|316/321","|-damage|p1a: Blissey|445/714|[from] Recoil|[of] p2a: Zapdos","|","|-heal|p2a: Zapdos|321/321|[from] item: Leftovers","|-heal|p1a: Blissey|489/714|[from] item: Leftovers","|upkeep","|turn|173","||adding 10 for new turn","|","|t:|1752919770","|move|p2a: Zapdos|Baton Pass||[still]","|-fail|p2a: Zapdos","|move|p1a: Blissey|Struggle|p2a: Zapdos","|-damage|p2a: Zapdos|316/321","|-damage|p1a: Blissey|488/714|[from] Recoil|[of] p2a: Zapdos","|","|-heal|p2a: Zapdos|321/321|[from] item: Leftovers","|-heal|p1a: Blissey|532/714|[from] item: Leftovers","|upkeep","|turn|174","||adding 10 for new turn","|","|t:|1752919771","|move|p2a: Zapdos|Thunderbolt|p1a: Blissey","|-damage|p1a: Blissey|396/714","|-status|p1a: Blissey|par","|cant|p1a: Blissey|par","|","|-heal|p1a: Blissey|440/714 par|[from] item: Leftovers","|upkeep","|turn|175","||adding 10 for new turn","|","|t:|1752919771","|move|p2a: Zapdos|Baton Pass||[still]","|-fail|p2a: Zapdos","|cant|p1a: Blissey|par","|","|-heal|p1a: Blissey|484/714 par|[from] item: Leftovers","|upkeep","|turn|176","||adding 10 for new turn","|","|t:|1752919772","|move|p2a: Zapdos|Baton Pass||[still]","|-fail|p2a: Zapdos","|cant|p1a: Blissey|par","|","|-heal|p1a: Blissey|528/714 par|[from] item: Leftovers","|upkeep","|turn|177","||adding 10 for new turn","|","|t:|1752919773","|move|p2a: Zapdos|Thunderbolt|p1a: Blissey","|-damage|p1a: Blissey|383/714 par","|cant|p1a: Blissey|par","|","|-heal|p1a: Blissey|427/714 par|[from] item: Leftovers","|upkeep","|turn|178","||adding 10 for new turn","|","|t:|1752919773","|move|p2a: Zapdos|Thunderbolt|p1a: Blissey","|-damage|p1a: Blissey|294/714 par","|cant|p1a: Blissey|par","|","|-heal|p1a: Blissey|338/714 par|[from] item: Leftovers","|upkeep","|turn|179","||adding 10 for new turn","|","|t:|1752919774","|move|p2a: Zapdos|Thunderbolt|p1a: Blissey","|-damage|p1a: Blissey|193/714 par","|move|p1a: Blissey|Struggle|p2a: Zapdos","|-damage|p2a: Zapdos|315/321","|-damage|p1a: Blissey|192/714 par|[from] Recoil|[of] p2a: Zapdos","|","|-heal|p2a: Zapdos|321/321|[from] item: Leftovers","|-heal|p1a: Blissey|236/714 par|[from] item: Leftovers","|upkeep","|turn|180","||adding 10 for new turn","|","|t:|1752919775","|move|p2a: Zapdos|Thunderbolt|p1a: Blissey","|-damage|p1a: Blissey|93/714 par","|move|p1a: Blissey|Struggle|p2a: Zapdos","|-damage|p2a: Zapdos|316/321","|-damage|p1a: Blissey|92/714 par|[from] Recoil|[of] p2a: Zapdos","|","|-heal|p2a: Zapdos|321/321|[from] item: Leftovers","|-heal|p1a: Blissey|136/714 par|[from] item: Leftovers","|upkeep","|turn|181","||adding 10 for new turn","|","|t:|1752919776","|move|p2a: Zapdos|Thunderbolt|p1a: Blissey","|-damage|p1a: Blissey|0 fnt","|faint|p1a: Blissey","||adding 5 to each for mid turn request","|","|t:|1752919777","|switch|p1a: Claydol|Claydol|324/324 slp","|","|upkeep","|turn|182","||adding 10 for new turn","|","|t:|1752919777","|move|p2a: Zapdos|Thunderbolt|p1a: Claydol","|-immune|p1a: Claydol","|cant|p1a: Claydol|slp","|","|upkeep","|turn|183","||adding 10 for new turn","|","|t:|1752919778","|move|p2a: Zapdos|Thunderbolt|p1a: Claydol","|-immune|p1a: Claydol","|cant|p1a: Claydol|slp","|","|upkeep","|turn|184","||adding 10 for new turn","|","|t:|1752919779","|move|p2a: Zapdos|Thunderbolt|p1a: Claydol","|-immune|p1a: Claydol","|-curestatus|p1a: Claydol|slp|[msg]","|move|p1a: Claydol|Psychic|p2a: Zapdos","|-damage|p2a: Zapdos|240/321","|","|-heal|p2a: Zapdos|260/321|[from] item: Leftovers","|upkeep","|turn|185","||adding 10 for new turn","|","|t:|1752919780","|move|p2a: Zapdos|Baton Pass||[still]","|-fail|p2a: Zapdos","|move|p1a: Claydol|Psychic|p2a: Zapdos","|-damage|p2a: Zapdos|167/321","|","|-heal|p2a: Zapdos|187/321|[from] item: Leftovers","|upkeep","|turn|186","||adding 10 for new turn","|","|t:|1752919781","|move|p2a: Zapdos|Thunderbolt|p1a: Claydol","|-immune|p1a: Claydol","|move|p1a: Claydol|Psychic|p2a: Zapdos","|-damage|p2a: Zapdos|102/321","|","|-heal|p2a: Zapdos|122/321|[from] item: Leftovers","|upkeep","|turn|187","||adding 10 for new turn","|","|t:|1752919781","|move|p2a: Zapdos|Baton Pass||[still]","|-fail|p2a: Zapdos","|move|p1a: Claydol|Psychic|p2a: Zapdos","|-damage|p2a: Zapdos|30/321","|","|-heal|p2a: Zapdos|50/321|[from] item: Leftovers","|upkeep","|turn|188","||adding 10 for new turn","|","|t:|1752919782","|move|p2a: Zapdos|Baton Pass||[still]","|-fail|p2a: Zapdos","|move|p1a: Claydol|Psychic|p2a: Zapdos","|-damage|p2a: Zapdos|0 fnt","|faint|p2a: Zapdos","|","|win|foultestchallenge1",""],"p1rating":null,"p2rating":null,"endType":"normal","ladderError":true,"timestamp":"Sat Jul 19 2025 03:09:42 GMT-0700 (アメリカ太平洋夏時間)","roomid":"battle-gen3ou-896","format":"gen3ou"}