{"winner":"foultestchallenge1","seed":"sodium,8c91fb538de70997b812f913832adb24","turns":34,"p1":"foultestchallenge1","p2":"foultestacceptor1","p1team":[{"name":"Skarmory","species":"Skarmory","item":"Leftovers","ability":"Keen Eye","moves":["Spikes","Protect","Roar","Toxic"],"nature":"Careful","evs":{"hp":252,"atk":0,"def":8,"spa":0,"spd":248,"spe":0},"gender":"F","ivs":{"hp":31,"atk":0,"def":31,"spa":31,"spd":31,"spe":31},"level":100},{"name":"Blissey","species":"Blissey","item":"Leftovers","ability":"Natural Cure","moves":["Soft-Boiled","Ice Beam","Toxic","Fire Blast"],"nature":"Modest","evs":{"hp":0,"atk":0,"def":252,"spa":252,"spd":0,"spe":4},"gender":"F","ivs":{"hp":31,"atk":0,"def":31,"spa":31,"spd":31,"spe":31},"shiny":true,"level":100},{"name":"Tyranitar","species":"Tyranitar","item":"Leftovers","ability":"Sand Stream","moves":["Focus Punch","Rock Slide","Hidden Power Bug","Earthquake"],"nature":"Adamant","evs":{"hp":248,"atk":196,"def":12,"spa":0,"spd":52,"spe":0},"gender":"F","ivs":{"hp":31,"atk":30,"def":30,"spa":31,"spd":30,"spe":31},"happiness":255,"hpType":"Bug","pokeball":"","gigantamax":false,"dynamaxLevel":10,"teraType":"","level":100},{"name":"Swampert","species":"Swampert","item":"Leftovers","ability":"Torrent","moves":["Earthquake","Ice Beam","Hydro Pump","Protect"],"nature":"Relaxed","evs":{"hp":240,"atk":0,"def":136,"spa":40,"spd":48,"spe":44},"gender":"F","level":100,"ivs":{"hp":31,"atk":31,"def":31,"spa":31,"spd":31,"spe":31}},{"name":"Gengar","species":"Gengar","item":"Leftovers","ability":"Levitate","moves":["Will-O-Wisp","Thunderbolt","Ice Punch","Explosion"],"nature":"Timid","evs":{"hp":168,"atk":0,"def":0,"spa":0,"spd":164,"spe":176},"gender":"F","level":100,"ivs":{"hp":31,"atk":31,"def":31,"spa":31,"spd":31,"spe":31}},{"name":"Starmie","species":"Starmie","item":"Leftovers","ability":"Natural Cure","moves":["Hydro Pump","Ice Beam","Thunderbolt","Rapid Spin"],"nature":"Timid","evs":{"hp":4,"atk":0,"def":0,"spa":252,"spd":0,"spe":252},"gender":"N","ivs":{"hp":31,"atk":0,"def":31,"spa":31,"spd":31,"spe":31},"level":100}],"p2team":[{"name":"Metagross","species":"Metagross","item":"Leftovers","ability":"Clear Body","moves":["Meteor Mash","Earthquake","Agility","Explosion"],"nature":"Adamant","evs":{"hp":152,"atk":252,"def":0,"spa":0,"spd":0,"spe":104},"gender":"N","level":100,"ivs":{"hp":31,"atk":31,"def":31,"spa":31,"spd":31,"spe":31}},{"name":"Milotic","species":"Milotic","item":"Leftovers","ability":"Marvel Scale","moves":["Hypnosis","Surf","Ice Beam","Recover"],"nature":"Bold","evs":{"hp":248,"atk":0,"def":212,"spa":0,"spd":0,"spe":48},"gender":"F","ivs":{"hp":31,"atk":0,"def":31,"spa":31,"spd":31,"spe":31},"level":100},{"name":"Celebi","species":"Celebi","item":"Leftovers","ability":"Natural Cure","moves":["Swords Dance","Hidden Power Rock","Baton Pass","Recover"],"nature":"Jolly","evs":{"hp":240,"atk":0,"def":44,"spa":0,"spd":4,"spe":220},"gender":"N","ivs":{"hp":31,"atk":31,"def":30,"spa":31,"spd":30,"spe":30},"happiness":255,"hpType":"Rock","pokeball":"","gigantamax":false,"dynamaxLevel":10,"teraType":"","level":100},{"name":"Magneton","species":"Magneton","item":"Leftovers","ability":"Magnet Pull","moves":["Thunderbolt","Hidden Power Fire","Thunder Wave","Toxic"],"nature":"Timid","evs":{"hp":144,"atk":0,"def":0,"spa":112,"spd":0,"spe":252},"gender":"N","ivs":{"hp":31,"atk":2,"def":31,"spa":30,"spd":31,"spe":30},"happiness":255,"hpType":"Fire","pokeball":"","gigantamax":false,"dynamaxLevel":10,"teraType":"","level":100},{"name":"Heracross","species":"Heracross","item":"Leftovers","ability":"Guts","moves":["Megahorn","Rock Slide","Hidden Power Ghost","Brick Break"],"nature":"Adamant","evs":{"hp":144,"atk":16,"def":0,"spa":0,"spd":184,"spe":164},"gender":"F","ivs":{"hp":31,"atk":31,"def":30,"spa":31,"spd":30,"spe":31},"happiness":255,"hpType":"Ghost","pokeball":"","gigantamax":false,"dynamaxLevel":10,"teraType":"","level":100},{"name":"Gyarados","species":"Gyarados","item":"Leftovers","ability":"Intimidate","moves":["Hidden Power Flying","Double-Edge","Earthquake","Dragon Dance"],"nature":"Jolly","evs":{"hp":0,"atk":252,"def":4,"spa":0,"spd":0,"spe":252},"gender":"M","ivs":{"hp":30,"atk":30,"def":30,"spa":30,"spd":30,"spe":31},"happiness":255,"hpType":"Flying","pokeball":"","gigantamax":false,"dynamaxLevel":10,"teraType":"","level":100}],"score":[4,0],"inputLog":[">version 372d05e49c92a79eecdf6c8dddb208bd1765c00f",">start {\"formatid\":\"gen3ou\",\"seed\":\"sodium,8c91fb538de70997b812f913832adb24\"}",">player p1 {\"name\":\"foultestchallenge1\",\"avatar\":\"1\",\"team\":\"Skarmory||Leftovers|KeenEye|Spikes,Protect,Roar,Toxic|Careful|252,,8,,248,|F|,0,,,,|||]Blissey||Leftovers|NaturalCure|SoftBoiled,IceBeam,Toxic,FireBlast|Modest|,,252,252,,4|F|,0,,,,|S||]Tyranitar||Leftovers|SandStream|FocusPunch,RockSlide,HiddenPowerBug,Earthquake|Adamant|248,196,12,,52,|F|,30,30,,30,|||,Bug,,,,]Swampert||Leftovers|Torrent|Earthquake,IceBeam,HydroPump,Protect|Relaxed|240,,136,40,48,44|F||||]Gengar||Leftovers|Levitate|WillOWisp,Thunderbolt,IcePunch,Explosion|Timid|168,,,,164,176|F||||]Starmie||Leftovers|NaturalCure|HydroPump,IceBeam,Thunderbolt,RapidSpin|Timid|4,,,252,,252|N|,0,,,,|||\",\"rating\":0}",">player p2 {\"name\":\"foultestacceptor1\",\"avatar\":\"169\",\"team\":\"Metagross||Leftovers|ClearBody|MeteorMash,Earthquake,Agility,Explosion|Adamant|152,252,,,,104|N||||]Milotic||Leftovers|MarvelScale|Hypnosis,Surf,IceBeam,Recover|Bold|248,,212,,,48|F|,0,,,,|||]Celebi||Leftovers|NaturalCure|SwordsDance,HiddenPowerRock,BatonPass,Recover|Jolly|240,,44,,4,220|N|,,30,,30,30|||,Rock,,,,]Magneton||Leftovers|MagnetPull|Thunderbolt,HiddenPowerFire,ThunderWave,Toxic|Timid|144,,,112,,252|N|,2,,30,,30|||,Fire,,,,]Heracross||Leftovers|Guts|Megahorn,RockSlide,HiddenPowerGhost,BrickBreak|Adamant|144,16,,,184,164|F|,,30,,30,|||,Ghost,,,,]Gyarados||Leftovers|Intimidate|HiddenPowerFlying,DoubleEdge,Earthquake,DragonDance|Jolly|,252,4,,,252|M|30,30,30,30,30,|||,Flying,,,,\",\"rating\":0}",">p1 move spikes",">p2 switch 4",">p1 move spikes",">p2 move thunderbolt",">p1 move spikes",">p2 move hiddenpower",">p1 switch 3",">p1 move earthquake",">p2 switch 6",">p1 move rockslide",">p2 switch 4",">p1 switch 4",">p2 move meteormash",">p1 move earthquake",">p2 switch 4",">p1 switch 5",">p2 move earthquake",">p1 move willowisp",">p2 switch 4",">p1 switch 5",">p2 move meteormash",">p1 move protect",">p2 move meteormash",">p1 move protect",">p2 move meteormash",">p1 move protect",">p2 move meteormash",">p1 switch 5",">p2 move meteormash",">p1 move thunderbolt",">p2 move meteormash",">p2 switch 5",">p1 move explosion",">p2 move hiddenpower",">p1 switch 6",">p2 switch 2",">p1 move thunderbolt",">p2 move recover",">p1 move thunderbolt",">p2 move recover",">p1 move thunderbolt",">p2 move surf",">p1 move thunderbolt",">p2 move recover",">p1 move thunderbolt",">p2 move recover",">p1 move thunderbolt",">p2 move recover",">p1 move thunderbolt",">p2 move recover",">p1 move thunderbolt",">p2 move hypnosis",">p1 move thunderbolt",">p2 move recover",">p1 move thunderbolt",">p2 move recover",">p1 move thunderbolt",">p2 move recover",">p1 move thunderbolt",">p2 move recover",">p1 move thunderbolt",">p2 move surf",">p1 move thunderbolt",">p2 move recover",">p2 switch 4",">p1 move thunderbolt",">p2 switch 3",">p1 move icebeam",">p2 move recover",">p2 switch 6",">p1 move hydropump",">p2 move thunderbolt",">p2 switch 3",">p1 move thunderbolt",">p2 move dragondance"],"log":["|j|☆foultestchallenge1","|j|☆foultestacceptor1","|t:|1752966322","|gametype|singles","|player|p1|foultestchallenge1|1|","|player|p2|foultestacceptor1|169|","|teamsize|p1|6","|teamsize|p2|6","|gen|3","|tier|[Gen 3] OU","|rule|Sleep Clause Mod: Limit one foe put to sleep","|rule|Switch Priority Clause Mod: Faster Pokémon switch first","|rule|Species Clause: Limit one of each Pokémon","|rule|OHKO Clause: OHKO moves are banned","|rule|Evasion Items Clause: Evasion items are banned","|rule|Evasion Moves Clause: Evasion moves are banned","|rule|Endless Battle Clause: Forcing endless battles is banned","|rule|HP Percentage Mod: HP is shown in percentages","|rule|One Boost Passer Clause: Limit one Baton Passer that has a way to boost its stats","|rule|Freeze Clause Mod: Limit one foe frozen","|","|t:|1752966322","|start","|switch|p1a: Skarmory|Skarmory, F|334/334","|switch|p2a: Metagross|Metagross|339/339","|turn|1","|inactive|Battle timer is ON: inactive players will automatically lose when time's up. (requested by foultestacceptor1)","|inactive|foultestchallenge1 also wants the timer to be on.","|","|t:|1752966330","|switch|p2a: Magneton|Magneton|277/277","|move|p1a: Skarmory|Spikes|p2a: Magneton","|-sidestart|p2: foultestacceptor1|Spikes","|","|upkeep","|turn|2","||adding 10 for new turn","|","|t:|1752966338","|move|p2a: Magneton|Thunderbolt|p1a: Skarmory","|-supereffective|p1a: Skarmory","|-damage|p1a: Skarmory|69/334","|move|p1a: Skarmory|Spikes|p2a: Magneton","|-sidestart|p2: foultestacceptor1|Spikes","|","|-heal|p1a: Skarmory|89/334|[from] item: Leftovers","|upkeep","|turn|3","||adding 10 for new turn","|","|t:|1752966346","|move|p2a: Magneton|Hidden Power|p1a: Skarmory","|-supereffective|p1a: Skarmory","|-damage|p1a: Skarmory|0 fnt","|faint|p1a: Skarmory","||adding 5 to each for mid turn request","|","|t:|1752966354","|switch|p1a: Tyranitar|Tyranitar, F|403/403","|-weather|Sandstorm|[from] ability: Sand Stream|[of] p1a: Tyranitar","|","|-weather|Sandstorm|[upkeep]","|upkeep","|turn|4","||adding 10 for new turn","|","|t:|1752966362","|switch|p2a: Gyarados|Gyarados, M|330/330","|-ability|p2a: Gyarados|Intimidate|boost","|-unboost|p1a: Tyranitar|atk|1","|move|p1a: Tyranitar|Earthquake|p2a: Gyarados","|-immune|p2a: Gyarados","|","|-weather|Sandstorm|[upkeep]","|-damage|p2a: Gyarados|310/330|[from] Sandstorm","|-heal|p2a: Gyarados|330/330|[from] item: Leftovers","|upkeep","|turn|5","||adding 10 for new turn","|","|t:|1752966369","|switch|p2a: Metagross|Metagross|339/339","|-damage|p2a: Metagross|283/339|[from] Spikes","|move|p1a: Tyranitar|Rock Slide|p2a: Metagross","|-resisted|p2a: Metagross","|-damage|p2a: Metagross|247/339","|","|-weather|Sandstorm|[upkeep]","|-heal|p2a: Metagross|268/339|[from] item: Leftovers","|upkeep","|turn|6","||adding 10 for new turn","|","|t:|1752966377","|switch|p1a: Swampert|Swampert, F|401/401","|move|p2a: Metagross|Meteor Mash|p1a: Swampert","|-resisted|p1a: Swampert","|-damage|p1a: Swampert|319/401","|","|-weather|Sandstorm|[upkeep]","|-heal|p2a: Metagross|289/339|[from] item: Leftovers","|-heal|p1a: Swampert|344/401|[from] item: Leftovers","|upkeep","|turn|7","||adding 10 for new turn","|","|t:|1752966386","|switch|p2a: Gyarados|Gyarados, M|330/330","|-ability|p2a: Gyarados|Intimidate|boost","|-unboost|p1a: Swampert|atk|1","|move|p1a: Swampert|Earthquake|p2a: Gyarados","|-immune|p2a: Gyarados","|","|-weather|Sandstorm|[upkeep]","|-damage|p2a: Gyarados|310/330|[from] Sandstorm","|-heal|p2a: Gyarados|330/330|[from] item: Leftovers","|-heal|p1a: Swampert|369/401|[from] item: Leftovers","|upkeep","|turn|8","||adding 10 for new turn","|","|t:|1752966393","|switch|p1a: Gengar|Gengar, F|303/303","|move|p2a: Gyarados|Earthquake|p1a: Gengar","|-immune|p1a: Gengar","|","|-weather|Sandstorm|[upkeep]","|-damage|p1a: Gengar|285/303|[from] Sandstorm","|-damage|p2a: Gyarados|310/330|[from] Sandstorm","|-heal|p1a: Gengar|303/303|[from] item: Leftovers","|-heal|p2a: Gyarados|330/330|[from] item: Leftovers","|upkeep","|turn|9","||adding 10 for new turn","|","|t:|1752966401","|switch|p2a: Metagross|Metagross|289/339","|-damage|p2a: Metagross|233/339|[from] Spikes","|move|p1a: Gengar|Will-O-Wisp|p2a: Metagross","|-status|p2a: Metagross|brn","|","|-weather|Sandstorm|[upkeep]","|-damage|p1a: Gengar|285/303|[from] Sandstorm","|-heal|p1a: Gengar|303/303|[from] item: Leftovers","|-heal|p2a: Metagross|254/339 brn|[from] item: Leftovers","|-damage|p2a: Metagross|212/339 brn|[from] brn","|upkeep","|turn|10","||adding 10 for new turn","|","|t:|1752966409","|switch|p1a: Swampert|Swampert, F|369/401","|move|p2a: Metagross|Meteor Mash|p1a: Swampert","|-resisted|p1a: Swampert","|-damage|p1a: Swampert|327/401","|","|-weather|Sandstorm|[upkeep]","|-heal|p2a: Metagross|233/339 brn|[from] item: Leftovers","|-damage|p2a: Metagross|191/339 brn|[from] brn","|-heal|p1a: Swampert|352/401|[from] item: Leftovers","|upkeep","|turn|11","||adding 10 for new turn","|","|t:|1752966417","|move|p1a: Swampert|Protect|p1a: Swampert","|-singleturn|p1a: Swampert|Protect","|move|p2a: Metagross|Meteor Mash|p1a: Swampert","|-activate|p1a: Swampert|Protect","|","|-weather|Sandstorm|[upkeep]","|-heal|p2a: Metagross|212/339 brn|[from] item: Leftovers","|-damage|p2a: Metagross|170/339 brn|[from] brn","|-heal|p1a: Swampert|377/401|[from] item: Leftovers","|upkeep","|turn|12","||adding 10 for new turn","|","|t:|1752966425","|move|p1a: Swampert|Protect||[still]","|-fail|p1a: Swampert","|move|p2a: Metagross|Meteor Mash|p1a: Swampert","|-resisted|p1a: Swampert","|-damage|p1a: Swampert|334/401","|","|-weather|Sandstorm|[upkeep]","|-heal|p2a: Metagross|191/339 brn|[from] item: Leftovers","|-damage|p2a: Metagross|149/339 brn|[from] brn","|-heal|p1a: Swampert|359/401|[from] item: Leftovers","|upkeep","|turn|13","||adding 10 for new turn","|","|t:|1752966433","|move|p1a: Swampert|Protect|p1a: Swampert","|-singleturn|p1a: Swampert|Protect","|move|p2a: Metagross|Meteor Mash|p1a: Swampert","|-activate|p1a: Swampert|Protect","|","|-weather|Sandstorm|[upkeep]","|-heal|p2a: Metagross|170/339 brn|[from] item: Leftovers","|-damage|p2a: Metagross|128/339 brn|[from] brn","|-heal|p1a: Swampert|384/401|[from] item: Leftovers","|upkeep","|turn|14","||adding 10 for new turn","|","|t:|1752966440","|switch|p1a: Gengar|Gengar, F|303/303","|move|p2a: Metagross|Meteor Mash|p1a: Gengar","|-damage|p1a: Gengar|146/303","|","|-weather|Sandstorm|[upkeep]","|-damage|p1a: Gengar|128/303|[from] Sandstorm","|-heal|p1a: Gengar|146/303|[from] item: Leftovers","|-heal|p2a: Metagross|149/339 brn|[from] item: Leftovers","|-damage|p2a: Metagross|107/339 brn|[from] brn","|upkeep","|turn|15","||adding 10 for new turn","|","|t:|1752966448","|move|p1a: Gengar|Thunderbolt|p2a: Metagross","|-crit|p2a: Metagross","|-damage|p2a: Metagross|0 fnt","|faint|p2a: Metagross","||adding 5 to each for mid turn request","|","|t:|1752966456","|switch|p2a: Heracross|Heracross, F|337/337","|-damage|p2a: Heracross|281/337|[from] Spikes","|","|-weather|Sandstorm|[upkeep]","|-damage|p1a: Gengar|128/303|[from] Sandstorm","|-damage|p2a: Heracross|260/337|[from] Sandstorm","|-heal|p1a: Gengar|146/303|[from] item: Leftovers","|-heal|p2a: Heracross|281/337|[from] item: Leftovers","|upkeep","|turn|16","||adding 10 for new turn","|","|t:|1752966464","|move|p1a: Gengar|Explosion|p2a: Heracross","|-damage|p2a: Heracross|0 fnt","|faint|p1a: Gengar","|faint|p2a: Heracross","||adding 5 to each for mid turn request","|","|t:|1752966471","|switch|p1a: Starmie|Starmie|262/262","|switch|p2a: Milotic|Milotic, F|393/393","|-damage|p2a: Milotic|328/393|[from] Spikes","|","|-weather|Sandstorm|[upkeep]","|-damage|p1a: Starmie|246/262|[from] Sandstorm","|-damage|p2a: Milotic|304/393|[from] Sandstorm","|-heal|p1a: Starmie|262/262|[from] item: Leftovers","|-heal|p2a: Milotic|328/393|[from] item: Leftovers","|upkeep","|turn|17","||adding 10 for new turn","|","|t:|1752966479","|move|p1a: Starmie|Thunderbolt|p2a: Milotic","|-supereffective|p2a: Milotic","|-damage|p2a: Milotic|160/393","|move|p2a: Milotic|Recover|p2a: Milotic","|-heal|p2a: Milotic|356/393","|","|-weather|Sandstorm|[upkeep]","|-damage|p1a: Starmie|246/262|[from] Sandstorm","|-damage|p2a: Milotic|332/393|[from] Sandstorm","|-heal|p1a: Starmie|262/262|[from] item: Leftovers","|-heal|p2a: Milotic|356/393|[from] item: Leftovers","|upkeep","|turn|18","||adding 10 for new turn","|","|t:|1752966487","|move|p1a: Starmie|Thunderbolt|p2a: Milotic","|-supereffective|p2a: Milotic","|-damage|p2a: Milotic|207/393","|move|p2a: Milotic|Recover|p2a: Milotic","|-heal|p2a: Milotic|393/393","|","|-weather|Sandstorm|[upkeep]","|-damage|p1a: Starmie|246/262|[from] Sandstorm","|-damage|p2a: Milotic|369/393|[from] Sandstorm","|-heal|p1a: Starmie|262/262|[from] item: Leftovers","|-heal|p2a: Milotic|393/393|[from] item: Leftovers","|upkeep","|turn|19","||adding 10 for new turn","|","|t:|1752966495","|move|p1a: Starmie|Thunderbolt|p2a: Milotic","|-supereffective|p2a: Milotic","|-damage|p2a: Milotic|240/393","|move|p2a: Milotic|Surf|p1a: Starmie","|-resisted|p1a: Starmie","|-damage|p1a: Starmie|198/262","|","|-weather|Sandstorm|[upkeep]","|-damage|p1a: Starmie|182/262|[from] Sandstorm","|-damage|p2a: Milotic|216/393|[from] Sandstorm","|-heal|p1a: Starmie|198/262|[from] item: Leftovers","|-heal|p2a: Milotic|240/393|[from] item: Leftovers","|upkeep","|turn|20","||adding 10 for new turn","|","|t:|1752966503","|move|p1a: Starmie|Thunderbolt|p2a: Milotic","|-supereffective|p2a: Milotic","|-damage|p2a: Milotic|72/393","|move|p2a: Milotic|Recover|p2a: Milotic","|-heal|p2a: Milotic|268/393","|","|-weather|Sandstorm|[upkeep]","|-damage|p1a: Starmie|182/262|[from] Sandstorm","|-damage|p2a: Milotic|244/393|[from] Sandstorm","|-heal|p1a: Starmie|198/262|[from] item: Leftovers","|-heal|p2a: Milotic|268/393|[from] item: Leftovers","|upkeep","|turn|21","||adding 10 for new turn","|","|t:|1752966511","|move|p1a: Starmie|Thunderbolt|p2a: Milotic","|-supereffective|p2a: Milotic","|-damage|p2a: Milotic|100/393","|move|p2a: Milotic|Recover|p2a: Milotic","|-heal|p2a: Milotic|296/393","|","|-weather|Sandstorm|[upkeep]","|-damage|p1a: Starmie|182/262|[from] Sandstorm","|-damage|p2a: Milotic|272/393|[from] Sandstorm","|-heal|p1a: Starmie|198/262|[from] item: Leftovers","|-heal|p2a: Milotic|296/393|[from] item: Leftovers","|upkeep","|turn|22","||adding 10 for new turn","|","|t:|1752966519","|move|p1a: Starmie|Thunderbolt|p2a: Milotic","|-supereffective|p2a: Milotic","|-damage|p2a: Milotic|140/393","|move|p2a: Milotic|Recover|p2a: Milotic","|-heal|p2a: Milotic|336/393","|","|-weather|Sandstorm|[upkeep]","|-damage|p1a: Starmie|182/262|[from] Sandstorm","|-damage|p2a: Milotic|312/393|[from] Sandstorm","|-heal|p1a: Starmie|198/262|[from] item: Leftovers","|-heal|p2a: Milotic|336/393|[from] item: Leftovers","|upkeep","|turn|23","||adding 10 for new turn","|","|t:|1752966527","|move|p1a: Starmie|Thunderbolt|p2a: Milotic","|-supereffective|p2a: Milotic","|-damage|p2a: Milotic|177/393","|move|p2a: Milotic|Recover|p2a: Milotic","|-heal|p2a: Milotic|373/393","|","|-weather|Sandstorm|[upkeep]","|-damage|p1a: Starmie|182/262|[from] Sandstorm","|-damage|p2a: Milotic|349/393|[from] Sandstorm","|-heal|p1a: Starmie|198/262|[from] item: Leftovers","|-heal|p2a: Milotic|373/393|[from] item: Leftovers","|upkeep","|turn|24","||adding 10 for new turn","|","|t:|1752966534","|move|p1a: Starmie|Thunderbolt|p2a: Milotic","|-supereffective|p2a: Milotic","|-damage|p2a: Milotic|203/393","|move|p2a: Milotic|Hypnosis|p1a: Starmie|[miss]","|-miss|p2a: Milotic|p1a: Starmie","|","|-weather|Sandstorm|[upkeep]","|-damage|p1a: Starmie|182/262|[from] Sandstorm","|-damage|p2a: Milotic|179/393|[from] Sandstorm","|-heal|p1a: Starmie|198/262|[from] item: Leftovers","|-heal|p2a: Milotic|203/393|[from] item: Leftovers","|upkeep","|turn|25","||adding 10 for new turn","|","|t:|1752966542","|move|p1a: Starmie|Thunderbolt|p2a: Milotic","|-supereffective|p2a: Milotic","|-damage|p2a: Milotic|45/393","|move|p2a: Milotic|Recover|p2a: Milotic","|-heal|p2a: Milotic|241/393","|","|-weather|Sandstorm|[upkeep]","|-damage|p1a: Starmie|182/262|[from] Sandstorm","|-damage|p2a: Milotic|217/393|[from] Sandstorm","|-heal|p1a: Starmie|198/262|[from] item: Leftovers","|-heal|p2a: Milotic|241/393|[from] item: Leftovers","|upkeep","|turn|26","||adding 10 for new turn","|","|t:|1752966550","|move|p1a: Starmie|Thunderbolt|p2a: Milotic","|-supereffective|p2a: Milotic","|-damage|p2a: Milotic|90/393","|move|p2a: Milotic|Recover|p2a: Milotic","|-heal|p2a: Milotic|286/393","|","|-weather|Sandstorm|[upkeep]","|-damage|p1a: Starmie|182/262|[from] Sandstorm","|-damage|p2a: Milotic|262/393|[from] Sandstorm","|-heal|p1a: Starmie|198/262|[from] item: Leftovers","|-heal|p2a: Milotic|286/393|[from] item: Leftovers","|upkeep","|turn|27","||adding 10 for new turn","|","|t:|1752966558","|move|p1a: Starmie|Thunderbolt|p2a: Milotic","|-supereffective|p2a: Milotic","|-damage|p2a: Milotic|133/393","|move|p2a: Milotic|Recover|p2a: Milotic","|-heal|p2a: Milotic|329/393","|","|-weather|Sandstorm|[upkeep]","|-damage|p1a: Starmie|182/262|[from] Sandstorm","|-damage|p2a: Milotic|305/393|[from] Sandstorm","|-heal|p1a: Starmie|198/262|[from] item: Leftovers","|-heal|p2a: Milotic|329/393|[from] item: Leftovers","|upkeep","|turn|28","||adding 10 for new turn","|","|t:|1752966566","|move|p1a: Starmie|Thunderbolt|p2a: Milotic","|-supereffective|p2a: Milotic","|-damage|p2a: Milotic|165/393","|move|p2a: Milotic|Recover|p2a: Milotic","|-heal|p2a: Milotic|361/393","|","|-weather|Sandstorm|[upkeep]","|-damage|p1a: Starmie|182/262|[from] Sandstorm","|-damage|p2a: Milotic|337/393|[from] Sandstorm","|-heal|p1a: Starmie|198/262|[from] item: Leftovers","|-heal|p2a: Milotic|361/393|[from] item: Leftovers","|upkeep","|turn|29","||adding 10 for new turn","|","|t:|1752966573","|move|p1a: Starmie|Thunderbolt|p2a: Milotic","|-supereffective|p2a: Milotic","|-damage|p2a: Milotic|198/393","|move|p2a: Milotic|Surf|p1a: Starmie","|-resisted|p1a: Starmie","|-damage|p1a: Starmie|137/262","|","|-weather|Sandstorm|[upkeep]","|-damage|p1a: Starmie|121/262|[from] Sandstorm","|-damage|p2a: Milotic|174/393|[from] Sandstorm","|-heal|p1a: Starmie|137/262|[from] item: Leftovers","|-heal|p2a: Milotic|198/393|[from] item: Leftovers","|upkeep","|turn|30","||adding 10 for new turn","|","|t:|1752966581","|move|p1a: Starmie|Thunderbolt|p2a: Milotic","|-supereffective|p2a: Milotic","|-crit|p2a: Milotic","|-damage|p2a: Milotic|0 fnt","|faint|p2a: Milotic","||adding 5 to each for mid turn request","|","|t:|1752966588","|switch|p2a: Gyarados|Gyarados, M|330/330","|-ability|p2a: Gyarados|Intimidate|boost","|-unboost|p1a: Starmie|atk|1","|","|-weather|Sandstorm|[upkeep]","|-damage|p1a: Starmie|121/262|[from] Sandstorm","|-damage|p2a: Gyarados|310/330|[from] Sandstorm","|-heal|p1a: Starmie|137/262|[from] item: Leftovers","|-heal|p2a: Gyarados|330/330|[from] item: Leftovers","|upkeep","|turn|31","||adding 10 for new turn","|","|t:|1752966596","|switch|p2a: Celebi|Celebi|401/401","|-damage|p2a: Celebi|335/401|[from] Spikes","|move|p1a: Starmie|Thunderbolt|p2a: Celebi","|-resisted|p2a: Celebi","|-damage|p2a: Celebi|286/401","|","|-weather|Sandstorm|[upkeep]","|-damage|p1a: Starmie|121/262|[from] Sandstorm","|-damage|p2a: Celebi|261/401|[from] Sandstorm","|-heal|p1a: Starmie|137/262|[from] item: Leftovers","|-heal|p2a: Celebi|286/401|[from] item: Leftovers","|upkeep","|turn|32","||adding 10 for new turn","|","|t:|1752966604","|move|p1a: Starmie|Ice Beam|p2a: Celebi","|-supereffective|p2a: Celebi","|-crit|p2a: Celebi","|-damage|p2a: Celebi|0 fnt","|faint|p2a: Celebi","||adding 5 to each for mid turn request","|","|t:|1752966611","|switch|p2a: Magneton|Magneton|277/277","|-damage|p2a: Magneton|231/277|[from] Spikes","|","|-weather|Sandstorm|[upkeep]","|-damage|p1a: Starmie|121/262|[from] Sandstorm","|-heal|p1a: Starmie|137/262|[from] item: Leftovers","|-heal|p2a: Magneton|248/277|[from] item: Leftovers","|upkeep","|turn|33","||adding 10 for new turn","|","|t:|1752966619","|move|p1a: Starmie|Hydro Pump|p2a: Magneton","|-damage|p2a: Magneton|0 fnt","|faint|p2a: Magneton","||adding 5 to each for mid turn request","|","|t:|1752966622","|switch|p2a: Gyarados|Gyarados, M|330/330","|-ability|p2a: Gyarados|Intimidate|boost","|-unboost|p1a: Starmie|atk|1","|","|-weather|Sandstorm|[upkeep]","|-damage|p1a: Starmie|121/262|[from] Sandstorm","|-damage|p2a: Gyarados|310/330|[from] Sandstorm","|-heal|p1a: Starmie|137/262|[from] item: Leftovers","|-heal|p2a: Gyarados|330/330|[from] item: Leftovers","|upkeep","|turn|34","||adding 10 for new turn","|","|t:|1752966629","|move|p1a: Starmie|Thunderbolt|p2a: Gyarados","|-supereffective|p2a: Gyarados","|-damage|p2a: Gyarados|0 fnt","|faint|p2a: Gyarados","|","|win|foultestchallenge1",""],"p1rating":null,"p2rating":null,"endType":"normal","ladderError":true,"timestamp":"Sat Jul 19 2025 16:10:29 GMT-0700 (アメリカ太平洋夏時間)","roomid":"battle-gen3ou-1007","format":"gen3ou"}