{"winner":"foultestchallenge1","seed":"sodium,508c0ae8427846a73c3204dbe28a22f8","turns":36,"p1":"foultestchallenge1","p2":"foultestacceptor1","p1team":[{"name":"Skarmory","species":"Skarmory","item":"Leftovers","ability":"Keen Eye","moves":["Spikes","Roar","Toxic","Protect"],"nature":"Careful","evs":{"hp":252,"atk":0,"def":0,"spa":0,"spd":252,"spe":4},"gender":"F","ivs":{"hp":31,"atk":0,"def":31,"spa":31,"spd":31,"spe":31},"level":100},{"name":"Jolteon","species":"Jolteon","item":"Leftovers","ability":"Volt Absorb","moves":["Thunderbolt","Thunder Wave","Hidden Power Grass","Baton Pass"],"nature":"Timid","evs":{"hp":4,"atk":0,"def":0,"spa":252,"spd":0,"spe":252},"gender":"F","ivs":{"hp":31,"atk":2,"def":31,"spa":30,"spd":31,"spe":31},"happiness":255,"hpType":"Grass","pokeball":"","gigantamax":false,"dynamaxLevel":10,"teraType":"","level":100},{"name":"Tyranitar","species":"Tyranitar","item":"Leftovers","ability":"Sand Stream","moves":["Focus Punch","Earthquake","Hidden Power Bug","Rock Slide"],"nature":"Adamant","evs":{"hp":252,"atk":252,"def":4,"spa":0,"spd":0,"spe":0},"gender":"F","ivs":{"hp":31,"atk":31,"def":31,"spa":31,"spd":30,"spe":30},"happiness":255,"hpType":"Bug","pokeball":"","gigantamax":false,"dynamaxLevel":10,"teraType":"","level":100},{"name":"Gengar","species":"Gengar","item":"Leftovers","ability":"Levitate","moves":["Ice Punch","Fire Punch","Hidden Power Grass","Explosion"],"nature":"Hasty","evs":{"hp":40,"atk":0,"def":0,"spa":252,"spd":0,"spe":216},"gender":"F","ivs":{"hp":31,"atk":30,"def":31,"spa":30,"spd":31,"spe":31},"happiness":255,"hpType":"Grass","pokeball":"","gigantamax":false,"dynamaxLevel":10,"teraType":"","level":100},{"name":"Metagross","species":"Metagross","item":"Choice Band","ability":"Clear Body","moves":["Meteor Mash","Earthquake","Rock Slide","Explosion"],"nature":"Adamant","evs":{"hp":68,"atk":252,"def":0,"spa":0,"spd":0,"spe":188},"gender":"N","level":100,"ivs":{"hp":31,"atk":31,"def":31,"spa":31,"spd":31,"spe":31}},{"name":"Starmie","species":"Starmie","item":"Leftovers","ability":"Natural Cure","moves":["Hydro Pump","Thunderbolt","Ice Beam","Psychic"],"nature":"Timid","evs":{"hp":4,"atk":0,"def":0,"spa":252,"spd":0,"spe":252},"gender":"N","ivs":{"hp":31,"atk":0,"def":31,"spa":31,"spd":31,"spe":31},"level":100}],"p2team":[{"name":"Tyranitar","species":"Tyranitar","item":"Leftovers","ability":"Sand Stream","moves":["Rock Slide","Earthquake","Hidden Power Bug","Roar"],"nature":"Adamant","evs":{"hp":184,"atk":196,"def":120,"spa":0,"spd":0,"spe":8},"gender":"M","ivs":{"hp":31,"atk":30,"def":30,"spa":31,"spd":30,"spe":31},"happiness":255,"hpType":"Bug","pokeball":"","gigantamax":false,"dynamaxLevel":10,"teraType":"","level":100},{"name":"Milotic","species":"Milotic","item":"Leftovers","ability":"Marvel Scale","moves":["Surf","Toxic","Recover","Refresh"],"nature":"Bold","evs":{"hp":248,"atk":0,"def":212,"spa":0,"spd":0,"spe":48},"gender":"F","ivs":{"hp":31,"atk":0,"def":31,"spa":31,"spd":31,"spe":31},"level":100},{"name":"Blissey","species":"Blissey","item":"Leftovers","ability":"Natural Cure","moves":["Seismic Toss","Ice Beam","Thunder Wave","Soft-Boiled"],"nature":"Bold","evs":{"hp":40,"atk":0,"def":244,"spa":208,"spd":0,"spe":16},"gender":"F","level":100,"ivs":{"hp":31,"atk":31,"def":31,"spa":31,"spd":31,"spe":31}},{"name":"Skarmory","species":"Skarmory","item":"Leftovers","ability":"Keen Eye","moves":["Drill Peck","Toxic","Spikes","Roar"],"nature":"Careful","evs":{"hp":248,"atk":0,"def":0,"spa":0,"spd":236,"spe":24},"gender":"F","level":100,"ivs":{"hp":31,"atk":31,"def":31,"spa":31,"spd":31,"spe":31}},{"name":"Claydol","species":"Claydol","item":"Leftovers","ability":"Levitate","moves":["Earthquake","Psychic","Refresh","Rapid Spin"],"nature":"Adamant","evs":{"hp":224,"atk":228,"def":0,"spa":36,"spd":0,"spe":20},"gender":"N","level":100,"ivs":{"hp":31,"atk":31,"def":31,"spa":31,"spd":31,"spe":31}},{"name":"Dugtrio","species":"Dugtrio","item":"Choice Band","ability":"Arena Trap","moves":["Earthquake","Aerial Ace","Hidden Power Bug","Screech"],"nature":"Jolly","evs":{"hp":0,"atk":252,"def":0,"spa":0,"spd":4,"spe":252},"gender":"M","ivs":{"hp":31,"atk":30,"def":30,"spa":31,"spd":30,"spe":31},"happiness":255,"hpType":"Bug","pokeball":"","gigantamax":false,"dynamaxLevel":10,"teraType":"","level":100}],"score":[1,0],"inputLog":[">version 372d05e49c92a79eecdf6c8dddb208bd1765c00f",">start {\"formatid\":\"gen3ou\",\"seed\":\"sodium,508c0ae8427846a73c3204dbe28a22f8\"}",">player p1 {\"name\":\"foultestchallenge1\",\"avatar\":\"1\",\"team\":\"Skarmory||Leftovers|KeenEye|Spikes,Roar,Toxic,Protect|Careful|252,,,,252,4|F|,0,,,,|||]Jolteon||Leftovers|VoltAbsorb|Thunderbolt,ThunderWave,HiddenPowerGrass,BatonPass|Timid|4,,,252,,252|F|,2,,30,,|||,Grass,,,,]Tyranitar||Leftovers|SandStream|FocusPunch,Earthquake,HiddenPowerBug,RockSlide|Adamant|252,252,4,,,|F|,,,,30,30|||,Bug,,,,]Gengar||Leftovers|Levitate|IcePunch,FirePunch,HiddenPowerGrass,Explosion|Hasty|40,,,252,,216|F|,30,,30,,|||,Grass,,,,]Metagross||ChoiceBand|ClearBody|MeteorMash,Earthquake,RockSlide,Explosion|Adamant|68,252,,,,188|N||||]Starmie||Leftovers|NaturalCure|HydroPump,Thunderbolt,IceBeam,Psychic|Timid|4,,,252,,252|N|,0,,,,|||\",\"rating\":0}",">player p2 {\"name\":\"foultestacceptor1\",\"avatar\":\"1\",\"team\":\"Tyranitar||Leftovers|SandStream|RockSlide,Earthquake,HiddenPowerBug,Roar|Adamant|184,196,120,,,8|M|,30,30,,30,|||,Bug,,,,]Milotic||Leftovers|MarvelScale|Surf,Toxic,Recover,Refresh|Bold|248,,212,,,48|F|,0,,,,|||]Blissey||Leftovers|NaturalCure|SeismicToss,IceBeam,ThunderWave,SoftBoiled|Bold|40,,244,208,,16|F||||]Skarmory||Leftovers|KeenEye|DrillPeck,Toxic,Spikes,Roar|Careful|248,,,,236,24|F||||]Claydol||Leftovers|Levitate|Earthquake,Psychic,Refresh,RapidSpin|Adamant|224,228,,36,,20|N||||]Dugtrio||ChoiceBand|ArenaTrap|Earthquake,AerialAce,HiddenPowerBug,Screech|Jolly|,252,,,4,252|M|,30,30,,30,|||,Bug,,,,\",\"rating\":0}",">p1 move spikes",">p2 move rockslide",">p1 move spikes",">p2 move rockslide",">p1 move spikes",">p2 move rockslide",">p1 switch 5",">p2 move rockslide",">p1 move meteormash",">p2 switch 4",">p1 move meteormash",">p2 move spikes",">p1 move meteormash",">p2 move spikes",">p1 move meteormash",">p2 move roar",">p1 move firepunch",">p2 switch 5",">p1 move icepunch",">p2 move psychic",">p1 move icepunch",">p2 switch 3",">p1 move explosion",">p2 move icebeam",">p1 switch 6",">p2 switch 3",">p1 move icebeam",">p2 switch 2",">p1 move thunderbolt",">p2 move recover",">p2 switch 6",">p1 move icebeam",">p2 move earthquake",">p1 switch 5",">p1 move toxic",">p2 switch 5",">p1 move roar",">p2 move spikes",">p1 move toxic",">p2 switch 5",">p1 move roar",">p2 move roar",">p1 move focuspunch",">p2 move toxic",">p1 move focuspunch",">p2 move drillpeck",">p1 move rockslide",">p2 move drillpeck",">p2 switch 2",">p1 move hiddenpower",">p2 move rapidspin",">p2 switch 5",">p1 move earthquake",">p2 move earthquake",">p1 switch 3",">p1 move toxic",">p2 switch 4",">p1 move protect",">p2 move rockslide",">p1 move protect",">p2 move rockslide",">p1 move protect",">p2 move rockslide",">p1 move protect",">p2 switch 4",">p1 move spikes",">p2 switch 4",">p1 move roar",">p2 move rockslide",">p1 move spikes",">p2 switch 4",">p1 move roar",">p2 move rockslide",">p1 switch 4",">p1 move earthquake",">p2 move earthquake",">p2 switch 4",">p1 move earthquake",">p2 move earthquake",">p1 switch 2",">p1 move hiddenpower",">p2 move earthquake"],"log":["|j|☆foultestchallenge1","|j|☆foultestacceptor1","|t:|1752926444","|gametype|singles","|player|p1|foultestchallenge1|1|","|player|p2|foultestacceptor1|1|","|teamsize|p1|6","|teamsize|p2|6","|gen|3","|tier|[Gen 3] OU","|rule|Sleep Clause Mod: Limit one foe put to sleep","|rule|Switch Priority Clause Mod: Faster Pokémon switch first","|rule|Species Clause: Limit one of each Pokémon","|rule|OHKO Clause: OHKO moves are banned","|rule|Evasion Items Clause: Evasion items are banned","|rule|Evasion Moves Clause: Evasion moves are banned","|rule|Endless Battle Clause: Forcing endless battles is banned","|rule|HP Percentage Mod: HP is shown in percentages","|rule|One Boost Passer Clause: Limit one Baton Passer that has a way to boost its stats","|rule|Freeze Clause Mod: Limit one foe frozen","|","|t:|1752926444","|start","|switch|p1a: Skarmory|Skarmory, F|334/334","|switch|p2a: Tyranitar|Tyranitar, M|387/387","|-weather|Sandstorm|[from] ability: Sand Stream|[of] p2a: Tyranitar","|turn|1","|inactive|Battle timer is ON: inactive players will automatically lose when time's up. (requested by foultestacceptor1)","|inactive|foultestchallenge1 also wants the timer to be on.","|","|t:|1752926445","|move|p1a: Skarmory|Spikes|p2a: Tyranitar","|-sidestart|p2: foultestacceptor1|Spikes","|move|p2a: Tyranitar|Rock Slide|p1a: Skarmory","|-damage|p1a: Skarmory|218/334","|","|-weather|Sandstorm|[upkeep]","|-heal|p1a: Skarmory|238/334|[from] item: Leftovers","|upkeep","|turn|2","||adding 10 for new turn","|","|t:|1752926446","|move|p1a: Skarmory|Spikes|p2a: Tyranitar","|-sidestart|p2: foultestacceptor1|Spikes","|move|p2a: Tyranitar|Rock Slide|p1a: Skarmory","|-damage|p1a: Skarmory|126/334","|","|-weather|Sandstorm|[upkeep]","|-heal|p1a: Skarmory|146/334|[from] item: Leftovers","|upkeep","|turn|3","||adding 10 for new turn","|","|t:|1752926447","|move|p1a: Skarmory|Spikes|p2a: Tyranitar","|-sidestart|p2: foultestacceptor1|Spikes","|move|p2a: Tyranitar|Rock Slide|p1a: Skarmory","|-damage|p1a: Skarmory|32/334","|","|-weather|Sandstorm|[upkeep]","|-heal|p1a: Skarmory|52/334|[from] item: Leftovers","|upkeep","|turn|4","||adding 10 for new turn","|","|t:|1752926448","|switch|p1a: Metagross|Metagross|318/318","|move|p2a: Tyranitar|Rock Slide|p1a: Metagross","|-resisted|p1a: Metagross","|-damage|p1a: Metagross|257/318","|","|-weather|Sandstorm|[upkeep]","|upkeep","|turn|5","||adding 10 for new turn","|","|t:|1752926449","|switch|p2a: Skarmory|Skarmory, F|333/333","|move|p1a: Metagross|Meteor Mash|p2a: Skarmory","|-resisted|p2a: Skarmory","|-damage|p2a: Skarmory|215/333","|","|-weather|Sandstorm|[upkeep]","|-heal|p2a: Skarmory|235/333|[from] item: Leftovers","|upkeep","|turn|6","||adding 10 for new turn","|","|t:|1752926451","|move|p1a: Metagross|Meteor Mash|p2a: Skarmory|[miss]","|-miss|p1a: Metagross|p2a: Skarmory","|move|p2a: Skarmory|Spikes|p1a: Metagross","|-sidestart|p1: foultestchallenge1|Spikes","|","|-weather|Sandstorm|[upkeep]","|-heal|p2a: Skarmory|255/333|[from] item: Leftovers","|upkeep","|turn|7","||adding 10 for new turn","|","|t:|1752926452","|move|p1a: Metagross|Meteor Mash|p2a: Skarmory","|-resisted|p2a: Skarmory","|-damage|p2a: Skarmory|151/333","|move|p2a: Skarmory|Spikes|p1a: Metagross","|-sidestart|p1: foultestchallenge1|Spikes","|","|-weather|Sandstorm|[upkeep]","|-heal|p2a: Skarmory|171/333|[from] item: Leftovers","|upkeep","|turn|8","||adding 10 for new turn","|","|t:|1752926453","|move|p1a: Metagross|Meteor Mash|p2a: Skarmory","|-resisted|p2a: Skarmory","|-damage|p2a: Skarmory|67/333","|move|p2a: Skarmory|Roar|p1a: Metagross","|drag|p1a: Gengar|Gengar, F|271/271","|","|-weather|Sandstorm|[upkeep]","|-damage|p1a: Gengar|255/271|[from] Sandstorm","|-heal|p1a: Gengar|271/271|[from] item: Leftovers","|-heal|p2a: Skarmory|87/333|[from] item: Leftovers","|upkeep","|turn|9","||adding 10 for new turn","|","|t:|1752926454","|switch|p2a: Claydol|Claydol|317/317","|move|p1a: Gengar|Fire Punch|p2a: Claydol","|-damage|p2a: Claydol|239/317","|","|-weather|Sandstorm|[upkeep]","|-damage|p1a: Gengar|255/271|[from] Sandstorm","|-heal|p1a: Gengar|271/271|[from] item: Leftovers","|-heal|p2a: Claydol|258/317|[from] item: Leftovers","|upkeep","|turn|10","||adding 10 for new turn","|","|t:|1752926455","|move|p1a: Gengar|Ice Punch|p2a: Claydol","|-supereffective|p2a: Claydol","|-damage|p2a: Claydol|94/317","|move|p2a: Claydol|Psychic|p1a: Gengar","|-supereffective|p1a: Gengar","|-damage|p1a: Gengar|72/271","|","|-weather|Sandstorm|[upkeep]","|-damage|p1a: Gengar|56/271|[from] Sandstorm","|-heal|p1a: Gengar|72/271|[from] item: Leftovers","|-heal|p2a: Claydol|113/317|[from] item: Leftovers","|upkeep","|turn|11","||adding 10 for new turn","|","|t:|1752926456","|switch|p2a: Blissey|Blissey, F|661/661","|-damage|p2a: Blissey|496/661|[from] Spikes","|move|p1a: Gengar|Ice Punch|p2a: Blissey","|-damage|p2a: Blissey|432/661","|","|-weather|Sandstorm|[upkeep]","|-damage|p1a: Gengar|56/271|[from] Sandstorm","|-damage|p2a: Blissey|391/661|[from] Sandstorm","|-heal|p1a: Gengar|72/271|[from] item: Leftovers","|-heal|p2a: Blissey|432/661|[from] item: Leftovers","|upkeep","|turn|12","||adding 10 for new turn","|","|t:|1752926457","|move|p1a: Gengar|Explosion|p2a: Blissey","|-damage|p2a: Blissey|0 fnt","|faint|p1a: Gengar","|faint|p2a: Blissey","||adding 5 to each for mid turn request","|","|t:|1752926458","|switch|p1a: Starmie|Starmie|262/262","|switch|p2a: Claydol|Claydol|113/317","|-damage|p1a: Starmie|219/262|[from] Spikes","|","|-weather|Sandstorm|[upkeep]","|-damage|p1a: Starmie|203/262|[from] Sandstorm","|-heal|p1a: Starmie|219/262|[from] item: Leftovers","|-heal|p2a: Claydol|132/317|[from] item: Leftovers","|upkeep","|turn|13","||adding 10 for new turn","|","|t:|1752926459","|switch|p2a: Milotic|Milotic, F|393/393","|-damage|p2a: Milotic|295/393|[from] Spikes","|move|p1a: Starmie|Ice Beam|p2a: Milotic","|-resisted|p2a: Milotic","|-damage|p2a: Milotic|256/393","|","|-weather|Sandstorm|[upkeep]","|-damage|p1a: Starmie|203/262|[from] Sandstorm","|-damage|p2a: Milotic|232/393|[from] Sandstorm","|-heal|p1a: Starmie|219/262|[from] item: Leftovers","|-heal|p2a: Milotic|256/393|[from] item: Leftovers","|upkeep","|turn|14","||adding 10 for new turn","|","|t:|1752926460","|move|p1a: Starmie|Thunderbolt|p2a: Milotic","|-supereffective|p2a: Milotic","|-crit|p2a: Milotic","|-damage|p2a: Milotic|0 fnt","|faint|p2a: Milotic","||adding 5 to each for mid turn request","|","|t:|1752926461","|switch|p2a: Dugtrio|Dugtrio, M|211/211","|-damage|p2a: Dugtrio|159/211|[from] Spikes","|","|-weather|Sandstorm|[upkeep]","|-damage|p1a: Starmie|203/262|[from] Sandstorm","|-heal|p1a: Starmie|219/262|[from] item: Leftovers","|upkeep","|turn|15","||adding 10 for new turn","|","|t:|1752926462","|move|p2a: Dugtrio|Earthquake|p1a: Starmie","|-damage|p1a: Starmie|0 fnt","|faint|p1a: Starmie","||adding 5 to each for mid turn request","|","|t:|1752926463","|switch|p1a: Skarmory|Skarmory, F|52/334","|","|-weather|Sandstorm|[upkeep]","|-heal|p1a: Skarmory|72/334|[from] item: Leftovers","|upkeep","|turn|16","||adding 10 for new turn","|","|t:|1752926464","|switch|p2a: Skarmory|Skarmory, F|87/333","|move|p1a: Skarmory|Toxic|p2a: Skarmory","|-immune|p2a: Skarmory","|","|-weather|Sandstorm|[upkeep]","|-heal|p2a: Skarmory|107/333|[from] item: Leftovers","|-heal|p1a: Skarmory|92/334|[from] item: Leftovers","|upkeep","|turn|17","||adding 10 for new turn","|","|t:|1752926465","|move|p2a: Skarmory|Spikes|p1a: Skarmory","|-sidestart|p1: foultestchallenge1|Spikes","|move|p1a: Skarmory|Roar|p2a: Skarmory","|drag|p2a: Dugtrio|Dugtrio, M|159/211","|-damage|p2a: Dugtrio|107/211|[from] Spikes","|","|-weather|Sandstorm|[upkeep]","|-heal|p1a: Skarmory|112/334|[from] item: Leftovers","|upkeep","|turn|18","||adding 10 for new turn","|","|t:|1752926466","|switch|p2a: Skarmory|Skarmory, F|107/333","|move|p1a: Skarmory|Toxic|p2a: Skarmory","|-immune|p2a: Skarmory","|","|-weather|Sandstorm|[upkeep]","|-heal|p2a: Skarmory|127/333|[from] item: Leftovers","|-heal|p1a: Skarmory|132/334|[from] item: Leftovers","|upkeep","|turn|19","||adding 10 for new turn","|","|t:|1752926466","|move|p2a: Skarmory|Roar|p1a: Skarmory","|drag|p1a: Tyranitar|Tyranitar, F|404/404","|-damage|p1a: Tyranitar|303/404|[from] Spikes","|","|-weather|Sandstorm|[upkeep]","|-heal|p2a: Skarmory|147/333|[from] item: Leftovers","|-heal|p1a: Tyranitar|328/404|[from] item: Leftovers","|upkeep","|turn|20","||adding 10 for new turn","|","|t:|1752926467","|-singleturn|p1a: Tyranitar|move: Focus Punch","|move|p2a: Skarmory|Toxic|p1a: Tyranitar","|-status|p1a: Tyranitar|tox","|move|p1a: Tyranitar|Focus Punch|p2a: Skarmory","|-damage|p2a: Skarmory|10/333","|","|-weather|Sandstorm|[upkeep]","|-heal|p2a: Skarmory|30/333|[from] item: Leftovers","|-heal|p1a: Tyranitar|353/404 tox|[from] item: Leftovers","|-damage|p1a: Tyranitar|328/404 tox|[from] psn","|upkeep","|turn|21","||adding 10 for new turn","|","|t:|1752926469","|-singleturn|p1a: Tyranitar|move: Focus Punch","|move|p2a: Skarmory|Drill Peck|p1a: Tyranitar","|-resisted|p1a: Tyranitar","|-crit|p1a: Tyranitar","|-damage|p1a: Tyranitar|260/404 tox","|move|p1a: Tyranitar|Focus Punch||[still]","|cant|p1a: Tyranitar|Focus Punch|Focus Punch","|","|-weather|Sandstorm|[upkeep]","|-heal|p2a: Skarmory|50/333|[from] item: Leftovers","|-heal|p1a: Tyranitar|285/404 tox|[from] item: Leftovers","|-damage|p1a: Tyranitar|235/404 tox|[from] psn","|upkeep","|turn|22","||adding 10 for new turn","|","|t:|1752926470","|move|p2a: Skarmory|Drill Peck|p1a: Tyranitar","|-resisted|p1a: Tyranitar","|-damage|p1a: Tyranitar|197/404 tox","|move|p1a: Tyranitar|Rock Slide|p2a: Skarmory","|-damage|p2a: Skarmory|0 fnt","|faint|p2a: Skarmory","||adding 5 to each for mid turn request","|","|t:|1752926471","|switch|p2a: Claydol|Claydol|132/317","|","|-weather|Sandstorm|[upkeep]","|-heal|p2a: Claydol|151/317|[from] item: Leftovers","|-heal|p1a: Tyranitar|222/404 tox|[from] item: Leftovers","|-damage|p1a: Tyranitar|147/404 tox|[from] psn","|upkeep","|turn|23","||adding 10 for new turn","|","|t:|1752926472","|move|p2a: Claydol|Rapid Spin|p1a: Tyranitar","|-resisted|p1a: Tyranitar","|-damage|p1a: Tyranitar|138/404 tox","|-sideend|p2: foultestacceptor1|Spikes|[from] move: Rapid Spin|[of] p2a: Claydol","|move|p1a: Tyranitar|Hidden Power|p2a: Claydol","|-supereffective|p2a: Claydol","|-damage|p2a: Claydol|0 fnt","|faint|p2a: Claydol","||adding 5 to each for mid turn request","|","|t:|1752926472","|switch|p2a: Dugtrio|Dugtrio, M|107/211","|","|-weather|Sandstorm|[upkeep]","|-heal|p1a: Tyranitar|163/404 tox|[from] item: Leftovers","|-damage|p1a: Tyranitar|63/404 tox|[from] psn","|upkeep","|turn|24","||adding 10 for new turn","|","|t:|1752926473","|move|p2a: Dugtrio|Earthquake|p1a: Tyranitar","|-supereffective|p1a: Tyranitar","|-damage|p1a: Tyranitar|0 fnt","|faint|p1a: Tyranitar","||adding 5 to each for mid turn request","|","|t:|1752926474","|switch|p1a: Skarmory|Skarmory, F|132/334","|","|-weather|Sandstorm|[upkeep]","|-heal|p1a: Skarmory|152/334|[from] item: Leftovers","|upkeep","|turn|25","||adding 10 for new turn","|","|t:|1752926475","|switch|p2a: Tyranitar|Tyranitar, M|387/387","|move|p1a: Skarmory|Toxic|p2a: Tyranitar","|-status|p2a: Tyranitar|tox","|","|-weather|Sandstorm|[upkeep]","|-heal|p1a: Skarmory|172/334|[from] item: Leftovers","|-damage|p2a: Tyranitar|363/387 tox|[from] psn","|upkeep","|turn|26","||adding 10 for new turn","|","|t:|1752926475","|move|p1a: Skarmory|Protect|p1a: Skarmory","|-singleturn|p1a: Skarmory|Protect","|move|p2a: Tyranitar|Rock Slide|p1a: Skarmory","|-activate|p1a: Skarmory|Protect","|","|-weather|Sandstorm|[upkeep]","|-heal|p1a: Skarmory|192/334|[from] item: Leftovers","|-heal|p2a: Tyranitar|387/387 tox|[from] item: Leftovers","|-damage|p2a: Tyranitar|339/387 tox|[from] psn","|upkeep","|turn|27","||adding 10 for new turn","|","|t:|1752926476","|move|p1a: Skarmory|Protect|p1a: Skarmory","|-singleturn|p1a: Skarmory|Protect","|move|p2a: Tyranitar|Rock Slide|p1a: Skarmory","|-activate|p1a: Skarmory|Protect","|","|-weather|Sandstorm|[upkeep]","|-heal|p1a: Skarmory|212/334|[from] item: Leftovers","|-heal|p2a: Tyranitar|363/387 tox|[from] item: Leftovers","|-damage|p2a: Tyranitar|291/387 tox|[from] psn","|upkeep","|turn|28","||adding 10 for new turn","|","|t:|1752926477","|move|p1a: Skarmory|Protect||[still]","|-fail|p1a: Skarmory","|move|p2a: Tyranitar|Rock Slide|p1a: Skarmory","|-damage|p1a: Skarmory|98/334","|","|-weather|Sandstorm|[upkeep]","|-heal|p1a: Skarmory|118/334|[from] item: Leftovers","|-heal|p2a: Tyranitar|315/387 tox|[from] item: Leftovers","|-damage|p2a: Tyranitar|219/387 tox|[from] psn","|upkeep","|turn|29","||adding 10 for new turn","|","|t:|1752926478","|switch|p2a: Dugtrio|Dugtrio, M|107/211","|move|p1a: Skarmory|Protect||[still]","|-fail|p1a: Skarmory","|","|-weather|Sandstorm|[upkeep]","|-heal|p1a: Skarmory|138/334|[from] item: Leftovers","|upkeep","|turn|30","||adding 10 for new turn","|","|t:|1752926479","|switch|p2a: Tyranitar|Tyranitar, M|219/387 tox","|move|p1a: Skarmory|Spikes|p2a: Tyranitar","|-sidestart|p2: foultestacceptor1|Spikes","|","|-weather|Sandstorm|[upkeep]","|-heal|p1a: Skarmory|158/334|[from] item: Leftovers","|-heal|p2a: Tyranitar|243/387 tox|[from] item: Leftovers","|-damage|p2a: Tyranitar|219/387 tox|[from] psn","|upkeep","|turn|31","||adding 10 for new turn","|","|t:|1752926480","|move|p2a: Tyranitar|Rock Slide|p1a: Skarmory|[miss]","|-miss|p2a: Tyranitar|p1a: Skarmory","|move|p1a: Skarmory|Roar|p2a: Tyranitar","|drag|p2a: Dugtrio|Dugtrio, M|107/211","|-damage|p2a: Dugtrio|81/211|[from] Spikes","|","|-weather|Sandstorm|[upkeep]","|-heal|p1a: Skarmory|178/334|[from] item: Leftovers","|upkeep","|turn|32","||adding 10 for new turn","|","|t:|1752926480","|switch|p2a: Tyranitar|Tyranitar, M|219/387 tox","|-damage|p2a: Tyranitar|171/387 tox|[from] Spikes","|move|p1a: Skarmory|Spikes|p2a: Tyranitar","|-sidestart|p2: foultestacceptor1|Spikes","|","|-weather|Sandstorm|[upkeep]","|-heal|p1a: Skarmory|198/334|[from] item: Leftovers","|-heal|p2a: Tyranitar|195/387 tox|[from] item: Leftovers","|-damage|p2a: Tyranitar|171/387 tox|[from] psn","|upkeep","|turn|33","||adding 10 for new turn","|","|t:|1752926481","|move|p2a: Tyranitar|Rock Slide|p1a: Skarmory","|-crit|p1a: Skarmory","|-damage|p1a: Skarmory|0 fnt","|faint|p1a: Skarmory","||adding 5 to each for mid turn request","|","|t:|1752926482","|switch|p1a: Metagross|Metagross|257/318","|-damage|p1a: Metagross|178/318|[from] Spikes","|","|-weather|Sandstorm|[upkeep]","|-heal|p2a: Tyranitar|195/387 tox|[from] item: Leftovers","|-damage|p2a: Tyranitar|147/387 tox|[from] psn","|upkeep","|turn|34","||adding 10 for new turn","|","|t:|1752926483","|move|p1a: Metagross|Earthquake|p2a: Tyranitar","|-supereffective|p2a: Tyranitar","|-damage|p2a: Tyranitar|0 fnt","|faint|p2a: Tyranitar","||adding 5 to each for mid turn request","|","|t:|1752926483","|switch|p2a: Dugtrio|Dugtrio, M|81/211","|-damage|p2a: Dugtrio|46/211|[from] Spikes","|","|-weather|Sandstorm|[upkeep]","|upkeep","|turn|35","||adding 10 for new turn","|","|t:|1752926484","|move|p2a: Dugtrio|Earthquake|p1a: Metagross","|-supereffective|p1a: Metagross","|-damage|p1a: Metagross|0 fnt","|faint|p1a: Metagross","||adding 5 to each for mid turn request","|","|t:|1752926485","|switch|p1a: Jolteon|Jolteon, F|272/272","|-damage|p1a: Jolteon|204/272|[from] Spikes","|","|-weather|Sandstorm|[upkeep]","|-damage|p1a: Jolteon|187/272|[from] Sandstorm","|-heal|p1a: Jolteon|204/272|[from] item: Leftovers","|upkeep","|turn|36","||adding 10 for new turn","|","|t:|1752926486","|move|p1a: Jolteon|Hidden Power|p2a: Dugtrio","|-supereffective|p2a: Dugtrio","|-damage|p2a: Dugtrio|0 fnt","|faint|p2a: Dugtrio","|","|win|foultestchallenge1",""],"p1rating":null,"p2rating":null,"endType":"normal","ladderError":true,"timestamp":"Sat Jul 19 2025 05:01:26 GMT-0700 (アメリカ太平洋夏時間)","roomid":"battle-gen3ou-979","format":"gen3ou"}