{"winner":"foultestacceptor1","seed":"sodium,26b3d9954f0690addaed1fa55a0a5e77","turns":86,"p1":"foultestchallenge1","p2":"foultestacceptor1","p1team":[{"name":"Tyranitar","species":"Tyranitar","item":"Leftovers","ability":"Sand Stream","moves":["Rock Slide","Earthquake","Hidden Power Bug","Roar"],"nature":"Adamant","evs":{"hp":184,"atk":196,"def":120,"spa":0,"spd":0,"spe":8},"gender":"M","ivs":{"hp":31,"atk":30,"def":30,"spa":31,"spd":30,"spe":31},"happiness":255,"hpType":"Bug","pokeball":"","gigantamax":false,"dynamaxLevel":10,"teraType":"","level":100},{"name":"Milotic","species":"Milotic","item":"Leftovers","ability":"Marvel Scale","moves":["Surf","Toxic","Recover","Refresh"],"nature":"Bold","evs":{"hp":248,"atk":0,"def":212,"spa":0,"spd":0,"spe":48},"gender":"F","ivs":{"hp":31,"atk":0,"def":31,"spa":31,"spd":31,"spe":31},"level":100},{"name":"Blissey","species":"Blissey","item":"Leftovers","ability":"Natural Cure","moves":["Seismic Toss","Ice Beam","Thunder Wave","Soft-Boiled"],"nature":"Bold","evs":{"hp":40,"atk":0,"def":244,"spa":208,"spd":0,"spe":16},"gender":"F","level":100,"ivs":{"hp":31,"atk":31,"def":31,"spa":31,"spd":31,"spe":31}},{"name":"Skarmory","species":"Skarmory","item":"Leftovers","ability":"Keen Eye","moves":["Drill Peck","Toxic","Spikes","Roar"],"nature":"Careful","evs":{"hp":248,"atk":0,"def":0,"spa":0,"spd":236,"spe":24},"gender":"M","level":100,"ivs":{"hp":31,"atk":31,"def":31,"spa":31,"spd":31,"spe":31}},{"name":"Claydol","species":"Claydol","item":"Leftovers","ability":"Levitate","moves":["Earthquake","Psychic","Refresh","Rapid Spin"],"nature":"Adamant","evs":{"hp":224,"atk":228,"def":0,"spa":36,"spd":0,"spe":20},"gender":"N","level":100,"ivs":{"hp":31,"atk":31,"def":31,"spa":31,"spd":31,"spe":31}},{"name":"Dugtrio","species":"Dugtrio","item":"Choice Band","ability":"Arena Trap","moves":["Earthquake","Aerial Ace","Hidden Power Bug","Screech"],"nature":"Jolly","evs":{"hp":0,"atk":252,"def":0,"spa":0,"spd":4,"spe":252},"gender":"F","ivs":{"hp":31,"atk":30,"def":30,"spa":31,"spd":30,"spe":31},"happiness":255,"hpType":"Bug","pokeball":"","gigantamax":false,"dynamaxLevel":10,"teraType":"","level":100}],"p2team":[{"name":"Medicham","species":"Medicham","item":"Salac Berry","ability":"Pure Power","moves":["Brick Break","Focus Punch","Rock Slide","Shadow Ball"],"nature":"Jolly","evs":{"hp":4,"atk":252,"def":0,"spa":0,"spd":0,"spe":252},"gender":"F","level":100,"ivs":{"hp":31,"atk":31,"def":31,"spa":31,"spd":31,"spe":31}},{"name":"Magneton","species":"Magneton","item":"Magnet","ability":"Magnet Pull","moves":["Thunderbolt","Hidden Power Fire","Toxic","Rain Dance"],"nature":"Modest","evs":{"hp":4,"atk":0,"def":0,"spa":252,"spd":0,"spe":252},"gender":"N","ivs":{"hp":31,"atk":2,"def":31,"spa":30,"spd":31,"spe":30},"happiness":255,"hpType":"Fire","pokeball":"","gigantamax":false,"dynamaxLevel":10,"teraType":"","level":100},{"name":"Snorlax","species":"Snorlax","item":"Leftovers","ability":"Immunity","moves":["Self-Destruct","Body Slam","Shadow Ball","Earthquake"],"nature":"Adamant","evs":{"hp":92,"atk":116,"def":144,"spa":0,"spd":144,"spe":12},"gender":"M","level":100,"ivs":{"hp":31,"atk":31,"def":31,"spa":31,"spd":31,"spe":31}},{"name":"Suicune","species":"Suicune","item":"Leftovers","ability":"Pressure","moves":["Calm Mind","Surf","Rest","Ice Beam"],"nature":"Calm","evs":{"hp":252,"atk":0,"def":0,"spa":180,"spd":68,"spe":8},"gender":"N","ivs":{"hp":31,"atk":0,"def":31,"spa":31,"spd":31,"spe":31},"level":100},{"name":"Salamence","species":"Salamence","item":"Leftovers","ability":"Intimidate","moves":["Dragon Dance","Hidden Power Flying","Rock Slide","Earthquake"],"nature":"Adamant","evs":{"hp":0,"atk":156,"def":0,"spa":0,"spd":140,"spe":212},"gender":"F","ivs":{"hp":31,"atk":31,"def":31,"spa":30,"spd":30,"spe":30},"happiness":255,"hpType":"Flying","pokeball":"","gigantamax":false,"dynamaxLevel":10,"teraType":"","level":100},{"name":"Metagross","species":"Metagross","item":"Leftovers","ability":"Clear Body","moves":["Agility","Meteor Mash","Earthquake","Explosion"],"nature":"Adamant","evs":{"hp":252,"atk":144,"def":24,"spa":0,"spd":0,"spe":88},"gender":"N","level":100,"ivs":{"hp":31,"atk":31,"def":31,"spa":31,"spd":31,"spe":31}}],"score":[0,2],"inputLog":[">version 372d05e49c92a79eecdf6c8dddb208bd1765c00f",">start {\"formatid\":\"gen3ou\",\"seed\":\"sodium,26b3d9954f0690addaed1fa55a0a5e77\"}",">player p1 {\"name\":\"foultestchallenge1\",\"avatar\":\"1\",\"team\":\"Tyranitar||Leftovers|SandStream|RockSlide,Earthquake,HiddenPowerBug,Roar|Adamant|184,196,120,,,8|M|,30,30,,30,|||,Bug,,,,]Milotic||Leftovers|MarvelScale|Surf,Toxic,Recover,Refresh|Bold|248,,212,,,48|F|,0,,,,|||]Blissey||Leftovers|NaturalCure|SeismicToss,IceBeam,ThunderWave,SoftBoiled|Bold|40,,244,208,,16|F||||]Skarmory||Leftovers|KeenEye|DrillPeck,Toxic,Spikes,Roar|Careful|248,,,,236,24|M||||]Claydol||Leftovers|Levitate|Earthquake,Psychic,Refresh,RapidSpin|Adamant|224,228,,36,,20|N||||]Dugtrio||ChoiceBand|ArenaTrap|Earthquake,AerialAce,HiddenPowerBug,Screech|Jolly|,252,,,4,252|F|,30,30,,30,|||,Bug,,,,\",\"rating\":0}",">player p2 {\"name\":\"foultestacceptor1\",\"avatar\":\"169\",\"team\":\"Medicham||SalacBerry|PurePower|BrickBreak,FocusPunch,RockSlide,ShadowBall|Jolly|4,252,,,,252|F||||]Magneton||Magnet|MagnetPull|Thunderbolt,HiddenPowerFire,Toxic,RainDance|Modest|4,,,252,,252|N|,2,,30,,30|||,Fire,,,,]Snorlax||Leftovers|Immunity|SelfDestruct,BodySlam,ShadowBall,Earthquake|Adamant|92,116,144,,144,12|M||||]Suicune||Leftovers|Pressure|CalmMind,Surf,Rest,IceBeam|Calm|252,,,180,68,8|N|,0,,,,|||]Salamence||Leftovers|Intimidate|DragonDance,HiddenPowerFlying,RockSlide,Earthquake|Adamant|,156,,,140,212|F|,,,30,30,30|||,Flying,,,,]Metagross||Leftovers|ClearBody|Agility,MeteorMash,Earthquake,Explosion|Adamant|252,144,24,,,88|N||||\",\"rating\":0}",">p1 switch 4",">p2 move brickbreak",">p1 move spikes",">p2 switch 2",">p1 move roar",">p2 move thunderbolt",">p1 switch 6",">p1 move earthquake",">p2 move hiddenpower",">p2 switch 4",">p1 switch 2",">p2 move surf",">p1 move toxic",">p2 move calmmind",">p1 move toxic",">p2 move calmmind",">p1 move recover",">p2 move rest",">p1 switch 3",">p2 move calmmind",">p1 move seismictoss",">p2 move icebeam",">p1 move seismictoss",">p2 move calmmind",">p1 move seismictoss",">p2 move surf",">p1 move seismictoss",">p2 move rest",">p1 move seismictoss",">p2 move rest",">p1 move softboiled",">p2 move icebeam",">p1 move seismictoss",">p2 move surf",">p1 move seismictoss",">p2 move rest",">p1 move softboiled",">p2 move rest",">p1 move seismictoss",">p2 move surf",">p1 move seismictoss",">p2 move surf",">p1 move seismictoss",">p2 move rest",">p1 move softboiled",">p2 move surf",">p1 move seismictoss",">p2 move icebeam",">p1 move softboiled",">p2 move surf",">p1 move softboiled",">p2 move surf",">p1 move seismictoss",">p2 move surf",">p1 move softboiled",">p2 move rest",">p1 move seismictoss",">p2 move icebeam",">p1 move seismictoss",">p2 move icebeam",">p1 move softboiled",">p2 move surf",">p1 move softboiled",">p2 move surf",">p1 move thunderwave",">p2 move surf",">p1 move softboiled",">p2 move rest",">p1 move seismictoss",">p2 move surf",">p1 move seismictoss",">p2 move rest",">p1 move icebeam",">p2 move surf",">p1 move thunderwave",">p2 move surf",">p1 move softboiled",">p2 move rest",">p1 switch 4",">p2 move calmmind",">p1 move rockslide",">p2 move surf",">p1 switch 3",">p2 move surf",">p1 move toxic",">p2 move surf",">p1 move recover",">p2 move rest",">p1 switch 3",">p2 move icebeam",">p1 move roar",">p2 move icebeam",">p1 switch 3",">p2 move meteormash",">p1 move surf",">p2 move meteormash",">p1 move surf",">p2 move earthquake",">p1 switch 2",">p1 move earthquake",">p2 move meteormash",">p2 switch 6",">p1 switch 4",">p2 move surf",">p1 move thunderwave",">p2 move calmmind",">p1 move softboiled",">p2 move calmmind",">p1 move icebeam",">p2 move calmmind",">p1 move icebeam",">p2 move calmmind",">p1 move icebeam",">p2 move surf",">p1 move softboiled",">p2 move calmmind",">p1 move softboiled",">p2 move surf",">p1 move thunderwave",">p2 move icebeam",">p1 move softboiled",">p2 move surf",">p1 move icebeam",">p2 move calmmind",">p1 move icebeam",">p2 move surf",">p1 move softboiled",">p2 move surf",">p1 move icebeam",">p2 move icebeam",">p1 move icebeam",">p2 move calmmind",">p1 move thunderwave",">p2 move calmmind",">p1 move thunderwave",">p2 move calmmind",">p1 move thunderwave",">p2 move calmmind",">p1 move thunderwave",">p2 move calmmind",">p1 move thunderwave",">p2 move calmmind",">p1 move thunderwave",">p2 move calmmind",">p1 move thunderwave",">p2 move calmmind",">p1 move thunderwave",">p2 move calmmind",">p1 move thunderwave",">p2 move calmmind",">p1 move thunderwave",">p2 move calmmind",">p1 move thunderwave",">p2 move surf",">p1 move thunderwave",">p2 move surf",">p1 switch 4",">p1 move earthquake",">p2 move surf",">p1 move earthquake",">p2 move surf",">p2 switch 5",">p1 switch 5",">p2 move earthquake",">p1 switch 3",">p2 switch 3",">p1 move rockslide",">p2 move earthquake",">p1 move rockslide",">p2 move selfdestruct",">p1 switch 5",">p2 switch 3",">p1 move aerialace",">p2 move hiddenpower",">p1 switch 3",">p1 move psychic",">p2 move dragondance",">p1 move psychic",">p2 move hiddenpower",">p1 move psychic",">p2 move hiddenpower"],"log":["|j|☆foultestchallenge1","|j|☆foultestacceptor1","|t:|1752964212","|gametype|singles","|player|p1|foultestchallenge1|1|","|player|p2|foultestacceptor1|169|","|teamsize|p1|6","|teamsize|p2|6","|gen|3","|tier|[Gen 3] OU","|rule|Sleep Clause Mod: Limit one foe put to sleep","|rule|Switch Priority Clause Mod: Faster Pokémon switch first","|rule|Species Clause: Limit one of each Pokémon","|rule|OHKO Clause: OHKO moves are banned","|rule|Evasion Items Clause: Evasion items are banned","|rule|Evasion Moves Clause: Evasion moves are banned","|rule|Endless Battle Clause: Forcing endless battles is banned","|rule|HP Percentage Mod: HP is shown in percentages","|rule|One Boost Passer Clause: Limit one Baton Passer that has a way to boost its stats","|rule|Freeze Clause Mod: Limit one foe frozen","|","|t:|1752964212","|start","|switch|p1a: Tyranitar|Tyranitar, M|387/387","|switch|p2a: Medicham|Medicham, F|262/262","|-weather|Sandstorm|[from] ability: Sand Stream|[of] p1a: Tyranitar","|turn|1","|inactive|Battle timer is ON: inactive players will automatically lose when time's up. (requested by foultestchallenge1)","|inactive|foultestacceptor1 also wants the timer to be on.","|","|t:|1752964221","|switch|p1a: Skarmory|Skarmory, M|333/333","|move|p2a: Medicham|Brick Break|p1a: Skarmory","|-damage|p1a: Skarmory|220/333","|","|-weather|Sandstorm|[upkeep]","|-damage|p2a: Medicham|246/262|[from] Sandstorm","|-heal|p1a: Skarmory|240/333|[from] item: Leftovers","|upkeep","|turn|2","||adding 10 for new turn","|","|t:|1752964229","|switch|p2a: Magneton|Magneton|242/242","|move|p1a: Skarmory|Spikes|p2a: Magneton","|-sidestart|p2: foultestacceptor1|Spikes","|","|-weather|Sandstorm|[upkeep]","|-heal|p1a: Skarmory|260/333|[from] item: Leftovers","|upkeep","|turn|3","||adding 10 for new turn","|","|t:|1752964236","|move|p2a: Magneton|Thunderbolt|p1a: Skarmory","|-supereffective|p1a: Skarmory","|-damage|p1a: Skarmory|0 fnt","|faint|p1a: Skarmory","||adding 5 to each for mid turn request","|","|t:|1752964244","|switch|p1a: Dugtrio|Dugtrio, F|211/211","|","|-weather|Sandstorm|[upkeep]","|upkeep","|turn|4","||adding 10 for new turn","|","|t:|1752964251","|move|p1a: Dugtrio|Earthquake|p2a: Magneton","|-supereffective|p2a: Magneton","|-damage|p2a: Magneton|0 fnt","|faint|p2a: Magneton","||adding 5 to each for mid turn request","|","|t:|1752964259","|switch|p2a: Suicune|Suicune|404/404","|-damage|p2a: Suicune|354/404|[from] Spikes","|-ability|p2a: Suicune|Pressure|[silent]","|","|-weather|Sandstorm|[upkeep]","|-damage|p2a: Suicune|329/404|[from] Sandstorm","|-heal|p2a: Suicune|354/404|[from] item: Leftovers","|upkeep","|turn|5","||adding 10 for new turn","|","|t:|1752964267","|switch|p1a: Milotic|Milotic, F|393/393","|move|p2a: Suicune|Surf|p1a: Milotic","|-resisted|p1a: Milotic","|-crit|p1a: Milotic","|-damage|p1a: Milotic|296/393","|","|-weather|Sandstorm|[upkeep]","|-damage|p1a: Milotic|272/393|[from] Sandstorm","|-damage|p2a: Suicune|329/404|[from] Sandstorm","|-heal|p1a: Milotic|296/393|[from] item: Leftovers","|-heal|p2a: Suicune|354/404|[from] item: Leftovers","|upkeep","|turn|6","||adding 10 for new turn","|","|t:|1752964275","|move|p1a: Milotic|Toxic|p2a: Suicune|[miss]","|-miss|p1a: Milotic|p2a: Suicune","|move|p2a: Suicune|Calm Mind|p2a: Suicune","|-boost|p2a: Suicune|spa|1","|-boost|p2a: Suicune|spd|1","|","|-weather|Sandstorm|[upkeep]","|-damage|p1a: Milotic|272/393|[from] Sandstorm","|-damage|p2a: Suicune|329/404|[from] Sandstorm","|-heal|p1a: Milotic|296/393|[from] item: Leftovers","|-heal|p2a: Suicune|354/404|[from] item: Leftovers","|upkeep","|turn|7","||adding 10 for new turn","|","|t:|1752964282","|move|p1a: Milotic|Toxic|p2a: Suicune","|-status|p2a: Suicune|tox","|move|p2a: Suicune|Calm Mind|p2a: Suicune","|-boost|p2a: Suicune|spa|1","|-boost|p2a: Suicune|spd|1","|","|-weather|Sandstorm|[upkeep]","|-damage|p1a: Milotic|272/393|[from] Sandstorm","|-damage|p2a: Suicune|329/404 tox|[from] Sandstorm","|-heal|p1a: Milotic|296/393|[from] item: Leftovers","|-heal|p2a: Suicune|354/404 tox|[from] item: Leftovers","|-damage|p2a: Suicune|329/404 tox|[from] psn","|upkeep","|turn|8","||adding 10 for new turn","|","|t:|1752964290","|move|p1a: Milotic|Recover|p1a: Milotic","|-heal|p1a: Milotic|393/393","|move|p2a: Suicune|Rest|p2a: Suicune","|-status|p2a: Suicune|slp|[from] move: Rest","|-heal|p2a: Suicune|404/404 slp|[silent]","|","|-weather|Sandstorm|[upkeep]","|-damage|p1a: Milotic|369/393|[from] Sandstorm","|-damage|p2a: Suicune|379/404 slp|[from] Sandstorm","|-heal|p1a: Milotic|393/393|[from] item: Leftovers","|-heal|p2a: Suicune|404/404 slp|[from] item: Leftovers","|upkeep","|turn|9","||adding 10 for new turn","|","|t:|1752964298","|switch|p1a: Blissey|Blissey, F|661/661","|cant|p2a: Suicune|slp","|","|-weather|Sandstorm|[upkeep]","|-damage|p2a: Suicune|379/404 slp|[from] Sandstorm","|-damage|p1a: Blissey|620/661|[from] Sandstorm","|-heal|p2a: Suicune|404/404 slp|[from] item: Leftovers","|-heal|p1a: Blissey|661/661|[from] item: Leftovers","|upkeep","|turn|10","||adding 10 for new turn","|","|t:|1752964305","|cant|p2a: Suicune|slp","|move|p1a: Blissey|Seismic Toss|p2a: Suicune","|-damage|p2a: Suicune|304/404 slp","|","|-weather|Sandstorm|[upkeep]","|-damage|p2a: Suicune|279/404 slp|[from] Sandstorm","|-damage|p1a: Blissey|620/661|[from] Sandstorm","|-heal|p2a: Suicune|304/404 slp|[from] item: Leftovers","|-heal|p1a: Blissey|661/661|[from] item: Leftovers","|upkeep","|turn|11","||adding 10 for new turn","|","|t:|1752964313","|-curestatus|p2a: Suicune|slp|[msg]","|move|p2a: Suicune|Calm Mind|p2a: Suicune","|-boost|p2a: Suicune|spa|1","|-boost|p2a: Suicune|spd|1","|move|p1a: Blissey|Seismic Toss|p2a: Suicune","|-damage|p2a: Suicune|204/404","|","|-weather|Sandstorm|[upkeep]","|-damage|p2a: Suicune|179/404|[from] Sandstorm","|-damage|p1a: Blissey|620/661|[from] Sandstorm","|-heal|p2a: Suicune|204/404|[from] item: Leftovers","|-heal|p1a: Blissey|661/661|[from] item: Leftovers","|upkeep","|turn|12","||adding 10 for new turn","|","|t:|1752964321","|move|p2a: Suicune|Surf|p1a: Blissey","|-damage|p1a: Blissey|434/661","|move|p1a: Blissey|Seismic Toss|p2a: Suicune","|-damage|p2a: Suicune|104/404","|","|-weather|Sandstorm|[upkeep]","|-damage|p2a: Suicune|79/404|[from] Sandstorm","|-damage|p1a: Blissey|393/661|[from] Sandstorm","|-heal|p2a: Suicune|104/404|[from] item: Leftovers","|-heal|p1a: Blissey|434/661|[from] item: Leftovers","|upkeep","|turn|13","||adding 10 for new turn","|","|t:|1752964329","|move|p2a: Suicune|Rest|p2a: Suicune","|-status|p2a: Suicune|slp|[from] move: Rest","|-heal|p2a: Suicune|404/404 slp|[silent]","|move|p1a: Blissey|Seismic Toss|p2a: Suicune","|-damage|p2a: Suicune|304/404 slp","|","|-weather|Sandstorm|[upkeep]","|-damage|p2a: Suicune|279/404 slp|[from] Sandstorm","|-damage|p1a: Blissey|393/661|[from] Sandstorm","|-heal|p2a: Suicune|304/404 slp|[from] item: Leftovers","|-heal|p1a: Blissey|434/661|[from] item: Leftovers","|upkeep","|turn|14","||adding 10 for new turn","|","|t:|1752964337","|cant|p2a: Suicune|slp","|move|p1a: Blissey|Seismic Toss|p2a: Suicune","|-damage|p2a: Suicune|204/404 slp","|","|-weather|Sandstorm|[upkeep]","|-damage|p2a: Suicune|179/404 slp|[from] Sandstorm","|-damage|p1a: Blissey|393/661|[from] Sandstorm","|-heal|p2a: Suicune|204/404 slp|[from] item: Leftovers","|-heal|p1a: Blissey|434/661|[from] item: Leftovers","|upkeep","|turn|15","||adding 10 for new turn","|","|t:|1752964344","|cant|p2a: Suicune|slp","|move|p1a: Blissey|Soft-Boiled|p1a: Blissey","|-heal|p1a: Blissey|661/661","|","|-weather|Sandstorm|[upkeep]","|-damage|p2a: Suicune|179/404 slp|[from] Sandstorm","|-damage|p1a: Blissey|620/661|[from] Sandstorm","|-heal|p2a: Suicune|204/404 slp|[from] item: Leftovers","|-heal|p1a: Blissey|661/661|[from] item: Leftovers","|upkeep","|turn|16","||adding 10 for new turn","|","|t:|1752964352","|-curestatus|p2a: Suicune|slp|[msg]","|move|p2a: Suicune|Surf|p1a: Blissey","|-damage|p1a: Blissey|409/661","|move|p1a: Blissey|Seismic Toss|p2a: Suicune","|-damage|p2a: Suicune|104/404","|","|-weather|Sandstorm|[upkeep]","|-damage|p2a: Suicune|79/404|[from] Sandstorm","|-damage|p1a: Blissey|368/661|[from] Sandstorm","|-heal|p2a: Suicune|104/404|[from] item: Leftovers","|-heal|p1a: Blissey|409/661|[from] item: Leftovers","|upkeep","|turn|17","||adding 10 for new turn","|","|t:|1752964360","|move|p2a: Suicune|Rest|p2a: Suicune","|-status|p2a: Suicune|slp|[from] move: Rest","|-heal|p2a: Suicune|404/404 slp|[silent]","|move|p1a: Blissey|Seismic Toss|p2a: Suicune","|-damage|p2a: Suicune|304/404 slp","|","|-weather|Sandstorm|[upkeep]","|-damage|p2a: Suicune|279/404 slp|[from] Sandstorm","|-damage|p1a: Blissey|368/661|[from] Sandstorm","|-heal|p2a: Suicune|304/404 slp|[from] item: Leftovers","|-heal|p1a: Blissey|409/661|[from] item: Leftovers","|upkeep","|turn|18","||adding 10 for new turn","|","|t:|1752964368","|cant|p2a: Suicune|slp","|move|p1a: Blissey|Soft-Boiled|p1a: Blissey","|-heal|p1a: Blissey|661/661","|","|-weather|Sandstorm|[upkeep]","|-damage|p2a: Suicune|279/404 slp|[from] Sandstorm","|-damage|p1a: Blissey|620/661|[from] Sandstorm","|-heal|p2a: Suicune|304/404 slp|[from] item: Leftovers","|-heal|p1a: Blissey|661/661|[from] item: Leftovers","|upkeep","|turn|19","||adding 10 for new turn","|","|t:|1752964375","|cant|p2a: Suicune|slp","|move|p1a: Blissey|Seismic Toss|p2a: Suicune","|-damage|p2a: Suicune|204/404 slp","|","|-weather|Sandstorm|[upkeep]","|-damage|p2a: Suicune|179/404 slp|[from] Sandstorm","|-damage|p1a: Blissey|620/661|[from] Sandstorm","|-heal|p2a: Suicune|204/404 slp|[from] item: Leftovers","|-heal|p1a: Blissey|661/661|[from] item: Leftovers","|upkeep","|turn|20","||adding 10 for new turn","|","|t:|1752964383","|-curestatus|p2a: Suicune|slp|[msg]","|move|p2a: Suicune|Surf|p1a: Blissey","|-damage|p1a: Blissey|419/661","|move|p1a: Blissey|Seismic Toss|p2a: Suicune","|-damage|p2a: Suicune|104/404","|","|-weather|Sandstorm|[upkeep]","|-damage|p2a: Suicune|79/404|[from] Sandstorm","|-damage|p1a: Blissey|378/661|[from] Sandstorm","|-heal|p2a: Suicune|104/404|[from] item: Leftovers","|-heal|p1a: Blissey|419/661|[from] item: Leftovers","|upkeep","|turn|21","||adding 10 for new turn","|","|t:|1752964391","|move|p2a: Suicune|Rest|p2a: Suicune","|-status|p2a: Suicune|slp|[from] move: Rest","|-heal|p2a: Suicune|404/404 slp|[silent]","|move|p1a: Blissey|Seismic Toss|p2a: Suicune","|-damage|p2a: Suicune|304/404 slp","|","|-weather|Sandstorm|[upkeep]","|-damage|p2a: Suicune|279/404 slp|[from] Sandstorm","|-damage|p1a: Blissey|378/661|[from] Sandstorm","|-heal|p2a: Suicune|304/404 slp|[from] item: Leftovers","|-heal|p1a: Blissey|419/661|[from] item: Leftovers","|upkeep","|turn|22","||adding 10 for new turn","|","|t:|1752964398","|cant|p2a: Suicune|slp","|move|p1a: Blissey|Soft-Boiled|p1a: Blissey","|-heal|p1a: Blissey|661/661","|","|-weather|Sandstorm|[upkeep]","|-damage|p2a: Suicune|279/404 slp|[from] Sandstorm","|-damage|p1a: Blissey|620/661|[from] Sandstorm","|-heal|p2a: Suicune|304/404 slp|[from] item: Leftovers","|-heal|p1a: Blissey|661/661|[from] item: Leftovers","|upkeep","|turn|23","||adding 10 for new turn","|","|t:|1752964406","|cant|p2a: Suicune|slp","|move|p1a: Blissey|Seismic Toss|p2a: Suicune","|-damage|p2a: Suicune|204/404 slp","|","|-weather|Sandstorm|[upkeep]","|-damage|p2a: Suicune|179/404 slp|[from] Sandstorm","|-damage|p1a: Blissey|620/661|[from] Sandstorm","|-heal|p2a: Suicune|204/404 slp|[from] item: Leftovers","|-heal|p1a: Blissey|661/661|[from] item: Leftovers","|upkeep","|turn|24","||adding 10 for new turn","|","|t:|1752964414","|-curestatus|p2a: Suicune|slp|[msg]","|move|p2a: Suicune|Surf|p1a: Blissey","|-damage|p1a: Blissey|414/661","|move|p1a: Blissey|Soft-Boiled|p1a: Blissey","|-heal|p1a: Blissey|661/661","|","|-weather|Sandstorm|[upkeep]","|-damage|p2a: Suicune|179/404|[from] Sandstorm","|-damage|p1a: Blissey|620/661|[from] Sandstorm","|-heal|p2a: Suicune|204/404|[from] item: Leftovers","|-heal|p1a: Blissey|661/661|[from] item: Leftovers","|upkeep","|turn|25","||adding 10 for new turn","|","|t:|1752964421","|move|p2a: Suicune|Surf|p1a: Blissey","|-damage|p1a: Blissey|440/661","|move|p1a: Blissey|Soft-Boiled|p1a: Blissey","|-heal|p1a: Blissey|661/661","|","|-weather|Sandstorm|[upkeep]","|-damage|p2a: Suicune|179/404|[from] Sandstorm","|-damage|p1a: Blissey|620/661|[from] Sandstorm","|-heal|p2a: Suicune|204/404|[from] item: Leftovers","|-heal|p1a: Blissey|661/661|[from] item: Leftovers","|upkeep","|turn|26","||adding 10 for new turn","|","|t:|1752964429","|move|p2a: Suicune|Surf|p1a: Blissey","|-damage|p1a: Blissey|427/661","|move|p1a: Blissey|Seismic Toss|p2a: Suicune","|-damage|p2a: Suicune|104/404","|","|-weather|Sandstorm|[upkeep]","|-damage|p2a: Suicune|79/404|[from] Sandstorm","|-damage|p1a: Blissey|386/661|[from] Sandstorm","|-heal|p2a: Suicune|104/404|[from] item: Leftovers","|-heal|p1a: Blissey|427/661|[from] item: Leftovers","|upkeep","|turn|27","||adding 10 for new turn","|","|t:|1752964437","|move|p2a: Suicune|Rest|p2a: Suicune","|-status|p2a: Suicune|slp|[from] move: Rest","|-heal|p2a: Suicune|404/404 slp|[silent]","|move|p1a: Blissey|Soft-Boiled|p1a: Blissey","|-heal|p1a: Blissey|661/661","|","|-weather|Sandstorm|[upkeep]","|-damage|p2a: Suicune|379/404 slp|[from] Sandstorm","|-damage|p1a: Blissey|620/661|[from] Sandstorm","|-heal|p2a: Suicune|404/404 slp|[from] item: Leftovers","|-heal|p1a: Blissey|661/661|[from] item: Leftovers","|upkeep","|turn|28","||adding 10 for new turn","|","|t:|1752964444","|cant|p2a: Suicune|slp","|move|p1a: Blissey|Seismic Toss|p2a: Suicune","|-damage|p2a: Suicune|304/404 slp","|","|-weather|Sandstorm|[upkeep]","|-damage|p2a: Suicune|279/404 slp|[from] Sandstorm","|-damage|p1a: Blissey|620/661|[from] Sandstorm","|-heal|p2a: Suicune|304/404 slp|[from] item: Leftovers","|-heal|p1a: Blissey|661/661|[from] item: Leftovers","|upkeep","|turn|29","||adding 10 for new turn","|","|t:|1752964452","|cant|p2a: Suicune|slp","|move|p1a: Blissey|Seismic Toss|p2a: Suicune","|-damage|p2a: Suicune|204/404 slp","|","|-weather|Sandstorm|[upkeep]","|-damage|p2a: Suicune|179/404 slp|[from] Sandstorm","|-damage|p1a: Blissey|620/661|[from] Sandstorm","|-heal|p2a: Suicune|204/404 slp|[from] item: Leftovers","|-heal|p1a: Blissey|661/661|[from] item: Leftovers","|upkeep","|turn|30","||adding 10 for new turn","|","|t:|1752964460","|-curestatus|p2a: Suicune|slp|[msg]","|move|p2a: Suicune|Surf|p1a: Blissey","|-damage|p1a: Blissey|434/661","|move|p1a: Blissey|Soft-Boiled|p1a: Blissey","|-heal|p1a: Blissey|661/661","|","|-weather|Sandstorm|[upkeep]","|-damage|p2a: Suicune|179/404|[from] Sandstorm","|-damage|p1a: Blissey|620/661|[from] Sandstorm","|-heal|p2a: Suicune|204/404|[from] item: Leftovers","|-heal|p1a: Blissey|661/661|[from] item: Leftovers","|upkeep","|turn|31","||adding 10 for new turn","|","|t:|1752964468","|move|p2a: Suicune|Surf|p1a: Blissey","|-damage|p1a: Blissey|403/661","|move|p1a: Blissey|Soft-Boiled|p1a: Blissey","|-heal|p1a: Blissey|661/661","|","|-weather|Sandstorm|[upkeep]","|-damage|p2a: Suicune|179/404|[from] Sandstorm","|-damage|p1a: Blissey|620/661|[from] Sandstorm","|-heal|p2a: Suicune|204/404|[from] item: Leftovers","|-heal|p1a: Blissey|661/661|[from] item: Leftovers","|upkeep","|turn|32","||adding 10 for new turn","|","|t:|1752964475","|move|p2a: Suicune|Surf|p1a: Blissey","|-damage|p1a: Blissey|403/661","|move|p1a: Blissey|Thunder Wave|p2a: Suicune","|-status|p2a: Suicune|par","|","|-weather|Sandstorm|[upkeep]","|-damage|p1a: Blissey|362/661|[from] Sandstorm","|-damage|p2a: Suicune|179/404 par|[from] Sandstorm","|-heal|p1a: Blissey|403/661|[from] item: Leftovers","|-heal|p2a: Suicune|204/404 par|[from] item: Leftovers","|upkeep","|turn|33","||adding 10 for new turn","|","|t:|1752964479","|move|p1a: Blissey|Soft-Boiled|p1a: Blissey","|-heal|p1a: Blissey|661/661","|move|p2a: Suicune|Rest|p2a: Suicune","|-status|p2a: Suicune|slp|[from] move: Rest","|-heal|p2a: Suicune|404/404 slp|[silent]","|","|-weather|Sandstorm|[upkeep]","|-damage|p2a: Suicune|379/404 slp|[from] Sandstorm","|-damage|p1a: Blissey|620/661|[from] Sandstorm","|-heal|p2a: Suicune|404/404 slp|[from] item: Leftovers","|-heal|p1a: Blissey|661/661|[from] item: Leftovers","|upkeep","|turn|34","||adding 10 for new turn","|","|t:|1752964484","|cant|p2a: Suicune|slp","|move|p1a: Blissey|Seismic Toss|p2a: Suicune","|-damage|p2a: Suicune|304/404 slp","|","|-weather|Sandstorm|[upkeep]","|-damage|p2a: Suicune|279/404 slp|[from] Sandstorm","|-damage|p1a: Blissey|620/661|[from] Sandstorm","|-heal|p2a: Suicune|304/404 slp|[from] item: Leftovers","|-heal|p1a: Blissey|661/661|[from] item: Leftovers","|upkeep","|turn|35","||adding 10 for new turn","|","|t:|1752964488","|cant|p2a: Suicune|slp","|move|p1a: Blissey|Seismic Toss|p2a: Suicune","|-damage|p2a: Suicune|204/404 slp","|","|-weather|Sandstorm|[upkeep]","|-damage|p2a: Suicune|179/404 slp|[from] Sandstorm","|-damage|p1a: Blissey|620/661|[from] Sandstorm","|-heal|p2a: Suicune|204/404 slp|[from] item: Leftovers","|-heal|p1a: Blissey|661/661|[from] item: Leftovers","|upkeep","|turn|36","||adding 10 for new turn","|","|t:|1752964492","|-curestatus|p2a: Suicune|slp|[msg]","|move|p2a: Suicune|Surf|p1a: Blissey","|-damage|p1a: Blissey|440/661","|move|p1a: Blissey|Ice Beam|p2a: Suicune","|-resisted|p2a: Suicune","|-damage|p2a: Suicune|192/404","|","|-weather|Sandstorm|[upkeep]","|-damage|p2a: Suicune|167/404|[from] Sandstorm","|-damage|p1a: Blissey|399/661|[from] Sandstorm","|-heal|p2a: Suicune|192/404|[from] item: Leftovers","|-heal|p1a: Blissey|440/661|[from] item: Leftovers","|upkeep","|turn|37","||adding 10 for new turn","|","|t:|1752964497","|move|p2a: Suicune|Surf|p1a: Blissey","|-damage|p1a: Blissey|203/661","|move|p1a: Blissey|Thunder Wave|p2a: Suicune","|-status|p2a: Suicune|par","|","|-weather|Sandstorm|[upkeep]","|-damage|p1a: Blissey|162/661|[from] Sandstorm","|-damage|p2a: Suicune|167/404 par|[from] Sandstorm","|-heal|p1a: Blissey|203/661|[from] item: Leftovers","|-heal|p2a: Suicune|192/404 par|[from] item: Leftovers","|upkeep","|turn|38","||adding 10 for new turn","|","|t:|1752964501","|move|p1a: Blissey|Soft-Boiled|p1a: Blissey","|-heal|p1a: Blissey|533/661","|move|p2a: Suicune|Rest|p2a: Suicune","|-status|p2a: Suicune|slp|[from] move: Rest","|-heal|p2a: Suicune|404/404 slp|[silent]","|","|-weather|Sandstorm|[upkeep]","|-damage|p2a: Suicune|379/404 slp|[from] Sandstorm","|-damage|p1a: Blissey|492/661|[from] Sandstorm","|-heal|p2a: Suicune|404/404 slp|[from] item: Leftovers","|-heal|p1a: Blissey|533/661|[from] item: Leftovers","|upkeep","|turn|39","||adding 10 for new turn","|","|t:|1752964505","|switch|p1a: Tyranitar|Tyranitar, M|387/387","|cant|p2a: Suicune|slp","|","|-weather|Sandstorm|[upkeep]","|-damage|p2a: Suicune|379/404 slp|[from] Sandstorm","|-heal|p2a: Suicune|404/404 slp|[from] item: Leftovers","|upkeep","|turn|40","||adding 10 for new turn","|","|t:|1752964513","|cant|p2a: Suicune|slp","|move|p1a: Tyranitar|Rock Slide|p2a: Suicune","|-damage|p2a: Suicune|268/404 slp","|","|-weather|Sandstorm|[upkeep]","|-damage|p2a: Suicune|243/404 slp|[from] Sandstorm","|-heal|p2a: Suicune|268/404 slp|[from] item: Leftovers","|upkeep","|turn|41","||adding 10 for new turn","|","|t:|1752964520","|switch|p1a: Milotic|Milotic, F|393/393","|-curestatus|p2a: Suicune|slp|[msg]","|move|p2a: Suicune|Surf|p1a: Milotic","|-resisted|p1a: Milotic","|-damage|p1a: Milotic|276/393","|","|-weather|Sandstorm|[upkeep]","|-damage|p1a: Milotic|252/393|[from] Sandstorm","|-damage|p2a: Suicune|243/404|[from] Sandstorm","|-heal|p1a: Milotic|276/393|[from] item: Leftovers","|-heal|p2a: Suicune|268/404|[from] item: Leftovers","|upkeep","|turn|42","||adding 10 for new turn","|","|t:|1752964528","|move|p1a: Milotic|Toxic|p2a: Suicune","|-status|p2a: Suicune|tox","|move|p2a: Suicune|Surf|p1a: Milotic","|-resisted|p1a: Milotic","|-damage|p1a: Milotic|141/393","|","|-weather|Sandstorm|[upkeep]","|-damage|p1a: Milotic|117/393|[from] Sandstorm","|-damage|p2a: Suicune|243/404 tox|[from] Sandstorm","|-heal|p1a: Milotic|141/393|[from] item: Leftovers","|-heal|p2a: Suicune|268/404 tox|[from] item: Leftovers","|-damage|p2a: Suicune|243/404 tox|[from] psn","|upkeep","|turn|43","||adding 10 for new turn","|","|t:|1752964536","|move|p1a: Milotic|Recover|p1a: Milotic","|-heal|p1a: Milotic|337/393","|move|p2a: Suicune|Rest|p2a: Suicune","|-status|p2a: Suicune|slp|[from] move: Rest","|-heal|p2a: Suicune|404/404 slp|[silent]","|","|-weather|Sandstorm|[upkeep]","|-damage|p1a: Milotic|313/393|[from] Sandstorm","|-damage|p2a: Suicune|379/404 slp|[from] Sandstorm","|-heal|p1a: Milotic|337/393|[from] item: Leftovers","|-heal|p2a: Suicune|404/404 slp|[from] item: Leftovers","|upkeep","|turn|44","||adding 10 for new turn","|","|t:|1752964543","|switch|p1a: Tyranitar|Tyranitar, M|387/387","|cant|p2a: Suicune|slp","|","|-weather|Sandstorm|[upkeep]","|-damage|p2a: Suicune|379/404 slp|[from] Sandstorm","|-heal|p2a: Suicune|404/404 slp|[from] item: Leftovers","|upkeep","|turn|45","||adding 10 for new turn","|","|t:|1752964551","|cant|p2a: Suicune|slp","|move|p1a: Tyranitar|Roar|p2a: Suicune","|drag|p2a: Metagross|Metagross|364/364","|-damage|p2a: Metagross|319/364|[from] Spikes","|","|-weather|Sandstorm|[upkeep]","|-heal|p2a: Metagross|341/364|[from] item: Leftovers","|upkeep","|turn|46","||adding 10 for new turn","|","|t:|1752964559","|switch|p1a: Milotic|Milotic, F|337/393","|move|p2a: Metagross|Meteor Mash|p1a: Milotic","|-resisted|p1a: Milotic","|-damage|p1a: Milotic|249/393","|","|-weather|Sandstorm|[upkeep]","|-damage|p1a: Milotic|225/393|[from] Sandstorm","|-heal|p1a: Milotic|249/393|[from] item: Leftovers","|-heal|p2a: Metagross|363/364|[from] item: Leftovers","|upkeep","|turn|47","||adding 10 for new turn","|","|t:|1752964567","|move|p1a: Milotic|Surf|p2a: Metagross","|-damage|p2a: Metagross|234/364","|move|p2a: Metagross|Meteor Mash|p1a: Milotic","|-resisted|p1a: Milotic","|-damage|p1a: Milotic|173/393","|-boost|p2a: Metagross|atk|1","|","|-weather|Sandstorm|[upkeep]","|-damage|p1a: Milotic|149/393|[from] Sandstorm","|-heal|p1a: Milotic|173/393|[from] item: Leftovers","|-heal|p2a: Metagross|256/364|[from] item: Leftovers","|upkeep","|turn|48","||adding 10 for new turn","|","|t:|1752964574","|move|p1a: Milotic|Surf|p2a: Metagross","|-damage|p2a: Metagross|143/364","|move|p2a: Metagross|Earthquake|p1a: Milotic","|-damage|p1a: Milotic|8/393","|","|-weather|Sandstorm|[upkeep]","|-damage|p1a: Milotic|0 fnt|[from] Sandstorm","|faint|p1a: Milotic","|-heal|p2a: Metagross|165/364|[from] item: Leftovers","|upkeep","||adding 5 to each for mid turn request","|","|t:|1752964582","|switch|p1a: Dugtrio|Dugtrio, F|211/211","|turn|49","||adding 10 for new turn","|","|t:|1752964590","|move|p1a: Dugtrio|Earthquake|p2a: Metagross","|-supereffective|p2a: Metagross","|-damage|p2a: Metagross|0 fnt","|faint|p2a: Metagross","||adding 5 to each for mid turn request","|","|t:|1752964597","|switch|p2a: Suicune|Suicune|404/404 slp","|-damage|p2a: Suicune|354/404 slp|[from] Spikes","|-ability|p2a: Suicune|Pressure|[silent]","|","|-weather|Sandstorm|[upkeep]","|-damage|p2a: Suicune|329/404 slp|[from] Sandstorm","|-heal|p2a: Suicune|354/404 slp|[from] item: Leftovers","|upkeep","|turn|50","||adding 10 for new turn","|","|t:|1752964605","|switch|p1a: Blissey|Blissey, F|533/661","|-curestatus|p2a: Suicune|slp|[msg]","|move|p2a: Suicune|Surf|p1a: Blissey","|-damage|p1a: Blissey|433/661","|","|-weather|Sandstorm|[upkeep]","|-damage|p2a: Suicune|329/404|[from] Sandstorm","|-damage|p1a: Blissey|392/661|[from] Sandstorm","|-heal|p2a: Suicune|354/404|[from] item: Leftovers","|-heal|p1a: Blissey|433/661|[from] item: Leftovers","|upkeep","|turn|51","||adding 10 for new turn","|","|t:|1752964609","|move|p2a: Suicune|Calm Mind|p2a: Suicune","|-boost|p2a: Suicune|spa|1","|-boost|p2a: Suicune|spd|1","|move|p1a: Blissey|Thunder Wave|p2a: Suicune","|-status|p2a: Suicune|par","|","|-weather|Sandstorm|[upkeep]","|-damage|p1a: Blissey|392/661|[from] Sandstorm","|-damage|p2a: Suicune|329/404 par|[from] Sandstorm","|-heal|p1a: Blissey|433/661|[from] item: Leftovers","|-heal|p2a: Suicune|354/404 par|[from] item: Leftovers","|upkeep","|turn|52","||adding 10 for new turn","|","|t:|1752964613","|move|p1a: Blissey|Soft-Boiled|p1a: Blissey","|-heal|p1a: Blissey|661/661","|cant|p2a: Suicune|par","|","|-weather|Sandstorm|[upkeep]","|-damage|p1a: Blissey|620/661|[from] Sandstorm","|-damage|p2a: Suicune|329/404 par|[from] Sandstorm","|-heal|p1a: Blissey|661/661|[from] item: Leftovers","|-heal|p2a: Suicune|354/404 par|[from] item: Leftovers","|upkeep","|turn|53","||adding 10 for new turn","|","|t:|1752964617","|move|p1a: Blissey|Ice Beam|p2a: Suicune","|-resisted|p2a: Suicune","|-damage|p2a: Suicune|334/404 par","|move|p2a: Suicune|Calm Mind|p2a: Suicune","|-boost|p2a: Suicune|spa|1","|-boost|p2a: Suicune|spd|1","|","|-weather|Sandstorm|[upkeep]","|-damage|p1a: Blissey|620/661|[from] Sandstorm","|-damage|p2a: Suicune|309/404 par|[from] Sandstorm","|-heal|p1a: Blissey|661/661|[from] item: Leftovers","|-heal|p2a: Suicune|334/404 par|[from] item: Leftovers","|upkeep","|turn|54","||adding 10 for new turn","|","|t:|1752964622","|move|p1a: Blissey|Ice Beam|p2a: Suicune","|-resisted|p2a: Suicune","|-damage|p2a: Suicune|321/404 par","|move|p2a: Suicune|Calm Mind|p2a: Suicune","|-boost|p2a: Suicune|spa|1","|-boost|p2a: Suicune|spd|1","|","|-weather|Sandstorm|[upkeep]","|-damage|p1a: Blissey|620/661|[from] Sandstorm","|-damage|p2a: Suicune|296/404 par|[from] Sandstorm","|-heal|p1a: Blissey|661/661|[from] item: Leftovers","|-heal|p2a: Suicune|321/404 par|[from] item: Leftovers","|upkeep","|turn|55","||adding 10 for new turn","|","|t:|1752964626","|move|p1a: Blissey|Ice Beam|p2a: Suicune","|-resisted|p2a: Suicune","|-damage|p2a: Suicune|310/404 par","|move|p2a: Suicune|Surf|p1a: Blissey","|-crit|p1a: Blissey","|-damage|p1a: Blissey|197/661","|","|-weather|Sandstorm|[upkeep]","|-damage|p1a: Blissey|156/661|[from] Sandstorm","|-damage|p2a: Suicune|285/404 par|[from] Sandstorm","|-heal|p1a: Blissey|197/661|[from] item: Leftovers","|-heal|p2a: Suicune|310/404 par|[from] item: Leftovers","|upkeep","|turn|56","||adding 10 for new turn","|","|t:|1752964630","|move|p1a: Blissey|Soft-Boiled|p1a: Blissey","|-heal|p1a: Blissey|527/661","|move|p2a: Suicune|Calm Mind|p2a: Suicune","|-boost|p2a: Suicune|spa|1","|-boost|p2a: Suicune|spd|1","|","|-weather|Sandstorm|[upkeep]","|-damage|p1a: Blissey|486/661|[from] Sandstorm","|-damage|p2a: Suicune|285/404 par|[from] Sandstorm","|-heal|p1a: Blissey|527/661|[from] item: Leftovers","|-heal|p2a: Suicune|310/404 par|[from] item: Leftovers","|upkeep","|turn|57","||adding 10 for new turn","|","|t:|1752964635","|move|p1a: Blissey|Soft-Boiled|p1a: Blissey","|-heal|p1a: Blissey|661/661","|cant|p2a: Suicune|par","|","|-weather|Sandstorm|[upkeep]","|-damage|p1a: Blissey|620/661|[from] Sandstorm","|-damage|p2a: Suicune|285/404 par|[from] Sandstorm","|-heal|p1a: Blissey|661/661|[from] item: Leftovers","|-heal|p2a: Suicune|310/404 par|[from] item: Leftovers","|upkeep","|turn|58","||adding 10 for new turn","|","|t:|1752964639","|move|p1a: Blissey|Thunder Wave|p2a: Suicune","|-fail|p2a: Suicune|par","|move|p2a: Suicune|Ice Beam|p1a: Blissey","|-damage|p1a: Blissey|472/661","|","|-weather|Sandstorm|[upkeep]","|-damage|p1a: Blissey|431/661|[from] Sandstorm","|-damage|p2a: Suicune|285/404 par|[from] Sandstorm","|-heal|p1a: Blissey|472/661|[from] item: Leftovers","|-heal|p2a: Suicune|310/404 par|[from] item: Leftovers","|upkeep","|turn|59","||adding 10 for new turn","|","|t:|1752964643","|move|p1a: Blissey|Soft-Boiled|p1a: Blissey","|-heal|p1a: Blissey|661/661","|cant|p2a: Suicune|par","|","|-weather|Sandstorm|[upkeep]","|-damage|p1a: Blissey|620/661|[from] Sandstorm","|-damage|p2a: Suicune|285/404 par|[from] Sandstorm","|-heal|p1a: Blissey|661/661|[from] item: Leftovers","|-heal|p2a: Suicune|310/404 par|[from] item: Leftovers","|upkeep","|turn|60","||adding 10 for new turn","|","|t:|1752964647","|move|p1a: Blissey|Ice Beam|p2a: Suicune","|-resisted|p2a: Suicune","|-damage|p2a: Suicune|300/404 par","|cant|p2a: Suicune|par","|","|-weather|Sandstorm|[upkeep]","|-damage|p1a: Blissey|620/661|[from] Sandstorm","|-damage|p2a: Suicune|275/404 par|[from] Sandstorm","|-heal|p1a: Blissey|661/661|[from] item: Leftovers","|-heal|p2a: Suicune|300/404 par|[from] item: Leftovers","|upkeep","|turn|61","||adding 10 for new turn","|","|t:|1752964652","|move|p1a: Blissey|Ice Beam|p2a: Suicune","|-resisted|p2a: Suicune","|-damage|p2a: Suicune|291/404 par","|move|p2a: Suicune|Surf|p1a: Blissey","|-damage|p1a: Blissey|356/661","|","|-weather|Sandstorm|[upkeep]","|-damage|p1a: Blissey|315/661|[from] Sandstorm","|-damage|p2a: Suicune|266/404 par|[from] Sandstorm","|-heal|p1a: Blissey|356/661|[from] item: Leftovers","|-heal|p2a: Suicune|291/404 par|[from] item: Leftovers","|upkeep","|turn|62","||adding 10 for new turn","|","|t:|1752964656","|move|p1a: Blissey|Soft-Boiled|p1a: Blissey","|-heal|p1a: Blissey|661/661","|move|p2a: Suicune|Surf|p1a: Blissey","|-damage|p1a: Blissey|362/661","|","|-weather|Sandstorm|[upkeep]","|-damage|p1a: Blissey|321/661|[from] Sandstorm","|-damage|p2a: Suicune|266/404 par|[from] Sandstorm","|-heal|p1a: Blissey|362/661|[from] item: Leftovers","|-heal|p2a: Suicune|291/404 par|[from] item: Leftovers","|upkeep","|turn|63","||adding 10 for new turn","|","|t:|1752964660","|move|p1a: Blissey|Ice Beam|p2a: Suicune","|-resisted|p2a: Suicune","|-damage|p2a: Suicune|280/404 par","|move|p2a: Suicune|Ice Beam|p1a: Blissey","|-damage|p1a: Blissey|173/661","|","|-weather|Sandstorm|[upkeep]","|-damage|p1a: Blissey|132/661|[from] Sandstorm","|-damage|p2a: Suicune|255/404 par|[from] Sandstorm","|-heal|p1a: Blissey|173/661|[from] item: Leftovers","|-heal|p2a: Suicune|280/404 par|[from] item: Leftovers","|upkeep","|turn|64","||adding 10 for new turn","|","|t:|1752964665","|move|p1a: Blissey|Ice Beam|p2a: Suicune","|-resisted|p2a: Suicune","|-damage|p2a: Suicune|270/404 par","|cant|p2a: Suicune|par","|","|-weather|Sandstorm|[upkeep]","|-damage|p1a: Blissey|132/661|[from] Sandstorm","|-damage|p2a: Suicune|245/404 par|[from] Sandstorm","|-heal|p1a: Blissey|173/661|[from] item: Leftovers","|-heal|p2a: Suicune|270/404 par|[from] item: Leftovers","|upkeep","|turn|65","||adding 10 for new turn","|","|t:|1752964669","|move|p1a: Blissey|Thunder Wave|p2a: Suicune","|-fail|p2a: Suicune|par","|move|p2a: Suicune|Calm Mind|p2a: Suicune","|-boost|p2a: Suicune|spa|1","|-boost|p2a: Suicune|spd|1","|","|-weather|Sandstorm|[upkeep]","|-damage|p1a: Blissey|132/661|[from] Sandstorm","|-damage|p2a: Suicune|245/404 par|[from] Sandstorm","|-heal|p1a: Blissey|173/661|[from] item: Leftovers","|-heal|p2a: Suicune|270/404 par|[from] item: Leftovers","|upkeep","|turn|66","||adding 10 for new turn","|","|t:|1752964673","|move|p1a: Blissey|Thunder Wave|p2a: Suicune","|-fail|p2a: Suicune|par","|move|p2a: Suicune|Calm Mind|p2a: Suicune","|-boost|p2a: Suicune|spa|1","|-boost|p2a: Suicune|spd|1","|","|-weather|Sandstorm|[upkeep]","|-damage|p1a: Blissey|132/661|[from] Sandstorm","|-damage|p2a: Suicune|245/404 par|[from] Sandstorm","|-heal|p1a: Blissey|173/661|[from] item: Leftovers","|-heal|p2a: Suicune|270/404 par|[from] item: Leftovers","|upkeep","|turn|67","||adding 10 for new turn","|","|t:|1752964677","|move|p1a: Blissey|Thunder Wave|p2a: Suicune","|-fail|p2a: Suicune|par","|move|p2a: Suicune|Calm Mind|p2a: Suicune","|-boost|p2a: Suicune|spa|0","|-boost|p2a: Suicune|spd|0","|","|-weather|Sandstorm|[upkeep]","|-damage|p1a: Blissey|132/661|[from] Sandstorm","|-damage|p2a: Suicune|245/404 par|[from] Sandstorm","|-heal|p1a: Blissey|173/661|[from] item: Leftovers","|-heal|p2a: Suicune|270/404 par|[from] item: Leftovers","|upkeep","|turn|68","||adding 10 for new turn","|","|t:|1752964681","|move|p1a: Blissey|Thunder Wave|p2a: Suicune","|-fail|p2a: Suicune|par","|cant|p2a: Suicune|par","|","|-weather|Sandstorm|[upkeep]","|-damage|p1a: Blissey|132/661|[from] Sandstorm","|-damage|p2a: Suicune|245/404 par|[from] Sandstorm","|-heal|p1a: Blissey|173/661|[from] item: Leftovers","|-heal|p2a: Suicune|270/404 par|[from] item: Leftovers","|upkeep","|turn|69","||adding 10 for new turn","|","|t:|1752964686","|move|p1a: Blissey|Thunder Wave|p2a: Suicune","|-fail|p2a: Suicune|par","|cant|p2a: Suicune|par","|","|-weather|Sandstorm|[upkeep]","|-damage|p1a: Blissey|132/661|[from] Sandstorm","|-damage|p2a: Suicune|245/404 par|[from] Sandstorm","|-heal|p1a: Blissey|173/661|[from] item: Leftovers","|-heal|p2a: Suicune|270/404 par|[from] item: Leftovers","|upkeep","|turn|70","||adding 10 for new turn","|","|t:|1752964690","|move|p1a: Blissey|Thunder Wave|p2a: Suicune","|-fail|p2a: Suicune|par","|move|p2a: Suicune|Calm Mind|p2a: Suicune","|-boost|p2a: Suicune|spa|0","|-boost|p2a: Suicune|spd|0","|","|-weather|Sandstorm|[upkeep]","|-damage|p1a: Blissey|132/661|[from] Sandstorm","|-damage|p2a: Suicune|245/404 par|[from] Sandstorm","|-heal|p1a: Blissey|173/661|[from] item: Leftovers","|-heal|p2a: Suicune|270/404 par|[from] item: Leftovers","|upkeep","|turn|71","||adding 10 for new turn","|","|t:|1752964694","|move|p1a: Blissey|Thunder Wave|p2a: Suicune","|-fail|p2a: Suicune|par","|move|p2a: Suicune|Calm Mind|p2a: Suicune","|-boost|p2a: Suicune|spa|0","|-boost|p2a: Suicune|spd|0","|","|-weather|Sandstorm|[upkeep]","|-damage|p1a: Blissey|132/661|[from] Sandstorm","|-damage|p2a: Suicune|245/404 par|[from] Sandstorm","|-heal|p1a: Blissey|173/661|[from] item: Leftovers","|-heal|p2a: Suicune|270/404 par|[from] item: Leftovers","|upkeep","|turn|72","||adding 10 for new turn","|","|t:|1752964698","|move|p1a: Blissey|Thunder Wave|p2a: Suicune","|-fail|p2a: Suicune|par","|move|p2a: Suicune|Calm Mind|p2a: Suicune","|-boost|p2a: Suicune|spa|0","|-boost|p2a: Suicune|spd|0","|","|-weather|Sandstorm|[upkeep]","|-damage|p1a: Blissey|132/661|[from] Sandstorm","|-damage|p2a: Suicune|245/404 par|[from] Sandstorm","|-heal|p1a: Blissey|173/661|[from] item: Leftovers","|-heal|p2a: Suicune|270/404 par|[from] item: Leftovers","|upkeep","|turn|73","||adding 10 for new turn","|","|t:|1752964702","|move|p1a: Blissey|Thunder Wave|p2a: Suicune","|-fail|p2a: Suicune|par","|cant|p2a: Suicune|par","|","|-weather|Sandstorm|[upkeep]","|-damage|p1a: Blissey|132/661|[from] Sandstorm","|-damage|p2a: Suicune|245/404 par|[from] Sandstorm","|-heal|p1a: Blissey|173/661|[from] item: Leftovers","|-heal|p2a: Suicune|270/404 par|[from] item: Leftovers","|upkeep","|turn|74","||adding 10 for new turn","|","|t:|1752964706","|move|p1a: Blissey|Thunder Wave|p2a: Suicune","|-fail|p2a: Suicune|par","|move|p2a: Suicune|Calm Mind|p2a: Suicune","|-boost|p2a: Suicune|spa|0","|-boost|p2a: Suicune|spd|0","|","|-weather|Sandstorm|[upkeep]","|-damage|p1a: Blissey|132/661|[from] Sandstorm","|-damage|p2a: Suicune|245/404 par|[from] Sandstorm","|-heal|p1a: Blissey|173/661|[from] item: Leftovers","|-heal|p2a: Suicune|270/404 par|[from] item: Leftovers","|upkeep","|turn|75","||adding 10 for new turn","|","|t:|1752964710","|move|p1a: Blissey|Thunder Wave|p2a: Suicune","|-fail|p2a: Suicune|par","|cant|p2a: Suicune|par","|","|-weather|Sandstorm|[upkeep]","|-damage|p1a: Blissey|132/661|[from] Sandstorm","|-damage|p2a: Suicune|245/404 par|[from] Sandstorm","|-heal|p1a: Blissey|173/661|[from] item: Leftovers","|-heal|p2a: Suicune|270/404 par|[from] item: Leftovers","|upkeep","|turn|76","||adding 10 for new turn","|","|t:|1752964714","|move|p1a: Blissey|Thunder Wave|p2a: Suicune","|-fail|p2a: Suicune|par","|move|p2a: Suicune|Surf|p1a: Blissey","|-damage|p1a: Blissey|0 fnt","|faint|p1a: Blissey","||adding 5 to each for mid turn request","|","|t:|1752964718","|switch|p1a: Dugtrio|Dugtrio, F|211/211","|","|-weather|Sandstorm|[upkeep]","|-damage|p2a: Suicune|245/404 par|[from] Sandstorm","|-heal|p2a: Suicune|270/404 par|[from] item: Leftovers","|upkeep","|turn|77","||adding 10 for new turn","|","|t:|1752964726","|move|p1a: Dugtrio|Earthquake|p2a: Suicune","|-damage|p2a: Suicune|105/404 par","|cant|p2a: Suicune|par","|","|-weather|Sandstorm|[upkeep]","|-damage|p2a: Suicune|80/404 par|[from] Sandstorm","|-heal|p2a: Suicune|105/404 par|[from] item: Leftovers","|upkeep","|turn|78","||adding 10 for new turn","|","|t:|1752964733","|move|p1a: Dugtrio|Earthquake|p2a: Suicune","|-damage|p2a: Suicune|0 fnt","|faint|p2a: Suicune","||adding 5 to each for mid turn request","|","|t:|1752964741","|switch|p2a: Salamence|Salamence, F|331/331","|-ability|p2a: Salamence|Intimidate|boost","|-unboost|p1a: Dugtrio|atk|1","|","|-weather|Sandstorm|[upkeep]","|-damage|p2a: Salamence|311/331|[from] Sandstorm","|-heal|p2a: Salamence|331/331|[from] item: Leftovers","|upkeep","|turn|79","||adding 10 for new turn","|","|t:|1752964748","|switch|p1a: Claydol|Claydol|317/317","|move|p2a: Salamence|Earthquake|p1a: Claydol","|-immune|p1a: Claydol","|","|-weather|Sandstorm|[upkeep]","|-damage|p2a: Salamence|311/331|[from] Sandstorm","|-heal|p2a: Salamence|331/331|[from] item: Leftovers","|upkeep","|turn|80","||adding 10 for new turn","|","|t:|1752964756","|switch|p2a: Snorlax|Snorlax, M|484/484","|-damage|p2a: Snorlax|424/484|[from] Spikes","|switch|p1a: Tyranitar|Tyranitar, M|387/387","|","|-weather|Sandstorm|[upkeep]","|-damage|p2a: Snorlax|394/484|[from] Sandstorm","|-heal|p2a: Snorlax|424/484|[from] item: Leftovers","|upkeep","|turn|81","||adding 10 for new turn","|","|t:|1752964764","|move|p1a: Tyranitar|Rock Slide|p2a: Snorlax","|-damage|p2a: Snorlax|267/484","|move|p2a: Snorlax|Earthquake|p1a: Tyranitar","|-supereffective|p1a: Tyranitar","|-damage|p1a: Tyranitar|222/387","|","|-weather|Sandstorm|[upkeep]","|-damage|p2a: Snorlax|237/484|[from] Sandstorm","|-heal|p1a: Tyranitar|246/387|[from] item: Leftovers","|-heal|p2a: Snorlax|267/484|[from] item: Leftovers","|upkeep","|turn|82","||adding 10 for new turn","|","|t:|1752964772","|move|p1a: Tyranitar|Rock Slide|p2a: Snorlax","|-damage|p2a: Snorlax|84/484","|move|p2a: Snorlax|Self-Destruct|p1a: Tyranitar","|-resisted|p1a: Tyranitar","|-damage|p1a: Tyranitar|0 fnt","|faint|p2a: Snorlax","|faint|p1a: Tyranitar","||adding 5 to each for mid turn request","|","|t:|1752964779","|switch|p1a: Dugtrio|Dugtrio, F|211/211","|switch|p2a: Salamence|Salamence, F|331/331","|-ability|p2a: Salamence|Intimidate|boost","|-unboost|p1a: Dugtrio|atk|1","|","|-weather|Sandstorm|[upkeep]","|-damage|p2a: Salamence|311/331|[from] Sandstorm","|-heal|p2a: Salamence|331/331|[from] item: Leftovers","|upkeep","|turn|83","||adding 10 for new turn","|","|t:|1752964787","|move|p1a: Dugtrio|Aerial Ace|p2a: Salamence","|-damage|p2a: Salamence|272/331","|move|p2a: Salamence|Hidden Power|p1a: Dugtrio","|-crit|p1a: Dugtrio","|-damage|p1a: Dugtrio|0 fnt","|faint|p1a: Dugtrio","||adding 5 to each for mid turn request","|","|t:|1752964794","|switch|p1a: Claydol|Claydol|317/317","|","|-weather|Sandstorm|[upkeep]","|-damage|p2a: Salamence|252/331|[from] Sandstorm","|-heal|p2a: Salamence|272/331|[from] item: Leftovers","|upkeep","|turn|84","||adding 10 for new turn","|","|t:|1752964800","|move|p2a: Salamence|Dragon Dance|p2a: Salamence","|-boost|p2a: Salamence|atk|1","|-boost|p2a: Salamence|spe|1","|move|p1a: Claydol|Psychic|p2a: Salamence","|-damage|p2a: Salamence|188/331","|","|-weather|Sandstorm|[upkeep]","|-damage|p2a: Salamence|168/331|[from] Sandstorm","|-heal|p2a: Salamence|188/331|[from] item: Leftovers","|upkeep","|turn|85","||adding 10 for new turn","|","|t:|1752964807","|move|p2a: Salamence|Hidden Power|p1a: Claydol","|-damage|p1a: Claydol|125/317","|move|p1a: Claydol|Psychic|p2a: Salamence","|-damage|p2a: Salamence|115/331","|","|-weather|Sandstorm|[upkeep]","|-damage|p2a: Salamence|95/331|[from] Sandstorm","|-heal|p2a: Salamence|115/331|[from] item: Leftovers","|-heal|p1a: Claydol|144/317|[from] item: Leftovers","|upkeep","|turn|86","||adding 10 for new turn","|","|t:|1752964814","|move|p2a: Salamence|Hidden Power|p1a: Claydol","|-damage|p1a: Claydol|0 fnt","|faint|p1a: Claydol","|","|win|foultestacceptor1",""],"p1rating":null,"p2rating":null,"endType":"normal","ladderError":true,"timestamp":"Sat Jul 19 2025 15:40:14 GMT-0700 (アメリカ太平洋夏時間)","roomid":"battle-gen3ou-1001","format":"gen3ou"}