{"winner":"foultestchallenge1","seed":"sodium,04165e144b2d3a4df16fe00fb8534f37","turns":38,"p1":"foultestchallenge1","p2":"foultestacceptor1","p1team":[{"name":"Dugtrio","species":"Dugtrio","item":"Choice Band","ability":"Arena Trap","moves":["Earthquake","Hidden Power Bug","Aerial Ace","Sunny Day"],"nature":"Adamant","evs":{"hp":96,"atk":168,"def":20,"spa":0,"spd":0,"spe":224},"gender":"F","ivs":{"hp":31,"atk":30,"def":30,"spa":31,"spd":30,"spe":31},"happiness":255,"hpType":"Bug","pokeball":"","gigantamax":false,"dynamaxLevel":10,"teraType":"","level":100},{"name":"Forretress","species":"Forretress","item":"Leftovers","ability":"Sturdy","moves":["Spikes","Zap Cannon","Explosion","Hidden Power Bug"],"nature":"Careful","evs":{"hp":252,"atk":0,"def":4,"spa":0,"spd":252,"spe":0},"gender":"F","ivs":{"hp":31,"atk":30,"def":30,"spa":31,"spd":30,"spe":31},"happiness":255,"hpType":"Bug","pokeball":"","gigantamax":false,"dynamaxLevel":10,"teraType":"","level":100},{"name":"Snorlax","species":"Snorlax","item":"Leftovers","ability":"Immunity","moves":["Return","Curse","Rest","Shadow Ball"],"nature":"Careful","evs":{"hp":144,"atk":96,"def":132,"spa":0,"spd":136,"spe":0},"gender":"M","level":100,"ivs":{"hp":31,"atk":31,"def":31,"spa":31,"spd":31,"spe":31}},{"name":"Suicune","species":"Suicune","item":"Leftovers","ability":"Pressure","moves":["Calm Mind","Rest","Ice Beam","Surf"],"nature":"Bold","evs":{"hp":240,"atk":0,"def":252,"spa":0,"spd":0,"spe":16},"gender":"N","ivs":{"hp":31,"atk":0,"def":31,"spa":31,"spd":31,"spe":31},"level":100},{"name":"Claydol","species":"Claydol","item":"Leftovers","ability":"Levitate","moves":["Earthquake","Psychic","Rapid Spin","Rest"],"nature":"Lonely","evs":{"hp":252,"atk":224,"def":0,"spa":24,"spd":0,"spe":8},"gender":"N","level":100,"ivs":{"hp":31,"atk":31,"def":31,"spa":31,"spd":31,"spe":31}},{"name":"Blissey","species":"Blissey","item":"Leftovers","ability":"Natural Cure","moves":["Soft-Boiled","Seismic Toss","Thunder Wave","Aromatherapy"],"nature":"Bold","evs":{"hp":252,"atk":0,"def":252,"spa":0,"spd":0,"spe":4},"gender":"F","ivs":{"hp":31,"atk":0,"def":31,"spa":31,"spd":31,"spe":31},"level":100}],"p2team":[{"name":"Salamence","species":"Salamence","item":"Choice Band","ability":"Intimidate","moves":["Earthquake","Hidden Power Flying","Brick Break","Rock Slide"],"nature":"Adamant","evs":{"hp":120,"atk":252,"def":0,"spa":0,"spd":0,"spe":136},"gender":"F","ivs":{"hp":30,"atk":30,"def":30,"spa":30,"spd":30,"spe":31},"happiness":255,"hpType":"Flying","pokeball":"","gigantamax":false,"dynamaxLevel":10,"teraType":"","level":100},{"name":"Magneton","species":"Magneton","item":"Magnet","ability":"Magnet Pull","moves":["Thunderbolt","Toxic","Hidden Power Fire","Protect"],"nature":"Modest","evs":{"hp":4,"atk":0,"def":0,"spa":252,"spd":0,"spe":252},"gender":"N","ivs":{"hp":31,"atk":2,"def":31,"spa":30,"spd":31,"spe":30},"happiness":255,"hpType":"Fire","pokeball":"","gigantamax":false,"dynamaxLevel":10,"teraType":"","level":100},{"name":"Tyranitar","species":"Tyranitar","item":"Leftovers","ability":"Sand Stream","moves":["Crunch","Pursuit","Hidden Power Grass","Fire Blast"],"nature":"Modest","evs":{"hp":240,"atk":0,"def":0,"spa":188,"spd":48,"spe":32},"gender":"M","ivs":{"hp":31,"atk":2,"def":31,"spa":30,"spd":31,"spe":31},"happiness":255,"hpType":"Grass","pokeball":"","gigantamax":false,"dynamaxLevel":10,"teraType":"","level":100},{"name":"Blissey","species":"Blissey","item":"Leftovers","ability":"Natural Cure","moves":["Seismic Toss","Wish","Protect","Toxic"],"nature":"","evs":{"hp":4,"atk":0,"def":252,"spa":0,"spd":252,"spe":0},"gender":"F","ivs":{"hp":31,"atk":0,"def":31,"spa":31,"spd":31,"spe":31},"level":100},{"name":"Metagross","species":"Metagross","item":"Leftovers","ability":"Clear Body","moves":["Agility","Meteor Mash","Earthquake","Explosion"],"nature":"Adamant","evs":{"hp":168,"atk":252,"def":0,"spa":0,"spd":0,"spe":88},"gender":"N","level":100,"ivs":{"hp":31,"atk":31,"def":31,"spa":31,"spd":31,"spe":31}},{"name":"Swampert","species":"Swampert","item":"Leftovers","ability":"Torrent","moves":["Surf","Ice Beam","Protect","Toxic"],"nature":"Bold","evs":{"hp":252,"atk":0,"def":160,"spa":0,"spd":96,"spe":0},"gender":"F","ivs":{"hp":31,"atk":0,"def":31,"spa":31,"spd":31,"spe":31},"level":100}],"score":[4,0],"inputLog":[">version 372d05e49c92a79eecdf6c8dddb208bd1765c00f",">start {\"formatid\":\"gen3ou\",\"seed\":\"sodium,04165e144b2d3a4df16fe00fb8534f37\"}",">player p1 {\"name\":\"foultestchallenge1\",\"avatar\":\"1\",\"team\":\"Dugtrio||ChoiceBand|ArenaTrap|Earthquake,HiddenPowerBug,AerialAce,SunnyDay|Adamant|96,168,20,,,224|F|,30,30,,30,|||,Bug,,,,]Forretress||Leftovers|Sturdy|Spikes,ZapCannon,Explosion,HiddenPowerBug|Careful|252,,4,,252,|F|,30,30,,30,|||,Bug,,,,]Snorlax||Leftovers|Immunity|Return,Curse,Rest,ShadowBall|Careful|144,96,132,,136,|M||||]Suicune||Leftovers|Pressure|CalmMind,Rest,IceBeam,Surf|Bold|240,,252,,,16|N|,0,,,,|||]Claydol||Leftovers|Levitate|Earthquake,Psychic,RapidSpin,Rest|Lonely|252,224,,24,,8|N||||]Blissey||Leftovers|NaturalCure|SoftBoiled,SeismicToss,ThunderWave,Aromatherapy|Bold|252,,252,,,4|F|,0,,,,|||\",\"rating\":0}",">player p2 {\"name\":\"foultestacceptor1\",\"avatar\":\"1\",\"team\":\"Salamence||ChoiceBand|Intimidate|Earthquake,HiddenPowerFlying,BrickBreak,RockSlide|Adamant|120,252,,,,136|F|30,30,30,30,30,|||,Flying,,,,]Magneton||Magnet|MagnetPull|Thunderbolt,Toxic,HiddenPowerFire,Protect|Modest|4,,,252,,252|N|,2,,30,,30|||,Fire,,,,]Tyranitar||Leftovers|SandStream|Crunch,Pursuit,HiddenPowerGrass,FireBlast|Modest|240,,,188,48,32|M|,2,,30,,|||,Grass,,,,]Blissey||Leftovers|NaturalCure|SeismicToss,Wish,Protect,Toxic||4,,252,,252,|F|,0,,,,|||]Metagross||Leftovers|ClearBody|Agility,MeteorMash,Earthquake,Explosion|Adamant|168,252,,,,88|N||||]Swampert||Leftovers|Torrent|Surf,IceBeam,Protect,Toxic|Bold|252,,160,,96,|F|,0,,,,|||\",\"rating\":0}",">p1 switch 4",">p2 move hiddenpower",">p1 move icebeam",">p2 move hiddenpower",">p1 move surf",">p2 move hiddenpower",">p2 switch 5",">p1 move rest",">p2 move earthquake",">p1 move rest",">p2 move meteormash",">p1 move icebeam",">p2 move meteormash",">p1 move calmmind",">p2 move earthquake",">p1 move surf",">p2 move earthquake",">p1 move surf",">p2 move explosion",">p1 switch 2",">p2 switch 6",">p1 move spikes",">p2 move surf",">p1 move spikes",">p2 move surf",">p1 move spikes",">p2 move surf",">p1 switch 3",">p2 move surf",">p1 move return",">p2 move icebeam",">p1 move return",">p2 move icebeam",">p1 move return",">p2 move protect",">p1 move return",">p2 move protect",">p1 move return",">p2 move icebeam",">p1 move return",">p2 move protect",">p1 move return",">p2 move protect",">p2 switch 3",">p1 move return",">p2 move crunch",">p1 move return",">p2 move fireblast",">p1 move return",">p2 move crunch",">p1 move rest",">p2 move crunch",">p1 switch 6",">p2 move fireblast",">p1 move seismictoss",">p2 move crunch",">p1 move seismictoss",">p2 move crunch",">p1 move seismictoss",">p2 move crunch",">p2 switch 4",">p1 move softboiled",">p2 move wish",">p1 move thunderwave",">p2 move seismictoss",">p1 move aromatherapy",">p2 move seismictoss",">p1 move softboiled",">p2 move seismictoss",">p1 switch 3",">p2 move seismictoss",">p1 move explosion",">p2 move protect",">p1 switch 6",">p2 switch 2",">p1 switch 5",">p2 move protect",">p1 move earthquake",">p2 move protect",">p1 move earthquake",">p2 move protect",">p1 move earthquake",">p2 move protect"],"log":["|j|☆foultestchallenge1","|j|☆foultestacceptor1","|t:|1752924821","|gametype|singles","|player|p1|foultestchallenge1|1|","|player|p2|foultestacceptor1|1|","|teamsize|p1|6","|teamsize|p2|6","|gen|3","|tier|[Gen 3] OU","|rule|Sleep Clause Mod: Limit one foe put to sleep","|rule|Switch Priority Clause Mod: Faster Pokémon switch first","|rule|Species Clause: Limit one of each Pokémon","|rule|OHKO Clause: OHKO moves are banned","|rule|Evasion Items Clause: Evasion items are banned","|rule|Evasion Moves Clause: Evasion moves are banned","|rule|Endless Battle Clause: Forcing endless battles is banned","|rule|HP Percentage Mod: HP is shown in percentages","|rule|One Boost Passer Clause: Limit one Baton Passer that has a way to boost its stats","|rule|Freeze Clause Mod: Limit one foe frozen","|","|t:|1752924821","|start","|switch|p1a: Dugtrio|Dugtrio, F|235/235","|switch|p2a: Salamence|Salamence, F|360/360","|-ability|p2a: Salamence|Intimidate|boost","|-unboost|p1a: Dugtrio|atk|1","|turn|1","|inactive|Battle timer is ON: inactive players will automatically lose when time's up. (requested by foultestchallenge1)","|inactive|foultestacceptor1 also wants the timer to be on.","|","|t:|1752924822","|switch|p1a: Suicune|Suicune|401/401","|-ability|p1a: Suicune|Pressure|[silent]","|move|p2a: Salamence|Hidden Power|p1a: Suicune","|-damage|p1a: Suicune|271/401","|","|-heal|p1a: Suicune|296/401|[from] item: Leftovers","|upkeep","|turn|2","||adding 10 for new turn","|","|t:|1752924823","|move|p2a: Salamence|Hidden Power|p1a: Suicune","|-damage|p1a: Suicune|163/401","|move|p1a: Suicune|Ice Beam|p2a: Salamence","|-supereffective|p2a: Salamence","|-damage|p2a: Salamence|26/360","|","|-heal|p1a: Suicune|188/401|[from] item: Leftovers","|upkeep","|turn|3","||adding 10 for new turn","|","|t:|1752924824","|move|p2a: Salamence|Hidden Power|p1a: Suicune","|-damage|p1a: Suicune|46/401","|move|p1a: Suicune|Surf|p2a: Salamence","|-resisted|p2a: Salamence","|-damage|p2a: Salamence|0 fnt","|faint|p2a: Salamence","||adding 5 to each for mid turn request","|","|t:|1752924825","|switch|p2a: Metagross|Metagross|343/343","|","|-heal|p1a: Suicune|71/401|[from] item: Leftovers","|upkeep","|turn|4","||adding 10 for new turn","|","|t:|1752924826","|move|p1a: Suicune|Rest|p1a: Suicune","|-status|p1a: Suicune|slp|[from] move: Rest","|-heal|p1a: Suicune|401/401 slp|[silent]","|move|p2a: Metagross|Earthquake|p1a: Suicune","|-damage|p1a: Suicune|316/401 slp","|","|-heal|p1a: Suicune|341/401 slp|[from] item: Leftovers","|upkeep","|turn|5","||adding 10 for new turn","|","|t:|1752924827","|cant|p1a: Suicune|slp","|move|p2a: Metagross|Meteor Mash|p1a: Suicune","|-resisted|p1a: Suicune","|-damage|p1a: Suicune|275/401 slp","|","|-heal|p1a: Suicune|300/401 slp|[from] item: Leftovers","|upkeep","|turn|6","||adding 10 for new turn","|","|t:|1752924828","|cant|p1a: Suicune|slp","|move|p2a: Metagross|Meteor Mash|p1a: Suicune","|-resisted|p1a: Suicune","|-damage|p1a: Suicune|239/401 slp","|","|-heal|p1a: Suicune|264/401 slp|[from] item: Leftovers","|upkeep","|turn|7","||adding 10 for new turn","|","|t:|1752924829","|-curestatus|p1a: Suicune|slp|[msg]","|move|p1a: Suicune|Calm Mind|p1a: Suicune","|-boost|p1a: Suicune|spa|1","|-boost|p1a: Suicune|spd|1","|move|p2a: Metagross|Earthquake|p1a: Suicune","|-damage|p1a: Suicune|183/401","|","|-heal|p1a: Suicune|208/401|[from] item: Leftovers","|upkeep","|turn|8","||adding 10 for new turn","|","|t:|1752924830","|move|p1a: Suicune|Surf|p2a: Metagross","|-damage|p2a: Metagross|188/343","|move|p2a: Metagross|Earthquake|p1a: Suicune","|-damage|p1a: Suicune|118/401","|","|-heal|p1a: Suicune|143/401|[from] item: Leftovers","|-heal|p2a: Metagross|209/343|[from] item: Leftovers","|upkeep","|turn|9","||adding 10 for new turn","|","|t:|1752924831","|move|p1a: Suicune|Surf|p2a: Metagross","|-damage|p2a: Metagross|43/343","|move|p2a: Metagross|Explosion|p1a: Suicune","|-damage|p1a: Suicune|0 fnt","|faint|p2a: Metagross","|faint|p1a: Suicune","||adding 5 to each for mid turn request","|","|t:|1752924832","|switch|p1a: Forretress|Forretress, F|354/354","|switch|p2a: Swampert|Swampert, F|404/404","|","|upkeep","|turn|10","||adding 10 for new turn","|","|t:|1752924833","|move|p2a: Swampert|Surf|p1a: Forretress","|-damage|p1a: Forretress|257/354","|move|p1a: Forretress|Spikes|p2a: Swampert","|-sidestart|p2: foultestacceptor1|Spikes","|","|-heal|p1a: Forretress|279/354|[from] item: Leftovers","|upkeep","|turn|11","||adding 10 for new turn","|","|t:|1752924834","|move|p2a: Swampert|Surf|p1a: Forretress","|-damage|p1a: Forretress|176/354","|move|p1a: Forretress|Spikes|p2a: Swampert","|-sidestart|p2: foultestacceptor1|Spikes","|","|-heal|p1a: Forretress|198/354|[from] item: Leftovers","|upkeep","|turn|12","||adding 10 for new turn","|","|t:|1752924835","|move|p2a: Swampert|Surf|p1a: Forretress","|-damage|p1a: Forretress|103/354","|move|p1a: Forretress|Spikes|p2a: Swampert","|-sidestart|p2: foultestacceptor1|Spikes","|","|-heal|p1a: Forretress|125/354|[from] item: Leftovers","|upkeep","|turn|13","||adding 10 for new turn","|","|t:|1752924836","|switch|p1a: Snorlax|Snorlax, M|497/497","|move|p2a: Swampert|Surf|p1a: Snorlax","|-damage|p1a: Snorlax|425/497","|","|-heal|p1a: Snorlax|456/497|[from] item: Leftovers","|upkeep","|turn|14","||adding 10 for new turn","|","|t:|1752924837","|move|p2a: Swampert|Ice Beam|p1a: Snorlax","|-damage|p1a: Snorlax|409/497","|move|p1a: Snorlax|Return|p2a: Swampert","|-damage|p2a: Swampert|278/404","|","|-heal|p2a: Swampert|303/404|[from] item: Leftovers","|-heal|p1a: Snorlax|440/497|[from] item: Leftovers","|upkeep","|turn|15","||adding 10 for new turn","|","|t:|1752924838","|move|p2a: Swampert|Ice Beam|p1a: Snorlax","|-damage|p1a: Snorlax|393/497","|move|p1a: Snorlax|Return|p2a: Swampert","|-damage|p2a: Swampert|175/404","|","|-heal|p2a: Swampert|200/404|[from] item: Leftovers","|-heal|p1a: Snorlax|424/497|[from] item: Leftovers","|upkeep","|turn|16","||adding 10 for new turn","|","|t:|1752924839","|move|p2a: Swampert|Protect|p2a: Swampert","|-singleturn|p2a: Swampert|Protect","|move|p1a: Snorlax|Return|p2a: Swampert","|-activate|p2a: Swampert|Protect","|","|-heal|p2a: Swampert|225/404|[from] item: Leftovers","|-heal|p1a: Snorlax|455/497|[from] item: Leftovers","|upkeep","|turn|17","||adding 10 for new turn","|","|t:|1752924840","|move|p2a: Swampert|Protect|p2a: Swampert","|-singleturn|p2a: Swampert|Protect","|move|p1a: Snorlax|Return|p2a: Swampert","|-activate|p2a: Swampert|Protect","|","|-heal|p2a: Swampert|250/404|[from] item: Leftovers","|-heal|p1a: Snorlax|486/497|[from] item: Leftovers","|upkeep","|turn|18","||adding 10 for new turn","|","|t:|1752924841","|move|p2a: Swampert|Ice Beam|p1a: Snorlax","|-damage|p1a: Snorlax|436/497","|move|p1a: Snorlax|Return|p2a: Swampert","|-damage|p2a: Swampert|140/404","|","|-heal|p2a: Swampert|165/404|[from] item: Leftovers","|-heal|p1a: Snorlax|467/497|[from] item: Leftovers","|upkeep","|turn|19","||adding 10 for new turn","|","|t:|1752924842","|move|p2a: Swampert|Protect|p2a: Swampert","|-singleturn|p2a: Swampert|Protect","|move|p1a: Snorlax|Return|p2a: Swampert","|-activate|p2a: Swampert|Protect","|","|-heal|p2a: Swampert|190/404|[from] item: Leftovers","|-heal|p1a: Snorlax|497/497|[from] item: Leftovers","|upkeep","|turn|20","||adding 10 for new turn","|","|t:|1752924843","|move|p2a: Swampert|Protect||[still]","|-fail|p2a: Swampert","|move|p1a: Snorlax|Return|p2a: Swampert","|-crit|p2a: Swampert","|-damage|p2a: Swampert|0 fnt","|faint|p2a: Swampert","||adding 5 to each for mid turn request","|","|t:|1752924843","|switch|p2a: Tyranitar|Tyranitar, M|401/401","|-damage|p2a: Tyranitar|301/401|[from] Spikes","|-weather|Sandstorm|[from] ability: Sand Stream|[of] p2a: Tyranitar","|","|-weather|Sandstorm|[upkeep]","|-damage|p1a: Snorlax|466/497|[from] Sandstorm","|-heal|p2a: Tyranitar|326/401|[from] item: Leftovers","|-heal|p1a: Snorlax|497/497|[from] item: Leftovers","|upkeep","|turn|21","||adding 10 for new turn","|","|t:|1752924844","|move|p2a: Tyranitar|Crunch|p1a: Snorlax","|-damage|p1a: Snorlax|402/497","|move|p1a: Snorlax|Return|p2a: Tyranitar","|-resisted|p2a: Tyranitar","|-damage|p2a: Tyranitar|258/401","|","|-weather|Sandstorm|[upkeep]","|-damage|p1a: Snorlax|371/497|[from] Sandstorm","|-heal|p2a: Tyranitar|283/401|[from] item: Leftovers","|-heal|p1a: Snorlax|402/497|[from] item: Leftovers","|upkeep","|turn|22","||adding 10 for new turn","|","|t:|1752924846","|move|p2a: Tyranitar|Fire Blast|p1a: Snorlax","|-damage|p1a: Snorlax|306/497","|move|p1a: Snorlax|Return|p2a: Tyranitar","|-resisted|p2a: Tyranitar","|-crit|p2a: Tyranitar","|-damage|p2a: Tyranitar|157/401","|","|-weather|Sandstorm|[upkeep]","|-damage|p1a: Snorlax|275/497|[from] Sandstorm","|-heal|p2a: Tyranitar|182/401|[from] item: Leftovers","|-heal|p1a: Snorlax|306/497|[from] item: Leftovers","|upkeep","|turn|23","||adding 10 for new turn","|","|t:|1752924847","|move|p2a: Tyranitar|Crunch|p1a: Snorlax","|-damage|p1a: Snorlax|212/497","|move|p1a: Snorlax|Return|p2a: Tyranitar","|-resisted|p2a: Tyranitar","|-damage|p2a: Tyranitar|114/401","|","|-weather|Sandstorm|[upkeep]","|-damage|p1a: Snorlax|181/497|[from] Sandstorm","|-heal|p2a: Tyranitar|139/401|[from] item: Leftovers","|-heal|p1a: Snorlax|212/497|[from] item: Leftovers","|upkeep","|turn|24","||adding 10 for new turn","|","|t:|1752924848","|move|p2a: Tyranitar|Crunch|p1a: Snorlax","|-damage|p1a: Snorlax|131/497","|move|p1a: Snorlax|Rest|p1a: Snorlax","|-status|p1a: Snorlax|slp|[from] move: Rest","|-heal|p1a: Snorlax|497/497 slp|[silent]","|","|-weather|Sandstorm|[upkeep]","|-damage|p1a: Snorlax|466/497 slp|[from] Sandstorm","|-heal|p2a: Tyranitar|164/401|[from] item: Leftovers","|-heal|p1a: Snorlax|497/497 slp|[from] item: Leftovers","|upkeep","|turn|25","||adding 10 for new turn","|","|t:|1752924849","|switch|p1a: Blissey|Blissey, F|714/714","|move|p2a: Tyranitar|Fire Blast|p1a: Blissey|[miss]","|-miss|p2a: Tyranitar|p1a: Blissey","|","|-weather|Sandstorm|[upkeep]","|-damage|p1a: Blissey|670/714|[from] Sandstorm","|-heal|p2a: Tyranitar|189/401|[from] item: Leftovers","|-heal|p1a: Blissey|714/714|[from] item: Leftovers","|upkeep","|turn|26","||adding 10 for new turn","|","|t:|1752924850","|move|p2a: Tyranitar|Crunch|p1a: Blissey","|-damage|p1a: Blissey|620/714","|move|p1a: Blissey|Seismic Toss|p2a: Tyranitar","|-damage|p2a: Tyranitar|89/401","|","|-weather|Sandstorm|[upkeep]","|-damage|p1a: Blissey|576/714|[from] Sandstorm","|-heal|p2a: Tyranitar|114/401|[from] item: Leftovers","|-heal|p1a: Blissey|620/714|[from] item: Leftovers","|upkeep","|turn|27","||adding 10 for new turn","|","|t:|1752924851","|move|p2a: Tyranitar|Crunch|p1a: Blissey","|-damage|p1a: Blissey|526/714","|move|p1a: Blissey|Seismic Toss|p2a: Tyranitar","|-damage|p2a: Tyranitar|14/401","|","|-weather|Sandstorm|[upkeep]","|-damage|p1a: Blissey|482/714|[from] Sandstorm","|-heal|p2a: Tyranitar|39/401|[from] item: Leftovers","|-heal|p1a: Blissey|526/714|[from] item: Leftovers","|upkeep","|turn|28","||adding 10 for new turn","|","|t:|1752924853","|move|p2a: Tyranitar|Crunch|p1a: Blissey","|-damage|p1a: Blissey|432/714","|-unboost|p1a: Blissey|spd|1","|move|p1a: Blissey|Seismic Toss|p2a: Tyranitar","|-damage|p2a: Tyranitar|0 fnt","|faint|p2a: Tyranitar","||adding 5 to each for mid turn request","|","|t:|1752924854","|switch|p2a: Blissey|Blissey, F|652/652","|-damage|p2a: Blissey|489/652|[from] Spikes","|","|-weather|Sandstorm|[upkeep]","|-damage|p1a: Blissey|388/714|[from] Sandstorm","|-damage|p2a: Blissey|449/652|[from] Sandstorm","|-heal|p1a: Blissey|432/714|[from] item: Leftovers","|-heal|p2a: Blissey|489/652|[from] item: Leftovers","|upkeep","|turn|29","||adding 10 for new turn","|","|t:|1752924855","|move|p1a: Blissey|Soft-Boiled|p1a: Blissey","|-heal|p1a: Blissey|714/714","|move|p2a: Blissey|Wish|p2a: Blissey","|","|-weather|Sandstorm|[upkeep]","|-damage|p1a: Blissey|670/714|[from] Sandstorm","|-damage|p2a: Blissey|449/652|[from] Sandstorm","|-heal|p1a: Blissey|714/714|[from] item: Leftovers","|-heal|p2a: Blissey|489/652|[from] item: Leftovers","|upkeep","|turn|30","||adding 10 for new turn","|","|t:|1752924856","|move|p1a: Blissey|Thunder Wave|p2a: Blissey","|-status|p2a: Blissey|par","|move|p2a: Blissey|Seismic Toss|p1a: Blissey","|-damage|p1a: Blissey|614/714","|","|-heal|p2a: Blissey|652/652 par|[from] move: Wish|[wisher] Blissey","|-weather|Sandstorm|[upkeep]","|-damage|p1a: Blissey|570/714|[from] Sandstorm","|-damage|p2a: Blissey|612/652 par|[from] Sandstorm","|-heal|p1a: Blissey|614/714|[from] item: Leftovers","|-heal|p2a: Blissey|652/652 par|[from] item: Leftovers","|upkeep","|turn|31","||adding 10 for new turn","|","|t:|1752924857","|move|p1a: Blissey|Aromatherapy|p1a: Blissey","|-cureteam|p1a: Blissey|[from] move: Aromatherapy","|move|p2a: Blissey|Seismic Toss|p1a: Blissey","|-damage|p1a: Blissey|514/714","|","|-weather|Sandstorm|[upkeep]","|-damage|p1a: Blissey|470/714|[from] Sandstorm","|-damage|p2a: Blissey|612/652 par|[from] Sandstorm","|-heal|p1a: Blissey|514/714|[from] item: Leftovers","|-heal|p2a: Blissey|652/652 par|[from] item: Leftovers","|upkeep","|turn|32","||adding 10 for new turn","|","|t:|1752924858","|move|p1a: Blissey|Soft-Boiled|p1a: Blissey","|-heal|p1a: Blissey|714/714","|move|p2a: Blissey|Seismic Toss|p1a: Blissey","|-damage|p1a: Blissey|614/714","|","|-weather|Sandstorm|[upkeep]","|-damage|p1a: Blissey|570/714|[from] Sandstorm","|-damage|p2a: Blissey|612/652 par|[from] Sandstorm","|-heal|p1a: Blissey|614/714|[from] item: Leftovers","|-heal|p2a: Blissey|652/652 par|[from] item: Leftovers","|upkeep","|turn|33","||adding 10 for new turn","|","|t:|1752924859","|switch|p1a: Forretress|Forretress, F|125/354","|move|p2a: Blissey|Seismic Toss|p1a: Forretress","|-damage|p1a: Forretress|25/354","|","|-weather|Sandstorm|[upkeep]","|-damage|p2a: Blissey|612/652 par|[from] Sandstorm","|-heal|p1a: Forretress|47/354|[from] item: Leftovers","|-heal|p2a: Blissey|652/652 par|[from] item: Leftovers","|upkeep","|turn|34","||adding 10 for new turn","|","|t:|1752924860","|cant|p2a: Blissey|par","|move|p1a: Forretress|Explosion|p2a: Blissey","|-damage|p2a: Blissey|0 fnt","|faint|p1a: Forretress","|faint|p2a: Blissey","||adding 5 to each for mid turn request","|","|t:|1752924861","|switch|p2a: Magneton|Magneton|242/242","|switch|p1a: Snorlax|Snorlax, M|497/497","|-damage|p2a: Magneton|182/242|[from] Spikes","|","|-weather|Sandstorm|[upkeep]","|-damage|p1a: Snorlax|466/497|[from] Sandstorm","|-heal|p1a: Snorlax|497/497|[from] item: Leftovers","|upkeep","|turn|35","||adding 10 for new turn","|","|t:|1752924862","|switch|p1a: Claydol|Claydol|324/324","|move|p2a: Magneton|Protect||[still]","|-fail|p2a: Magneton","|","|-weather|Sandstorm|[upkeep]","|upkeep","|turn|36","||adding 10 for new turn","|","|t:|1752924863","|move|p2a: Magneton|Protect|p2a: Magneton","|-singleturn|p2a: Magneton|Protect","|move|p1a: Claydol|Earthquake|p2a: Magneton","|-activate|p2a: Magneton|Protect","|","|-weather|Sandstorm|[upkeep]","|upkeep","|turn|37","||adding 10 for new turn","|","|t:|1752924864","|move|p2a: Magneton|Protect|p2a: Magneton","|-singleturn|p2a: Magneton|Protect","|move|p1a: Claydol|Earthquake|p2a: Magneton","|-activate|p2a: Magneton|Protect","|","|-weather|Sandstorm|[upkeep]","|upkeep","|turn|38","||adding 10 for new turn","|","|t:|1752924865","|move|p2a: Magneton|Protect||[still]","|-fail|p2a: Magneton","|move|p1a: Claydol|Earthquake|p2a: Magneton","|-supereffective|p2a: Magneton","|-damage|p2a: Magneton|0 fnt","|faint|p2a: Magneton","|","|win|foultestchallenge1",""],"p1rating":null,"p2rating":null,"endType":"normal","ladderError":true,"timestamp":"Sat Jul 19 2025 04:34:25 GMT-0700 (アメリカ太平洋夏時間)","roomid":"battle-gen3ou-954","format":"gen3ou"}