{"winner":"foultestchallenge1","seed":"sodium,737e0e7176191ab8a05c6dee06098ecc","turns":55,"p1":"foultestchallenge1","p2":"foultestacceptor1","p1team":[{"name":"Tyranitar","species":"Tyranitar","item":"Leftovers","ability":"Sand Stream","moves":["Rock Slide","Earthquake","Hidden Power Bug","Roar"],"nature":"Adamant","evs":{"hp":184,"atk":196,"def":120,"spa":0,"spd":0,"spe":8},"gender":"F","ivs":{"hp":31,"atk":30,"def":30,"spa":31,"spd":30,"spe":31},"happiness":255,"hpType":"Bug","pokeball":"","gigantamax":false,"dynamaxLevel":10,"teraType":"","level":100},{"name":"Milotic","species":"Milotic","item":"Leftovers","ability":"Marvel Scale","moves":["Surf","Toxic","Recover","Refresh"],"nature":"Bold","evs":{"hp":248,"atk":0,"def":212,"spa":0,"spd":0,"spe":48},"gender":"M","ivs":{"hp":31,"atk":0,"def":31,"spa":31,"spd":31,"spe":31},"level":100},{"name":"Blissey","species":"Blissey","item":"Leftovers","ability":"Natural Cure","moves":["Seismic Toss","Ice Beam","Thunder Wave","Soft-Boiled"],"nature":"Bold","evs":{"hp":40,"atk":0,"def":244,"spa":208,"spd":0,"spe":16},"gender":"F","level":100,"ivs":{"hp":31,"atk":31,"def":31,"spa":31,"spd":31,"spe":31}},{"name":"Skarmory","species":"Skarmory","item":"Leftovers","ability":"Keen Eye","moves":["Drill Peck","Toxic","Spikes","Roar"],"nature":"Careful","evs":{"hp":248,"atk":0,"def":0,"spa":0,"spd":236,"spe":24},"gender":"M","level":100,"ivs":{"hp":31,"atk":31,"def":31,"spa":31,"spd":31,"spe":31}},{"name":"Claydol","species":"Claydol","item":"Leftovers","ability":"Levitate","moves":["Earthquake","Psychic","Refresh","Rapid Spin"],"nature":"Adamant","evs":{"hp":224,"atk":228,"def":0,"spa":36,"spd":0,"spe":20},"gender":"N","level":100,"ivs":{"hp":31,"atk":31,"def":31,"spa":31,"spd":31,"spe":31}},{"name":"Dugtrio","species":"Dugtrio","item":"Choice Band","ability":"Arena Trap","moves":["Earthquake","Aerial Ace","Hidden Power Bug","Screech"],"nature":"Jolly","evs":{"hp":0,"atk":252,"def":0,"spa":0,"spd":4,"spe":252},"gender":"M","ivs":{"hp":31,"atk":30,"def":30,"spa":31,"spd":30,"spe":31},"happiness":255,"hpType":"Bug","pokeball":"","gigantamax":false,"dynamaxLevel":10,"teraType":"","level":100}],"p2team":[{"name":"Medicham","species":"Medicham","item":"Salac Berry","ability":"Pure Power","moves":["Brick Break","Focus Punch","Rock Slide","Shadow Ball"],"nature":"Jolly","evs":{"hp":4,"atk":252,"def":0,"spa":0,"spd":0,"spe":252},"gender":"M","level":100,"ivs":{"hp":31,"atk":31,"def":31,"spa":31,"spd":31,"spe":31}},{"name":"Magneton","species":"Magneton","item":"Magnet","ability":"Magnet Pull","moves":["Thunderbolt","Hidden Power Fire","Toxic","Rain Dance"],"nature":"Modest","evs":{"hp":4,"atk":0,"def":0,"spa":252,"spd":0,"spe":252},"gender":"N","ivs":{"hp":31,"atk":2,"def":31,"spa":30,"spd":31,"spe":30},"happiness":255,"hpType":"Fire","pokeball":"","gigantamax":false,"dynamaxLevel":10,"teraType":"","level":100},{"name":"Snorlax","species":"Snorlax","item":"Leftovers","ability":"Immunity","moves":["Self-Destruct","Body Slam","Shadow Ball","Earthquake"],"nature":"Adamant","evs":{"hp":92,"atk":116,"def":144,"spa":0,"spd":144,"spe":12},"gender":"F","level":100,"ivs":{"hp":31,"atk":31,"def":31,"spa":31,"spd":31,"spe":31}},{"name":"Suicune","species":"Suicune","item":"Leftovers","ability":"Pressure","moves":["Calm Mind","Surf","Rest","Ice Beam"],"nature":"Calm","evs":{"hp":252,"atk":0,"def":0,"spa":180,"spd":68,"spe":8},"gender":"N","ivs":{"hp":31,"atk":0,"def":31,"spa":31,"spd":31,"spe":31},"level":100},{"name":"Salamence","species":"Salamence","item":"Leftovers","ability":"Intimidate","moves":["Dragon Dance","Hidden Power Flying","Rock Slide","Earthquake"],"nature":"Adamant","evs":{"hp":0,"atk":156,"def":0,"spa":0,"spd":140,"spe":212},"gender":"F","ivs":{"hp":31,"atk":31,"def":31,"spa":30,"spd":30,"spe":30},"happiness":255,"hpType":"Flying","pokeball":"","gigantamax":false,"dynamaxLevel":10,"teraType":"","level":100},{"name":"Metagross","species":"Metagross","item":"Leftovers","ability":"Clear Body","moves":["Agility","Meteor Mash","Earthquake","Explosion"],"nature":"Adamant","evs":{"hp":252,"atk":144,"def":24,"spa":0,"spd":0,"spe":88},"gender":"N","level":100,"ivs":{"hp":31,"atk":31,"def":31,"spa":31,"spd":31,"spe":31}}],"score":[3,0],"inputLog":[">version 372d05e49c92a79eecdf6c8dddb208bd1765c00f",">start {\"formatid\":\"gen3ou\",\"seed\":\"sodium,737e0e7176191ab8a05c6dee06098ecc\"}",">player p1 {\"name\":\"foultestchallenge1\",\"avatar\":\"1\",\"team\":\"Tyranitar||Leftovers|SandStream|RockSlide,Earthquake,HiddenPowerBug,Roar|Adamant|184,196,120,,,8|F|,30,30,,30,|||,Bug,,,,]Milotic||Leftovers|MarvelScale|Surf,Toxic,Recover,Refresh|Bold|248,,212,,,48|M|,0,,,,|||]Blissey||Leftovers|NaturalCure|SeismicToss,IceBeam,ThunderWave,SoftBoiled|Bold|40,,244,208,,16|F||||]Skarmory||Leftovers|KeenEye|DrillPeck,Toxic,Spikes,Roar|Careful|248,,,,236,24|M||||]Claydol||Leftovers|Levitate|Earthquake,Psychic,Refresh,RapidSpin|Adamant|224,228,,36,,20|N||||]Dugtrio||ChoiceBand|ArenaTrap|Earthquake,AerialAce,HiddenPowerBug,Screech|Jolly|,252,,,4,252|M|,30,30,,30,|||,Bug,,,,\",\"rating\":0}",">player p2 {\"name\":\"foultestacceptor1\",\"avatar\":\"1\",\"team\":\"Medicham||SalacBerry|PurePower|BrickBreak,FocusPunch,RockSlide,ShadowBall|Jolly|4,252,,,,252|M||||]Magneton||Magnet|MagnetPull|Thunderbolt,HiddenPowerFire,Toxic,RainDance|Modest|4,,,252,,252|N|,2,,30,,30|||,Fire,,,,]Snorlax||Leftovers|Immunity|SelfDestruct,BodySlam,ShadowBall,Earthquake|Adamant|92,116,144,,144,12|F||||]Suicune||Leftovers|Pressure|CalmMind,Surf,Rest,IceBeam|Calm|252,,,180,68,8|N|,0,,,,|||]Salamence||Leftovers|Intimidate|DragonDance,HiddenPowerFlying,RockSlide,Earthquake|Adamant|,156,,,140,212|F|,,,30,30,30|||,Flying,,,,]Metagross||Leftovers|ClearBody|Agility,MeteorMash,Earthquake,Explosion|Adamant|252,144,24,,,88|N||||\",\"rating\":0}",">p1 switch 4",">p2 move brickbreak",">p1 move drillpeck",">p2 move focuspunch",">p1 move drillpeck",">p2 move focuspunch",">p2 switch 2",">p1 move spikes",">p2 move thunderbolt",">p1 switch 6",">p1 move earthquake",">p2 move hiddenpower",">p2 switch 6",">p1 move earthquake",">p2 move meteormash",">p1 switch 2",">p1 move surf",">p2 switch 5",">p1 move surf",">p2 move dragondance",">p1 move toxic",">p2 move rockslide",">p1 move recover",">p2 move rockslide",">p1 move recover",">p2 switch 5",">p1 move surf",">p2 move explosion",">p1 switch 4",">p2 switch 4",">p1 switch 3",">p2 move surf",">p1 move seismictoss",">p2 move calmmind",">p1 move seismictoss",">p2 move calmmind",">p1 move seismictoss",">p2 move surf",">p1 move seismictoss",">p2 move rest",">p1 move seismictoss",">p2 move icebeam",">p1 move seismictoss",">p2 move rest",">p1 move seismictoss",">p2 move rest",">p1 move seismictoss",">p2 move surf",">p1 move seismictoss",">p2 move calmmind",">p1 move seismictoss",">p2 move rest",">p1 switch 3",">p2 move calmmind",">p1 move roar",">p2 move calmmind",">p1 move rockslide",">p2 move earthquake",">p1 move rockslide",">p2 move earthquake",">p1 move rockslide",">p2 switch 3",">p1 switch 3",">p2 move surf",">p1 move softboiled",">p2 move calmmind",">p1 move seismictoss",">p2 move calmmind",">p1 move seismictoss",">p2 move rest",">p1 switch 3",">p2 move calmmind",">p1 move roar",">p2 move icebeam",">p1 move rockslide",">p2 switch 3",">p1 switch 3",">p2 move surf",">p1 move seismictoss",">p2 move calmmind",">p1 move seismictoss",">p2 move rest",">p1 switch 3",">p2 move calmmind",">p1 move roar",">p2 move surf",">p1 move rockslide",">p2 switch 5",">p2 switch 3",">p1 switch 3",">p2 move surf",">p1 move thunderwave",">p2 move calmmind",">p1 move softboiled",">p2 move calmmind",">p1 move seismictoss",">p2 move surf",">p1 move seismictoss",">p2 move surf",">p1 switch 3",">p2 move rest",">p1 move roar",">p2 move surf",">p1 move earthquake",">p2 move selfdestruct",">p2 switch 5",">p1 move rockslide",">p2 move calmmind",">p1 move rockslide",">p2 move surf",">p1 switch 3",">p2 move surf",">p1 move thunderwave",">p2 move calmmind",">p1 switch 3",">p2 move rest",">p1 move rockslide",">p2 move rest"],"log":["|j|☆foultestchallenge1","|j|☆foultestacceptor1","|t:|1752924364","|gametype|singles","|player|p1|foultestchallenge1|1|","|player|p2|foultestacceptor1|1|","|teamsize|p1|6","|teamsize|p2|6","|gen|3","|tier|[Gen 3] OU","|rule|Sleep Clause Mod: Limit one foe put to sleep","|rule|Switch Priority Clause Mod: Faster Pokémon switch first","|rule|Species Clause: Limit one of each Pokémon","|rule|OHKO Clause: OHKO moves are banned","|rule|Evasion Items Clause: Evasion items are banned","|rule|Evasion Moves Clause: Evasion moves are banned","|rule|Endless Battle Clause: Forcing endless battles is banned","|rule|HP Percentage Mod: HP is shown in percentages","|rule|One Boost Passer Clause: Limit one Baton Passer that has a way to boost its stats","|rule|Freeze Clause Mod: Limit one foe frozen","|","|t:|1752924364","|start","|switch|p1a: Tyranitar|Tyranitar, F|387/387","|switch|p2a: Medicham|Medicham, M|262/262","|-weather|Sandstorm|[from] ability: Sand Stream|[of] p1a: Tyranitar","|turn|1","|inactive|Battle timer is ON: inactive players will automatically lose when time's up. (requested by foultestchallenge1)","|inactive|foultestacceptor1 also wants the timer to be on.","|","|t:|1752924366","|switch|p1a: Skarmory|Skarmory, M|333/333","|move|p2a: Medicham|Brick Break|p1a: Skarmory","|-damage|p1a: Skarmory|208/333","|","|-weather|Sandstorm|[upkeep]","|-damage|p2a: Medicham|246/262|[from] Sandstorm","|-heal|p1a: Skarmory|228/333|[from] item: Leftovers","|upkeep","|turn|2","||adding 10 for new turn","|","|t:|1752924367","|-singleturn|p2a: Medicham|move: Focus Punch","|move|p1a: Skarmory|Drill Peck|p2a: Medicham","|-supereffective|p2a: Medicham","|-damage|p2a: Medicham|50/262","|move|p2a: Medicham|Focus Punch||[still]","|cant|p2a: Medicham|Focus Punch|Focus Punch","|","|-weather|Sandstorm|[upkeep]","|-damage|p2a: Medicham|34/262|[from] Sandstorm","|-enditem|p2a: Medicham|Salac Berry|[eat]","|-boost|p2a: Medicham|spe|1|[from] item: Salac Berry","|-heal|p1a: Skarmory|248/333|[from] item: Leftovers","|upkeep","|turn|3","||adding 10 for new turn","|","|t:|1752924368","|-singleturn|p2a: Medicham|move: Focus Punch","|move|p1a: Skarmory|Drill Peck|p2a: Medicham","|-supereffective|p2a: Medicham","|-crit|p2a: Medicham","|-damage|p2a: Medicham|0 fnt","|faint|p2a: Medicham","||adding 5 to each for mid turn request","|","|t:|1752924369","|switch|p2a: Magneton|Magneton|242/242","|","|-weather|Sandstorm|[upkeep]","|-heal|p1a: Skarmory|268/333|[from] item: Leftovers","|upkeep","|turn|4","||adding 10 for new turn","|","|t:|1752924370","|move|p2a: Magneton|Thunderbolt|p1a: Skarmory","|-supereffective|p1a: Skarmory","|-damage|p1a: Skarmory|0 fnt","|faint|p1a: Skarmory","||adding 5 to each for mid turn request","|","|t:|1752924371","|switch|p1a: Dugtrio|Dugtrio, M|211/211","|","|-weather|Sandstorm|[upkeep]","|upkeep","|turn|5","||adding 10 for new turn","|","|t:|1752924371","|move|p1a: Dugtrio|Earthquake|p2a: Magneton","|-supereffective|p2a: Magneton","|-damage|p2a: Magneton|0 fnt","|faint|p2a: Magneton","||adding 5 to each for mid turn request","|","|t:|1752924372","|switch|p2a: Metagross|Metagross|364/364","|","|-weather|Sandstorm|[upkeep]","|upkeep","|turn|6","||adding 10 for new turn","|","|t:|1752924373","|move|p1a: Dugtrio|Earthquake|p2a: Metagross","|-supereffective|p2a: Metagross","|-damage|p2a: Metagross|87/364","|move|p2a: Metagross|Meteor Mash|p1a: Dugtrio","|-damage|p1a: Dugtrio|0 fnt","|faint|p1a: Dugtrio","||adding 5 to each for mid turn request","|","|t:|1752924374","|switch|p1a: Milotic|Milotic, M|393/393","|","|-weather|Sandstorm|[upkeep]","|-damage|p1a: Milotic|369/393|[from] Sandstorm","|-heal|p1a: Milotic|393/393|[from] item: Leftovers","|-heal|p2a: Metagross|109/364|[from] item: Leftovers","|upkeep","|turn|7","||adding 10 for new turn","|","|t:|1752924375","|switch|p2a: Salamence|Salamence, F|331/331","|-ability|p2a: Salamence|Intimidate|boost","|-unboost|p1a: Milotic|atk|1","|move|p1a: Milotic|Surf|p2a: Salamence","|-resisted|p2a: Salamence","|-damage|p2a: Salamence|269/331","|","|-weather|Sandstorm|[upkeep]","|-damage|p2a: Salamence|249/331|[from] Sandstorm","|-damage|p1a: Milotic|369/393|[from] Sandstorm","|-heal|p2a: Salamence|269/331|[from] item: Leftovers","|-heal|p1a: Milotic|393/393|[from] item: Leftovers","|upkeep","|turn|8","||adding 10 for new turn","|","|t:|1752924376","|move|p2a: Salamence|Dragon Dance|p2a: Salamence","|-boost|p2a: Salamence|atk|1","|-boost|p2a: Salamence|spe|1","|move|p1a: Milotic|Surf|p2a: Salamence","|-resisted|p2a: Salamence","|-damage|p2a: Salamence|216/331","|","|-weather|Sandstorm|[upkeep]","|-damage|p2a: Salamence|196/331|[from] Sandstorm","|-damage|p1a: Milotic|369/393|[from] Sandstorm","|-heal|p2a: Salamence|216/331|[from] item: Leftovers","|-heal|p1a: Milotic|393/393|[from] item: Leftovers","|upkeep","|turn|9","||adding 10 for new turn","|","|t:|1752924377","|move|p2a: Salamence|Rock Slide|p1a: Milotic","|-damage|p1a: Milotic|277/393","|move|p1a: Milotic|Toxic|p2a: Salamence","|-status|p2a: Salamence|tox","|","|-weather|Sandstorm|[upkeep]","|-damage|p2a: Salamence|196/331 tox|[from] Sandstorm","|-damage|p1a: Milotic|253/393|[from] Sandstorm","|-heal|p2a: Salamence|216/331 tox|[from] item: Leftovers","|-damage|p2a: Salamence|196/331 tox|[from] psn","|-heal|p1a: Milotic|277/393|[from] item: Leftovers","|upkeep","|turn|10","||adding 10 for new turn","|","|t:|1752924378","|move|p2a: Salamence|Rock Slide|p1a: Milotic","|-damage|p1a: Milotic|160/393","|move|p1a: Milotic|Recover|p1a: Milotic","|-heal|p1a: Milotic|356/393","|","|-weather|Sandstorm|[upkeep]","|-damage|p2a: Salamence|176/331 tox|[from] Sandstorm","|-damage|p1a: Milotic|332/393|[from] Sandstorm","|-heal|p2a: Salamence|196/331 tox|[from] item: Leftovers","|-damage|p2a: Salamence|156/331 tox|[from] psn","|-heal|p1a: Milotic|356/393|[from] item: Leftovers","|upkeep","|turn|11","||adding 10 for new turn","|","|t:|1752924379","|switch|p2a: Metagross|Metagross|109/364","|move|p1a: Milotic|Recover|p1a: Milotic","|-heal|p1a: Milotic|393/393","|","|-weather|Sandstorm|[upkeep]","|-damage|p1a: Milotic|369/393|[from] Sandstorm","|-heal|p1a: Milotic|393/393|[from] item: Leftovers","|-heal|p2a: Metagross|131/364|[from] item: Leftovers","|upkeep","|turn|12","||adding 10 for new turn","|","|t:|1752924380","|move|p1a: Milotic|Surf|p2a: Metagross","|-damage|p2a: Metagross|4/364","|move|p2a: Metagross|Explosion|p1a: Milotic","|-damage|p1a: Milotic|0 fnt","|faint|p2a: Metagross","|faint|p1a: Milotic","||adding 5 to each for mid turn request","|","|t:|1752924381","|switch|p1a: Tyranitar|Tyranitar, F|387/387","|switch|p2a: Suicune|Suicune|404/404","|-ability|p2a: Suicune|Pressure|[silent]","|","|-weather|Sandstorm|[upkeep]","|-damage|p2a: Suicune|379/404|[from] Sandstorm","|-heal|p2a: Suicune|404/404|[from] item: Leftovers","|upkeep","|turn|13","||adding 10 for new turn","|","|t:|1752924382","|switch|p1a: Blissey|Blissey, F|661/661","|move|p2a: Suicune|Surf|p1a: Blissey","|-damage|p1a: Blissey|562/661","|","|-weather|Sandstorm|[upkeep]","|-damage|p2a: Suicune|379/404|[from] Sandstorm","|-damage|p1a: Blissey|521/661|[from] Sandstorm","|-heal|p2a: Suicune|404/404|[from] item: Leftovers","|-heal|p1a: Blissey|562/661|[from] item: Leftovers","|upkeep","|turn|14","||adding 10 for new turn","|","|t:|1752924383","|move|p2a: Suicune|Calm Mind|p2a: Suicune","|-boost|p2a: Suicune|spa|1","|-boost|p2a: Suicune|spd|1","|move|p1a: Blissey|Seismic Toss|p2a: Suicune","|-damage|p2a: Suicune|304/404","|","|-weather|Sandstorm|[upkeep]","|-damage|p2a: Suicune|279/404|[from] Sandstorm","|-damage|p1a: Blissey|521/661|[from] Sandstorm","|-heal|p2a: Suicune|304/404|[from] item: Leftovers","|-heal|p1a: Blissey|562/661|[from] item: Leftovers","|upkeep","|turn|15","||adding 10 for new turn","|","|t:|1752924384","|move|p2a: Suicune|Calm Mind|p2a: Suicune","|-boost|p2a: Suicune|spa|1","|-boost|p2a: Suicune|spd|1","|move|p1a: Blissey|Seismic Toss|p2a: Suicune","|-damage|p2a: Suicune|204/404","|","|-weather|Sandstorm|[upkeep]","|-damage|p2a: Suicune|179/404|[from] Sandstorm","|-damage|p1a: Blissey|521/661|[from] Sandstorm","|-heal|p2a: Suicune|204/404|[from] item: Leftovers","|-heal|p1a: Blissey|562/661|[from] item: Leftovers","|upkeep","|turn|16","||adding 10 for new turn","|","|t:|1752924385","|move|p2a: Suicune|Surf|p1a: Blissey","|-damage|p1a: Blissey|380/661","|move|p1a: Blissey|Seismic Toss|p2a: Suicune","|-damage|p2a: Suicune|104/404","|","|-weather|Sandstorm|[upkeep]","|-damage|p2a: Suicune|79/404|[from] Sandstorm","|-damage|p1a: Blissey|339/661|[from] Sandstorm","|-heal|p2a: Suicune|104/404|[from] item: Leftovers","|-heal|p1a: Blissey|380/661|[from] item: Leftovers","|upkeep","|turn|17","||adding 10 for new turn","|","|t:|1752924387","|move|p2a: Suicune|Rest|p2a: Suicune","|-status|p2a: Suicune|slp|[from] move: Rest","|-heal|p2a: Suicune|404/404 slp|[silent]","|move|p1a: Blissey|Seismic Toss|p2a: Suicune","|-damage|p2a: Suicune|304/404 slp","|","|-weather|Sandstorm|[upkeep]","|-damage|p2a: Suicune|279/404 slp|[from] Sandstorm","|-damage|p1a: Blissey|339/661|[from] Sandstorm","|-heal|p2a: Suicune|304/404 slp|[from] item: Leftovers","|-heal|p1a: Blissey|380/661|[from] item: Leftovers","|upkeep","|turn|18","||adding 10 for new turn","|","|t:|1752924388","|cant|p2a: Suicune|slp","|move|p1a: Blissey|Seismic Toss|p2a: Suicune","|-damage|p2a: Suicune|204/404 slp","|","|-weather|Sandstorm|[upkeep]","|-damage|p2a: Suicune|179/404 slp|[from] Sandstorm","|-damage|p1a: Blissey|339/661|[from] Sandstorm","|-heal|p2a: Suicune|204/404 slp|[from] item: Leftovers","|-heal|p1a: Blissey|380/661|[from] item: Leftovers","|upkeep","|turn|19","||adding 10 for new turn","|","|t:|1752924389","|cant|p2a: Suicune|slp","|move|p1a: Blissey|Seismic Toss|p2a: Suicune","|-damage|p2a: Suicune|104/404 slp","|","|-weather|Sandstorm|[upkeep]","|-damage|p2a: Suicune|79/404 slp|[from] Sandstorm","|-damage|p1a: Blissey|339/661|[from] Sandstorm","|-heal|p2a: Suicune|104/404 slp|[from] item: Leftovers","|-heal|p1a: Blissey|380/661|[from] item: Leftovers","|upkeep","|turn|20","||adding 10 for new turn","|","|t:|1752924390","|-curestatus|p2a: Suicune|slp|[msg]","|move|p2a: Suicune|Rest|p2a: Suicune","|-status|p2a: Suicune|slp|[from] move: Rest","|-heal|p2a: Suicune|404/404 slp|[silent]","|move|p1a: Blissey|Seismic Toss|p2a: Suicune","|-damage|p2a: Suicune|304/404 slp","|","|-weather|Sandstorm|[upkeep]","|-damage|p2a: Suicune|279/404 slp|[from] Sandstorm","|-damage|p1a: Blissey|339/661|[from] Sandstorm","|-heal|p2a: Suicune|304/404 slp|[from] item: Leftovers","|-heal|p1a: Blissey|380/661|[from] item: Leftovers","|upkeep","|turn|21","||adding 10 for new turn","|","|t:|1752924391","|cant|p2a: Suicune|slp","|move|p1a: Blissey|Seismic Toss|p2a: Suicune","|-damage|p2a: Suicune|204/404 slp","|","|-weather|Sandstorm|[upkeep]","|-damage|p2a: Suicune|179/404 slp|[from] Sandstorm","|-damage|p1a: Blissey|339/661|[from] Sandstorm","|-heal|p2a: Suicune|204/404 slp|[from] item: Leftovers","|-heal|p1a: Blissey|380/661|[from] item: Leftovers","|upkeep","|turn|22","||adding 10 for new turn","|","|t:|1752924392","|cant|p2a: Suicune|slp","|move|p1a: Blissey|Seismic Toss|p2a: Suicune","|-damage|p2a: Suicune|104/404 slp","|","|-weather|Sandstorm|[upkeep]","|-damage|p2a: Suicune|79/404 slp|[from] Sandstorm","|-damage|p1a: Blissey|339/661|[from] Sandstorm","|-heal|p2a: Suicune|104/404 slp|[from] item: Leftovers","|-heal|p1a: Blissey|380/661|[from] item: Leftovers","|upkeep","|turn|23","||adding 10 for new turn","|","|t:|1752924393","|-curestatus|p2a: Suicune|slp|[msg]","|move|p2a: Suicune|Rest|p2a: Suicune","|-status|p2a: Suicune|slp|[from] move: Rest","|-heal|p2a: Suicune|404/404 slp|[silent]","|move|p1a: Blissey|Seismic Toss|p2a: Suicune","|-damage|p2a: Suicune|304/404 slp","|","|-weather|Sandstorm|[upkeep]","|-damage|p2a: Suicune|279/404 slp|[from] Sandstorm","|-damage|p1a: Blissey|339/661|[from] Sandstorm","|-heal|p2a: Suicune|304/404 slp|[from] item: Leftovers","|-heal|p1a: Blissey|380/661|[from] item: Leftovers","|upkeep","|turn|24","||adding 10 for new turn","|","|t:|1752924394","|switch|p1a: Tyranitar|Tyranitar, F|387/387","|cant|p2a: Suicune|slp","|","|-weather|Sandstorm|[upkeep]","|-damage|p2a: Suicune|279/404 slp|[from] Sandstorm","|-heal|p2a: Suicune|304/404 slp|[from] item: Leftovers","|upkeep","|turn|25","||adding 10 for new turn","|","|t:|1752924395","|cant|p2a: Suicune|slp","|move|p1a: Tyranitar|Roar|p2a: Suicune","|drag|p2a: Snorlax|Snorlax, F|484/484","|","|-weather|Sandstorm|[upkeep]","|-damage|p2a: Snorlax|454/484|[from] Sandstorm","|-heal|p2a: Snorlax|484/484|[from] item: Leftovers","|upkeep","|turn|26","||adding 10 for new turn","|","|t:|1752924396","|move|p1a: Tyranitar|Rock Slide|p2a: Snorlax","|-damage|p2a: Snorlax|314/484","|cant|p2a: Snorlax|flinch","|","|-weather|Sandstorm|[upkeep]","|-damage|p2a: Snorlax|284/484|[from] Sandstorm","|-heal|p2a: Snorlax|314/484|[from] item: Leftovers","|upkeep","|turn|27","||adding 10 for new turn","|","|t:|1752924397","|move|p1a: Tyranitar|Rock Slide|p2a: Snorlax","|-damage|p2a: Snorlax|131/484","|move|p2a: Snorlax|Earthquake|p1a: Tyranitar","|-supereffective|p1a: Tyranitar","|-damage|p1a: Tyranitar|203/387","|","|-weather|Sandstorm|[upkeep]","|-damage|p2a: Snorlax|101/484|[from] Sandstorm","|-heal|p1a: Tyranitar|227/387|[from] item: Leftovers","|-heal|p2a: Snorlax|131/484|[from] item: Leftovers","|upkeep","|turn|28","||adding 10 for new turn","|","|t:|1752924399","|switch|p2a: Suicune|Suicune|304/404 slp","|-ability|p2a: Suicune|Pressure|[silent]","|move|p1a: Tyranitar|Rock Slide|p2a: Suicune","|-damage|p2a: Suicune|172/404 slp","|","|-weather|Sandstorm|[upkeep]","|-damage|p2a: Suicune|147/404 slp|[from] Sandstorm","|-heal|p2a: Suicune|172/404 slp|[from] item: Leftovers","|-heal|p1a: Tyranitar|251/387|[from] item: Leftovers","|upkeep","|turn|29","||adding 10 for new turn","|","|t:|1752924400","|switch|p1a: Blissey|Blissey, F|380/661","|-curestatus|p2a: Suicune|slp|[msg]","|move|p2a: Suicune|Surf|p1a: Blissey","|-damage|p1a: Blissey|283/661","|","|-weather|Sandstorm|[upkeep]","|-damage|p2a: Suicune|147/404|[from] Sandstorm","|-damage|p1a: Blissey|242/661|[from] Sandstorm","|-heal|p2a: Suicune|172/404|[from] item: Leftovers","|-heal|p1a: Blissey|283/661|[from] item: Leftovers","|upkeep","|turn|30","||adding 10 for new turn","|","|t:|1752924401","|move|p2a: Suicune|Calm Mind|p2a: Suicune","|-boost|p2a: Suicune|spa|1","|-boost|p2a: Suicune|spd|1","|move|p1a: Blissey|Soft-Boiled|p1a: Blissey","|-heal|p1a: Blissey|613/661","|","|-weather|Sandstorm|[upkeep]","|-damage|p2a: Suicune|147/404|[from] Sandstorm","|-damage|p1a: Blissey|572/661|[from] Sandstorm","|-heal|p2a: Suicune|172/404|[from] item: Leftovers","|-heal|p1a: Blissey|613/661|[from] item: Leftovers","|upkeep","|turn|31","||adding 10 for new turn","|","|t:|1752924402","|move|p2a: Suicune|Calm Mind|p2a: Suicune","|-boost|p2a: Suicune|spa|1","|-boost|p2a: Suicune|spd|1","|move|p1a: Blissey|Seismic Toss|p2a: Suicune","|-damage|p2a: Suicune|72/404","|","|-weather|Sandstorm|[upkeep]","|-damage|p2a: Suicune|47/404|[from] Sandstorm","|-damage|p1a: Blissey|572/661|[from] Sandstorm","|-heal|p2a: Suicune|72/404|[from] item: Leftovers","|-heal|p1a: Blissey|613/661|[from] item: Leftovers","|upkeep","|turn|32","||adding 10 for new turn","|","|t:|1752924403","|move|p2a: Suicune|Rest|p2a: Suicune","|-status|p2a: Suicune|slp|[from] move: Rest","|-heal|p2a: Suicune|404/404 slp|[silent]","|move|p1a: Blissey|Seismic Toss|p2a: Suicune","|-damage|p2a: Suicune|304/404 slp","|","|-weather|Sandstorm|[upkeep]","|-damage|p2a: Suicune|279/404 slp|[from] Sandstorm","|-damage|p1a: Blissey|572/661|[from] Sandstorm","|-heal|p2a: Suicune|304/404 slp|[from] item: Leftovers","|-heal|p1a: Blissey|613/661|[from] item: Leftovers","|upkeep","|turn|33","||adding 10 for new turn","|","|t:|1752924404","|switch|p1a: Tyranitar|Tyranitar, F|251/387","|cant|p2a: Suicune|slp","|","|-weather|Sandstorm|[upkeep]","|-damage|p2a: Suicune|279/404 slp|[from] Sandstorm","|-heal|p2a: Suicune|304/404 slp|[from] item: Leftovers","|-heal|p1a: Tyranitar|275/387|[from] item: Leftovers","|upkeep","|turn|34","||adding 10 for new turn","|","|t:|1752924405","|cant|p2a: Suicune|slp","|move|p1a: Tyranitar|Roar|p2a: Suicune","|drag|p2a: Snorlax|Snorlax, F|131/484","|","|-weather|Sandstorm|[upkeep]","|-damage|p2a: Snorlax|101/484|[from] Sandstorm","|-heal|p1a: Tyranitar|299/387|[from] item: Leftovers","|-heal|p2a: Snorlax|131/484|[from] item: Leftovers","|upkeep","|turn|35","||adding 10 for new turn","|","|t:|1752924405","|switch|p2a: Suicune|Suicune|304/404 slp","|-ability|p2a: Suicune|Pressure|[silent]","|move|p1a: Tyranitar|Rock Slide|p2a: Suicune","|-damage|p2a: Suicune|170/404 slp","|","|-weather|Sandstorm|[upkeep]","|-damage|p2a: Suicune|145/404 slp|[from] Sandstorm","|-heal|p2a: Suicune|170/404 slp|[from] item: Leftovers","|-heal|p1a: Tyranitar|323/387|[from] item: Leftovers","|upkeep","|turn|36","||adding 10 for new turn","|","|t:|1752924406","|switch|p1a: Blissey|Blissey, F|613/661","|-curestatus|p2a: Suicune|slp|[msg]","|move|p2a: Suicune|Surf|p1a: Blissey","|-damage|p1a: Blissey|512/661","|","|-weather|Sandstorm|[upkeep]","|-damage|p2a: Suicune|145/404|[from] Sandstorm","|-damage|p1a: Blissey|471/661|[from] Sandstorm","|-heal|p2a: Suicune|170/404|[from] item: Leftovers","|-heal|p1a: Blissey|512/661|[from] item: Leftovers","|upkeep","|turn|37","||adding 10 for new turn","|","|t:|1752924407","|move|p2a: Suicune|Calm Mind|p2a: Suicune","|-boost|p2a: Suicune|spa|1","|-boost|p2a: Suicune|spd|1","|move|p1a: Blissey|Seismic Toss|p2a: Suicune","|-damage|p2a: Suicune|70/404","|","|-weather|Sandstorm|[upkeep]","|-damage|p2a: Suicune|45/404|[from] Sandstorm","|-damage|p1a: Blissey|471/661|[from] Sandstorm","|-heal|p2a: Suicune|70/404|[from] item: Leftovers","|-heal|p1a: Blissey|512/661|[from] item: Leftovers","|upkeep","|turn|38","||adding 10 for new turn","|","|t:|1752924408","|move|p2a: Suicune|Rest|p2a: Suicune","|-status|p2a: Suicune|slp|[from] move: Rest","|-heal|p2a: Suicune|404/404 slp|[silent]","|move|p1a: Blissey|Seismic Toss|p2a: Suicune","|-damage|p2a: Suicune|304/404 slp","|","|-weather|Sandstorm|[upkeep]","|-damage|p2a: Suicune|279/404 slp|[from] Sandstorm","|-damage|p1a: Blissey|471/661|[from] Sandstorm","|-heal|p2a: Suicune|304/404 slp|[from] item: Leftovers","|-heal|p1a: Blissey|512/661|[from] item: Leftovers","|upkeep","|turn|39","||adding 10 for new turn","|","|t:|1752924410","|switch|p1a: Tyranitar|Tyranitar, F|323/387","|cant|p2a: Suicune|slp","|","|-weather|Sandstorm|[upkeep]","|-damage|p2a: Suicune|279/404 slp|[from] Sandstorm","|-heal|p2a: Suicune|304/404 slp|[from] item: Leftovers","|-heal|p1a: Tyranitar|347/387|[from] item: Leftovers","|upkeep","|turn|40","||adding 10 for new turn","|","|t:|1752924410","|cant|p2a: Suicune|slp","|move|p1a: Tyranitar|Roar|p2a: Suicune","|drag|p2a: Snorlax|Snorlax, F|131/484","|","|-weather|Sandstorm|[upkeep]","|-damage|p2a: Snorlax|101/484|[from] Sandstorm","|-heal|p1a: Tyranitar|371/387|[from] item: Leftovers","|-heal|p2a: Snorlax|131/484|[from] item: Leftovers","|upkeep","|turn|41","||adding 10 for new turn","|","|t:|1752924411","|switch|p2a: Salamence|Salamence, F|156/331 tox","|-ability|p2a: Salamence|Intimidate|boost","|-unboost|p1a: Tyranitar|atk|1","|move|p1a: Tyranitar|Rock Slide|p2a: Salamence","|-supereffective|p2a: Salamence","|-damage|p2a: Salamence|0 fnt","|faint|p2a: Salamence","||adding 5 to each for mid turn request","|","|t:|1752924412","|switch|p2a: Suicune|Suicune|304/404 slp","|-ability|p2a: Suicune|Pressure|[silent]","|","|-weather|Sandstorm|[upkeep]","|-damage|p2a: Suicune|279/404 slp|[from] Sandstorm","|-heal|p2a: Suicune|304/404 slp|[from] item: Leftovers","|-heal|p1a: Tyranitar|387/387|[from] item: Leftovers","|upkeep","|turn|42","||adding 10 for new turn","|","|t:|1752924413","|switch|p1a: Blissey|Blissey, F|512/661","|-curestatus|p2a: Suicune|slp|[msg]","|move|p2a: Suicune|Surf|p1a: Blissey","|-damage|p1a: Blissey|413/661","|","|-weather|Sandstorm|[upkeep]","|-damage|p2a: Suicune|279/404|[from] Sandstorm","|-damage|p1a: Blissey|372/661|[from] Sandstorm","|-heal|p2a: Suicune|304/404|[from] item: Leftovers","|-heal|p1a: Blissey|413/661|[from] item: Leftovers","|upkeep","|turn|43","||adding 10 for new turn","|","|t:|1752924414","|move|p2a: Suicune|Calm Mind|p2a: Suicune","|-boost|p2a: Suicune|spa|1","|-boost|p2a: Suicune|spd|1","|move|p1a: Blissey|Thunder Wave|p2a: Suicune","|-status|p2a: Suicune|par","|","|-weather|Sandstorm|[upkeep]","|-damage|p1a: Blissey|372/661|[from] Sandstorm","|-damage|p2a: Suicune|279/404 par|[from] Sandstorm","|-heal|p1a: Blissey|413/661|[from] item: Leftovers","|-heal|p2a: Suicune|304/404 par|[from] item: Leftovers","|upkeep","|turn|44","||adding 10 for new turn","|","|t:|1752924415","|move|p1a: Blissey|Soft-Boiled|p1a: Blissey","|-heal|p1a: Blissey|661/661","|move|p2a: Suicune|Calm Mind|p2a: Suicune","|-boost|p2a: Suicune|spa|1","|-boost|p2a: Suicune|spd|1","|","|-weather|Sandstorm|[upkeep]","|-damage|p1a: Blissey|620/661|[from] Sandstorm","|-damage|p2a: Suicune|279/404 par|[from] Sandstorm","|-heal|p1a: Blissey|661/661|[from] item: Leftovers","|-heal|p2a: Suicune|304/404 par|[from] item: Leftovers","|upkeep","|turn|45","||adding 10 for new turn","|","|t:|1752924415","|move|p1a: Blissey|Seismic Toss|p2a: Suicune","|-damage|p2a: Suicune|204/404 par","|cant|p2a: Suicune|par","|","|-weather|Sandstorm|[upkeep]","|-damage|p1a: Blissey|620/661|[from] Sandstorm","|-damage|p2a: Suicune|179/404 par|[from] Sandstorm","|-heal|p1a: Blissey|661/661|[from] item: Leftovers","|-heal|p2a: Suicune|204/404 par|[from] item: Leftovers","|upkeep","|turn|46","||adding 10 for new turn","|","|t:|1752924416","|move|p1a: Blissey|Seismic Toss|p2a: Suicune","|-damage|p2a: Suicune|104/404 par","|move|p2a: Suicune|Surf|p1a: Blissey","|-damage|p1a: Blissey|459/661","|","|-weather|Sandstorm|[upkeep]","|-damage|p1a: Blissey|418/661|[from] Sandstorm","|-damage|p2a: Suicune|79/404 par|[from] Sandstorm","|-heal|p1a: Blissey|459/661|[from] item: Leftovers","|-heal|p2a: Suicune|104/404 par|[from] item: Leftovers","|upkeep","|turn|47","||adding 10 for new turn","|","|t:|1752924417","|switch|p1a: Tyranitar|Tyranitar, F|387/387","|move|p2a: Suicune|Rest|p2a: Suicune","|-status|p2a: Suicune|slp|[from] move: Rest","|-heal|p2a: Suicune|404/404 slp|[silent]","|","|-weather|Sandstorm|[upkeep]","|-damage|p2a: Suicune|379/404 slp|[from] Sandstorm","|-heal|p2a: Suicune|404/404 slp|[from] item: Leftovers","|upkeep","|turn|48","||adding 10 for new turn","|","|t:|1752924418","|cant|p2a: Suicune|slp","|move|p1a: Tyranitar|Roar|p2a: Suicune","|drag|p2a: Snorlax|Snorlax, F|131/484","|","|-weather|Sandstorm|[upkeep]","|-damage|p2a: Snorlax|101/484|[from] Sandstorm","|-heal|p2a: Snorlax|131/484|[from] item: Leftovers","|upkeep","|turn|49","||adding 10 for new turn","|","|t:|1752924419","|move|p1a: Tyranitar|Earthquake|p2a: Snorlax","|-damage|p2a: Snorlax|0 fnt","|faint|p2a: Snorlax","||adding 5 to each for mid turn request","|","|t:|1752924420","|switch|p2a: Suicune|Suicune|404/404 slp","|-ability|p2a: Suicune|Pressure|[silent]","|","|-weather|Sandstorm|[upkeep]","|-damage|p2a: Suicune|379/404 slp|[from] Sandstorm","|-heal|p2a: Suicune|404/404 slp|[from] item: Leftovers","|upkeep","|turn|50","||adding 10 for new turn","|","|t:|1752924420","|cant|p2a: Suicune|slp","|move|p1a: Tyranitar|Rock Slide|p2a: Suicune","|-damage|p2a: Suicune|275/404 slp","|","|-weather|Sandstorm|[upkeep]","|-damage|p2a: Suicune|250/404 slp|[from] Sandstorm","|-heal|p2a: Suicune|275/404 slp|[from] item: Leftovers","|upkeep","|turn|51","||adding 10 for new turn","|","|t:|1752924421","|-curestatus|p2a: Suicune|slp|[msg]","|move|p2a: Suicune|Surf|p1a: Tyranitar","|-supereffective|p1a: Tyranitar","|-damage|p1a: Tyranitar|150/387","|move|p1a: Tyranitar|Rock Slide|p2a: Suicune","|-damage|p2a: Suicune|148/404","|","|-weather|Sandstorm|[upkeep]","|-damage|p2a: Suicune|123/404|[from] Sandstorm","|-heal|p2a: Suicune|148/404|[from] item: Leftovers","|-heal|p1a: Tyranitar|174/387|[from] item: Leftovers","|upkeep","|turn|52","||adding 10 for new turn","|","|t:|1752924422","|switch|p1a: Blissey|Blissey, F|459/661","|move|p2a: Suicune|Surf|p1a: Blissey","|-damage|p1a: Blissey|360/661","|","|-weather|Sandstorm|[upkeep]","|-damage|p2a: Suicune|123/404|[from] Sandstorm","|-damage|p1a: Blissey|319/661|[from] Sandstorm","|-heal|p2a: Suicune|148/404|[from] item: Leftovers","|-heal|p1a: Blissey|360/661|[from] item: Leftovers","|upkeep","|turn|53","||adding 10 for new turn","|","|t:|1752924423","|move|p2a: Suicune|Calm Mind|p2a: Suicune","|-boost|p2a: Suicune|spa|1","|-boost|p2a: Suicune|spd|1","|move|p1a: Blissey|Thunder Wave|p2a: Suicune","|-status|p2a: Suicune|par","|","|-weather|Sandstorm|[upkeep]","|-damage|p1a: Blissey|319/661|[from] Sandstorm","|-damage|p2a: Suicune|123/404 par|[from] Sandstorm","|-heal|p1a: Blissey|360/661|[from] item: Leftovers","|-heal|p2a: Suicune|148/404 par|[from] item: Leftovers","|upkeep","|turn|54","||adding 10 for new turn","|","|t:|1752924424","|switch|p1a: Tyranitar|Tyranitar, F|174/387","|cant|p2a: Suicune|par","|","|-weather|Sandstorm|[upkeep]","|-damage|p2a: Suicune|123/404 par|[from] Sandstorm","|-heal|p1a: Tyranitar|198/387|[from] item: Leftovers","|-heal|p2a: Suicune|148/404 par|[from] item: Leftovers","|upkeep","|turn|55","||adding 10 for new turn","|","|t:|1752924424","|move|p1a: Tyranitar|Rock Slide|p2a: Suicune","|-damage|p2a: Suicune|19/404 par","|cant|p2a: Suicune|flinch","|","|-weather|Sandstorm|[upkeep]","|-damage|p2a: Suicune|0 fnt|[from] Sandstorm","|faint|p2a: Suicune","|","|win|foultestchallenge1",""],"p1rating":null,"p2rating":null,"endType":"normal","ladderError":true,"timestamp":"Sat Jul 19 2025 04:27:04 GMT-0700 (アメリカ太平洋夏時間)","roomid":"battle-gen3ou-945","format":"gen3ou"}