{"winner":"foultestacceptor1","seed":"sodium,a5cfdebfe0a8e0ad39a14ec7dc33d741","turns":67,"p1":"foultestchallenge1","p2":"foultestacceptor1","p1team":[{"name":"Metagross","species":"Metagross","item":"Leftovers","ability":"Clear Body","moves":["Meteor Mash","Earthquake","Agility","Explosion"],"nature":"Adamant","evs":{"hp":152,"atk":252,"def":0,"spa":0,"spd":0,"spe":104},"gender":"N","level":100,"ivs":{"hp":31,"atk":31,"def":31,"spa":31,"spd":31,"spe":31}},{"name":"Milotic","species":"Milotic","item":"Leftovers","ability":"Marvel Scale","moves":["Hypnosis","Surf","Ice Beam","Recover"],"nature":"Bold","evs":{"hp":248,"atk":0,"def":212,"spa":0,"spd":0,"spe":48},"gender":"M","ivs":{"hp":31,"atk":0,"def":31,"spa":31,"spd":31,"spe":31},"level":100},{"name":"Celebi","species":"Celebi","item":"Leftovers","ability":"Natural Cure","moves":["Swords Dance","Hidden Power Rock","Baton Pass","Recover"],"nature":"Jolly","evs":{"hp":240,"atk":0,"def":44,"spa":0,"spd":4,"spe":220},"gender":"N","ivs":{"hp":31,"atk":31,"def":30,"spa":31,"spd":30,"spe":30},"happiness":255,"hpType":"Rock","pokeball":"","gigantamax":false,"dynamaxLevel":10,"teraType":"","level":100},{"name":"Magneton","species":"Magneton","item":"Leftovers","ability":"Magnet Pull","moves":["Thunderbolt","Hidden Power Fire","Thunder Wave","Toxic"],"nature":"Timid","evs":{"hp":144,"atk":0,"def":0,"spa":112,"spd":0,"spe":252},"gender":"N","ivs":{"hp":31,"atk":2,"def":31,"spa":30,"spd":31,"spe":30},"happiness":255,"hpType":"Fire","pokeball":"","gigantamax":false,"dynamaxLevel":10,"teraType":"","level":100},{"name":"Heracross","species":"Heracross","item":"Leftovers","ability":"Guts","moves":["Megahorn","Rock Slide","Hidden Power Ghost","Brick Break"],"nature":"Adamant","evs":{"hp":144,"atk":16,"def":0,"spa":0,"spd":184,"spe":164},"gender":"M","ivs":{"hp":31,"atk":31,"def":30,"spa":31,"spd":30,"spe":31},"happiness":255,"hpType":"Ghost","pokeball":"","gigantamax":false,"dynamaxLevel":10,"teraType":"","level":100},{"name":"Gyarados","species":"Gyarados","item":"Leftovers","ability":"Intimidate","moves":["Hidden Power Flying","Double-Edge","Earthquake","Dragon Dance"],"nature":"Jolly","evs":{"hp":0,"atk":252,"def":4,"spa":0,"spd":0,"spe":252},"gender":"F","ivs":{"hp":30,"atk":30,"def":30,"spa":30,"spd":30,"spe":31},"happiness":255,"hpType":"Flying","pokeball":"","gigantamax":false,"dynamaxLevel":10,"teraType":"","level":100}],"p2team":[{"name":"Dugtrio","species":"Dugtrio","item":"Choice Band","ability":"Arena Trap","moves":["Earthquake","Hidden Power Bug","Aerial Ace","Sunny Day"],"nature":"Adamant","evs":{"hp":96,"atk":168,"def":20,"spa":0,"spd":0,"spe":224},"gender":"M","ivs":{"hp":31,"atk":30,"def":30,"spa":31,"spd":30,"spe":31},"happiness":255,"hpType":"Bug","pokeball":"","gigantamax":false,"dynamaxLevel":10,"teraType":"","level":100},{"name":"Forretress","species":"Forretress","item":"Leftovers","ability":"Sturdy","moves":["Spikes","Zap Cannon","Explosion","Hidden Power Bug"],"nature":"Careful","evs":{"hp":252,"atk":0,"def":4,"spa":0,"spd":252,"spe":0},"gender":"F","ivs":{"hp":31,"atk":30,"def":30,"spa":31,"spd":30,"spe":31},"happiness":255,"hpType":"Bug","pokeball":"","gigantamax":false,"dynamaxLevel":10,"teraType":"","level":100},{"name":"Snorlax","species":"Snorlax","item":"Leftovers","ability":"Immunity","moves":["Return","Curse","Rest","Shadow Ball"],"nature":"Careful","evs":{"hp":144,"atk":96,"def":132,"spa":0,"spd":136,"spe":0},"gender":"M","level":100,"ivs":{"hp":31,"atk":31,"def":31,"spa":31,"spd":31,"spe":31}},{"name":"Suicune","species":"Suicune","item":"Leftovers","ability":"Pressure","moves":["Calm Mind","Rest","Ice Beam","Surf"],"nature":"Bold","evs":{"hp":240,"atk":0,"def":252,"spa":0,"spd":0,"spe":16},"gender":"N","ivs":{"hp":31,"atk":0,"def":31,"spa":31,"spd":31,"spe":31},"level":100},{"name":"Claydol","species":"Claydol","item":"Leftovers","ability":"Levitate","moves":["Earthquake","Psychic","Rapid Spin","Rest"],"nature":"Lonely","evs":{"hp":252,"atk":224,"def":0,"spa":24,"spd":0,"spe":8},"gender":"N","level":100,"ivs":{"hp":31,"atk":31,"def":31,"spa":31,"spd":31,"spe":31}},{"name":"Blissey","species":"Blissey","item":"Leftovers","ability":"Natural Cure","moves":["Soft-Boiled","Seismic Toss","Thunder Wave","Aromatherapy"],"nature":"Bold","evs":{"hp":252,"atk":0,"def":252,"spa":0,"spd":0,"spe":4},"gender":"F","ivs":{"hp":31,"atk":0,"def":31,"spa":31,"spd":31,"spe":31},"level":100}],"score":[0,4],"inputLog":[">version 372d05e49c92a79eecdf6c8dddb208bd1765c00f",">start {\"formatid\":\"gen3ou\",\"seed\":\"sodium,a5cfdebfe0a8e0ad39a14ec7dc33d741\"}",">player p1 {\"name\":\"foultestchallenge1\",\"avatar\":\"1\",\"team\":\"Metagross||Leftovers|ClearBody|MeteorMash,Earthquake,Agility,Explosion|Adamant|152,252,,,,104|N||||]Milotic||Leftovers|MarvelScale|Hypnosis,Surf,IceBeam,Recover|Bold|248,,212,,,48|M|,0,,,,|||]Celebi||Leftovers|NaturalCure|SwordsDance,HiddenPowerRock,BatonPass,Recover|Jolly|240,,44,,4,220|N|,,30,,30,30|||,Rock,,,,]Magneton||Leftovers|MagnetPull|Thunderbolt,HiddenPowerFire,ThunderWave,Toxic|Timid|144,,,112,,252|N|,2,,30,,30|||,Fire,,,,]Heracross||Leftovers|Guts|Megahorn,RockSlide,HiddenPowerGhost,BrickBreak|Adamant|144,16,,,184,164|M|,,30,,30,|||,Ghost,,,,]Gyarados||Leftovers|Intimidate|HiddenPowerFlying,DoubleEdge,Earthquake,DragonDance|Jolly|,252,4,,,252|F|30,30,30,30,30,|||,Flying,,,,\",\"rating\":0}",">player p2 {\"name\":\"foultestacceptor1\",\"avatar\":\"1\",\"team\":\"Dugtrio||ChoiceBand|ArenaTrap|Earthquake,HiddenPowerBug,AerialAce,SunnyDay|Adamant|96,168,20,,,224|M|,30,30,,30,|||,Bug,,,,]Forretress||Leftovers|Sturdy|Spikes,ZapCannon,Explosion,HiddenPowerBug|Careful|252,,4,,252,|F|,30,30,,30,|||,Bug,,,,]Snorlax||Leftovers|Immunity|Return,Curse,Rest,ShadowBall|Careful|144,96,132,,136,|M||||]Suicune||Leftovers|Pressure|CalmMind,Rest,IceBeam,Surf|Bold|240,,252,,,16|N|,0,,,,|||]Claydol||Leftovers|Levitate|Earthquake,Psychic,RapidSpin,Rest|Lonely|252,224,,24,,8|N||||]Blissey||Leftovers|NaturalCure|SoftBoiled,SeismicToss,ThunderWave,Aromatherapy|Bold|252,,252,,,4|F|,0,,,,|||\",\"rating\":0}",">p1 move meteormash",">p2 move earthquake",">p2 switch 4",">p1 switch 6",">p2 move icebeam",">p1 move dragondance",">p2 switch 2",">p1 move dragondance",">p2 move spikes",">p1 move hiddenpower",">p2 move explosion",">p1 switch 2",">p2 switch 2",">p1 move hypnosis",">p2 move calmmind",">p1 move hypnosis",">p2 move calmmind",">p1 move hypnosis",">p2 move calmmind",">p1 move icebeam",">p2 move surf",">p1 move hypnosis",">p2 move surf",">p1 move hypnosis",">p2 move calmmind",">p1 switch 3",">p2 move rest",">p1 move swordsdance",">p2 move icebeam",">p1 move batonpass",">p2 move icebeam",">p1 switch 5",">p1 move megahorn",">p2 move surf",">p1 switch 3",">p1 move hypnosis",">p2 move surf",">p1 move recover",">p2 move icebeam",">p1 switch 5",">p2 move surf",">p1 move recover",">p2 move icebeam",">p1 move recover",">p2 move icebeam",">p1 switch 5",">p2 move icebeam",">p1 move hypnosis",">p2 move surf",">p1 move recover",">p2 move surf",">p1 move hypnosis",">p2 move surf",">p1 move hypnosis",">p2 move surf",">p1 move hypnosis",">p2 move surf",">p1 move recover",">p2 move calmmind",">p1 move hypnosis",">p2 move surf",">p1 switch 5",">p2 move surf",">p1 switch 5",">p1 move hypnosis",">p2 move surf",">p1 move recover",">p2 move surf",">p1 move surf",">p2 move surf",">p1 move surf",">p2 move surf",">p1 move recover",">p2 move surf",">p1 move recover",">p2 move surf",">p1 move recover",">p2 move surf",">p1 move recover",">p2 move surf",">p1 move hypnosis",">p2 move surf",">p1 move recover",">p2 move rest",">p1 move surf",">p2 move surf",">p1 move icebeam",">p2 move surf",">p1 move recover",">p2 move surf",">p1 move hypnosis",">p2 move icebeam",">p1 move recover",">p2 move calmmind",">p1 move surf",">p2 move icebeam",">p1 move icebeam",">p2 move icebeam",">p1 move recover",">p2 move surf",">p1 move recover",">p2 move surf",">p1 move recover",">p2 move surf",">p1 move recover",">p2 move surf",">p1 move recover",">p2 move surf",">p1 move recover",">p2 move surf",">p1 move recover",">p2 move surf",">p1 move recover",">p2 move surf",">p1 move recover",">p2 move icebeam",">p1 move hypnosis",">p2 move icebeam",">p1 move recover",">p2 move icebeam",">p1 move hypnosis",">p2 move icebeam",">p1 move icebeam",">p2 move icebeam",">p1 move recover",">p2 move calmmind",">p1 move recover",">p2 move calmmind",">p1 move recover",">p2 move icebeam",">p1 move recover",">p2 move icebeam",">p1 move recover",">p2 move icebeam",">p1 move recover",">p2 move icebeam",">p1 switch 4",">p2 move surf",">p1 switch 6",">p1 switch 4",">p1 move recover",">p2 move icebeam"],"log":["|j|☆foultestchallenge1","|j|☆foultestacceptor1","|t:|1752923627","|gametype|singles","|player|p1|foultestchallenge1|1|","|player|p2|foultestacceptor1|1|","|teamsize|p1|6","|teamsize|p2|6","|gen|3","|tier|[Gen 3] OU","|rule|Sleep Clause Mod: Limit one foe put to sleep","|rule|Switch Priority Clause Mod: Faster Pokémon switch first","|rule|Species Clause: Limit one of each Pokémon","|rule|OHKO Clause: OHKO moves are banned","|rule|Evasion Items Clause: Evasion items are banned","|rule|Evasion Moves Clause: Evasion moves are banned","|rule|Endless Battle Clause: Forcing endless battles is banned","|rule|HP Percentage Mod: HP is shown in percentages","|rule|One Boost Passer Clause: Limit one Baton Passer that has a way to boost its stats","|rule|Freeze Clause Mod: Limit one foe frozen","|","|t:|1752923627","|start","|switch|p1a: Metagross|Metagross|339/339","|switch|p2a: Dugtrio|Dugtrio, M|235/235","|turn|1","|inactive|Battle timer is ON: inactive players will automatically lose when time's up. (requested by foultestchallenge1)","|inactive|foultestacceptor1 also wants the timer to be on.","|","|t:|1752923628","|move|p2a: Dugtrio|Earthquake|p1a: Metagross","|-supereffective|p1a: Metagross","|-damage|p1a: Metagross|7/339","|move|p1a: Metagross|Meteor Mash|p2a: Dugtrio","|-damage|p2a: Dugtrio|0 fnt","|-boost|p1a: Metagross|atk|1","|faint|p2a: Dugtrio","||adding 5 to each for mid turn request","|","|t:|1752923629","|switch|p2a: Suicune|Suicune|401/401","|-ability|p2a: Suicune|Pressure|[silent]","|","|-heal|p1a: Metagross|28/339|[from] item: Leftovers","|upkeep","|turn|2","||adding 10 for new turn","|","|t:|1752923630","|switch|p1a: Gyarados|Gyarados, F|330/330","|-ability|p1a: Gyarados|Intimidate|boost","|-unboost|p2a: Suicune|atk|1","|move|p2a: Suicune|Ice Beam|p1a: Gyarados","|-damage|p1a: Gyarados|261/330","|","|-heal|p1a: Gyarados|281/330|[from] item: Leftovers","|upkeep","|turn|3","||adding 10 for new turn","|","|t:|1752923631","|switch|p2a: Forretress|Forretress, F|354/354","|move|p1a: Gyarados|Dragon Dance|p1a: Gyarados","|-boost|p1a: Gyarados|atk|1","|-boost|p1a: Gyarados|spe|1","|","|-heal|p1a: Gyarados|301/330|[from] item: Leftovers","|upkeep","|turn|4","||adding 10 for new turn","|","|t:|1752923632","|move|p1a: Gyarados|Dragon Dance|p1a: Gyarados","|-boost|p1a: Gyarados|atk|1","|-boost|p1a: Gyarados|spe|1","|move|p2a: Forretress|Spikes|p1a: Gyarados","|-sidestart|p1: foultestchallenge1|Spikes","|","|-heal|p1a: Gyarados|321/330|[from] item: Leftovers","|upkeep","|turn|5","||adding 10 for new turn","|","|t:|1752923633","|move|p1a: Gyarados|Hidden Power|p2a: Forretress","|-damage|p2a: Forretress|174/354","|move|p2a: Forretress|Explosion|p1a: Gyarados","|-damage|p1a: Gyarados|0 fnt","|faint|p2a: Forretress","|faint|p1a: Gyarados","||adding 5 to each for mid turn request","|","|t:|1752923634","|switch|p1a: Milotic|Milotic, M|393/393","|switch|p2a: Suicune|Suicune|401/401","|-ability|p2a: Suicune|Pressure|[silent]","|-damage|p1a: Milotic|344/393|[from] Spikes","|","|-heal|p1a: Milotic|368/393|[from] item: Leftovers","|upkeep","|turn|6","||adding 10 for new turn","|","|t:|1752923635","|move|p2a: Suicune|Calm Mind|p2a: Suicune","|-boost|p2a: Suicune|spa|1","|-boost|p2a: Suicune|spd|1","|move|p1a: Milotic|Hypnosis|p2a: Suicune|[miss]","|-miss|p1a: Milotic|p2a: Suicune","|","|-heal|p1a: Milotic|392/393|[from] item: Leftovers","|upkeep","|turn|7","||adding 10 for new turn","|","|t:|1752923636","|move|p1a: Milotic|Hypnosis|p2a: Suicune|[miss]","|-miss|p1a: Milotic|p2a: Suicune","|move|p2a: Suicune|Calm Mind|p2a: Suicune","|-boost|p2a: Suicune|spa|1","|-boost|p2a: Suicune|spd|1","|","|-heal|p1a: Milotic|393/393|[from] item: Leftovers","|upkeep","|turn|8","||adding 10 for new turn","|","|t:|1752923637","|move|p1a: Milotic|Hypnosis|p2a: Suicune","|-status|p2a: Suicune|slp|[from] move: Hypnosis","|cant|p2a: Suicune|slp","|","|upkeep","|turn|9","||adding 10 for new turn","|","|t:|1752923637","|move|p1a: Milotic|Ice Beam|p2a: Suicune","|-resisted|p2a: Suicune","|-damage|p2a: Suicune|383/401 slp","|cant|p2a: Suicune|slp","|","|-heal|p2a: Suicune|401/401 slp|[from] item: Leftovers","|upkeep","|turn|10","||adding 10 for new turn","|","|t:|1752923638","|move|p1a: Milotic|Hypnosis|p2a: Suicune|[miss]","|-miss|p1a: Milotic|p2a: Suicune","|-curestatus|p2a: Suicune|slp|[msg]","|move|p2a: Suicune|Surf|p1a: Milotic","|-resisted|p1a: Milotic","|-damage|p1a: Milotic|313/393","|","|-heal|p1a: Milotic|337/393|[from] item: Leftovers","|upkeep","|turn|11","||adding 10 for new turn","|","|t:|1752923639","|move|p2a: Suicune|Calm Mind|p2a: Suicune","|-boost|p2a: Suicune|spa|1","|-boost|p2a: Suicune|spd|1","|move|p1a: Milotic|Hypnosis|p2a: Suicune","|-status|p2a: Suicune|slp|[from] move: Hypnosis","|","|-heal|p1a: Milotic|361/393|[from] item: Leftovers","|upkeep","|turn|12","||adding 10 for new turn","|","|t:|1752923640","|switch|p1a: Celebi|Celebi|401/401","|-damage|p1a: Celebi|351/401|[from] Spikes","|cant|p2a: Suicune|slp","|","|-heal|p1a: Celebi|376/401|[from] item: Leftovers","|upkeep","|turn|13","||adding 10 for new turn","|","|t:|1752923641","|move|p1a: Celebi|Swords Dance|p1a: Celebi","|-boost|p1a: Celebi|atk|2","|-curestatus|p2a: Suicune|slp|[msg]","|move|p2a: Suicune|Ice Beam|p1a: Celebi","|-supereffective|p1a: Celebi","|-damage|p1a: Celebi|45/401","|","|-heal|p1a: Celebi|70/401|[from] item: Leftovers","|upkeep","|turn|14","||adding 10 for new turn","|","|t:|1752923642","|move|p1a: Celebi|Baton Pass|p1a: Celebi","||adding 5 to each for mid turn request","|","|t:|1752923643","|switch|p1a: Heracross|Heracross, M|337/337|[from] Baton Pass","|-damage|p1a: Heracross|295/337|[from] Spikes","|move|p2a: Suicune|Ice Beam|p1a: Heracross","|-damage|p1a: Heracross|154/337","|-status|p1a: Heracross|frz","|","|-heal|p1a: Heracross|175/337 frz|[from] item: Leftovers","|upkeep","|turn|15","||adding 10 for new turn","|","|t:|1752923644","|-curestatus|p1a: Heracross|frz|[msg]","|move|p1a: Heracross|Megahorn|p2a: Suicune|[miss]","|-miss|p1a: Heracross|p2a: Suicune","|move|p2a: Suicune|Surf|p1a: Heracross","|-damage|p1a: Heracross|0 fnt","|faint|p1a: Heracross","||adding 5 to each for mid turn request","|","|t:|1752923645","|switch|p1a: Milotic|Milotic, M|361/393","|-damage|p1a: Milotic|312/393|[from] Spikes","|","|-heal|p1a: Milotic|336/393|[from] item: Leftovers","|upkeep","|turn|16","||adding 10 for new turn","|","|t:|1752923645","|move|p2a: Suicune|Surf|p1a: Milotic","|-resisted|p1a: Milotic","|-damage|p1a: Milotic|225/393","|move|p1a: Milotic|Hypnosis|p2a: Suicune","|-status|p2a: Suicune|slp|[from] move: Hypnosis","|","|-heal|p1a: Milotic|249/393|[from] item: Leftovers","|upkeep","|turn|17","||adding 10 for new turn","|","|t:|1752923646","|move|p1a: Milotic|Recover|p1a: Milotic","|-heal|p1a: Milotic|393/393","|cant|p2a: Suicune|slp","|","|upkeep","|turn|18","||adding 10 for new turn","|","|t:|1752923647","|switch|p1a: Celebi|Celebi|70/401","|-damage|p1a: Celebi|20/401|[from] Spikes","|cant|p2a: Suicune|slp","|","|-heal|p1a: Celebi|45/401|[from] item: Leftovers","|upkeep","|turn|19","||adding 10 for new turn","|","|t:|1752923648","|move|p1a: Celebi|Recover|p1a: Celebi","|-heal|p1a: Celebi|245/401","|cant|p2a: Suicune|slp","|","|-heal|p1a: Celebi|270/401|[from] item: Leftovers","|upkeep","|turn|20","||adding 10 for new turn","|","|t:|1752923649","|move|p1a: Celebi|Recover|p1a: Celebi","|-heal|p1a: Celebi|401/401","|-curestatus|p2a: Suicune|slp|[msg]","|move|p2a: Suicune|Ice Beam|p1a: Celebi","|-supereffective|p1a: Celebi","|-damage|p1a: Celebi|78/401","|","|-heal|p1a: Celebi|103/401|[from] item: Leftovers","|upkeep","|turn|21","||adding 10 for new turn","|","|t:|1752923650","|switch|p1a: Milotic|Milotic, M|393/393","|-damage|p1a: Milotic|344/393|[from] Spikes","|move|p2a: Suicune|Ice Beam|p1a: Milotic","|-resisted|p1a: Milotic","|-damage|p1a: Milotic|279/393","|","|-heal|p1a: Milotic|303/393|[from] item: Leftovers","|upkeep","|turn|22","||adding 10 for new turn","|","|t:|1752923650","|move|p1a: Milotic|Hypnosis|p2a: Suicune","|-status|p2a: Suicune|slp|[from] move: Hypnosis","|cant|p2a: Suicune|slp","|","|-heal|p1a: Milotic|327/393|[from] item: Leftovers","|upkeep","|turn|23","||adding 10 for new turn","|","|t:|1752923651","|cant|p2a: Suicune|slp","|move|p1a: Milotic|Recover|p1a: Milotic","|-heal|p1a: Milotic|393/393","|","|upkeep","|turn|24","||adding 10 for new turn","|","|t:|1752923652","|move|p1a: Milotic|Hypnosis|p2a: Suicune|[miss]","|-miss|p1a: Milotic|p2a: Suicune","|cant|p2a: Suicune|slp","|","|upkeep","|turn|25","||adding 10 for new turn","|","|t:|1752923653","|-curestatus|p2a: Suicune|slp|[msg]","|move|p2a: Suicune|Surf|p1a: Milotic","|-resisted|p1a: Milotic","|-damage|p1a: Milotic|292/393","|move|p1a: Milotic|Hypnosis|p2a: Suicune|[miss]","|-miss|p1a: Milotic|p2a: Suicune","|","|-heal|p1a: Milotic|316/393|[from] item: Leftovers","|upkeep","|turn|26","||adding 10 for new turn","|","|t:|1752923653","|move|p1a: Milotic|Hypnosis|p2a: Suicune|[miss]","|-miss|p1a: Milotic|p2a: Suicune","|move|p2a: Suicune|Surf|p1a: Milotic","|-resisted|p1a: Milotic","|-damage|p1a: Milotic|209/393","|","|-heal|p1a: Milotic|233/393|[from] item: Leftovers","|upkeep","|turn|27","||adding 10 for new turn","|","|t:|1752923654","|move|p2a: Suicune|Calm Mind|p2a: Suicune","|-boost|p2a: Suicune|spa|1","|-boost|p2a: Suicune|spd|1","|move|p1a: Milotic|Recover|p1a: Milotic","|-heal|p1a: Milotic|393/393","|","|upkeep","|turn|28","||adding 10 for new turn","|","|t:|1752923655","|move|p1a: Milotic|Hypnosis|p2a: Suicune","|-status|p2a: Suicune|slp|[from] move: Hypnosis","|cant|p2a: Suicune|slp","|","|upkeep","|turn|29","||adding 10 for new turn","|","|t:|1752923656","|switch|p1a: Celebi|Celebi|103/401","|-damage|p1a: Celebi|53/401|[from] Spikes","|-curestatus|p2a: Suicune|slp|[msg]","|move|p2a: Suicune|Surf|p1a: Celebi","|-resisted|p1a: Celebi","|-damage|p1a: Celebi|0 fnt","|faint|p1a: Celebi","||adding 5 to each for mid turn request","|","|t:|1752923656","|switch|p1a: Milotic|Milotic, M|393/393","|-damage|p1a: Milotic|344/393|[from] Spikes","|","|-heal|p1a: Milotic|368/393|[from] item: Leftovers","|upkeep","|turn|30","||adding 10 for new turn","|","|t:|1752923657","|move|p2a: Suicune|Surf|p1a: Milotic","|-resisted|p1a: Milotic","|-damage|p1a: Milotic|237/393","|move|p1a: Milotic|Hypnosis|p2a: Suicune","|-status|p2a: Suicune|slp|[from] move: Hypnosis","|","|-heal|p1a: Milotic|261/393|[from] item: Leftovers","|upkeep","|turn|31","||adding 10 for new turn","|","|t:|1752923658","|move|p1a: Milotic|Recover|p1a: Milotic","|-heal|p1a: Milotic|393/393","|cant|p2a: Suicune|slp","|","|upkeep","|turn|32","||adding 10 for new turn","|","|t:|1752923659","|cant|p2a: Suicune|slp","|move|p1a: Milotic|Surf|p2a: Suicune","|-resisted|p2a: Suicune","|-damage|p2a: Suicune|384/401 slp","|","|-heal|p2a: Suicune|401/401 slp|[from] item: Leftovers","|upkeep","|turn|33","||adding 10 for new turn","|","|t:|1752923659","|move|p1a: Milotic|Surf|p2a: Suicune","|-resisted|p2a: Suicune","|-damage|p2a: Suicune|384/401 slp","|-curestatus|p2a: Suicune|slp|[msg]","|move|p2a: Suicune|Surf|p1a: Milotic","|-resisted|p1a: Milotic","|-damage|p1a: Milotic|272/393","|","|-heal|p2a: Suicune|401/401|[from] item: Leftovers","|-heal|p1a: Milotic|296/393|[from] item: Leftovers","|upkeep","|turn|34","||adding 10 for new turn","|","|t:|1752923660","|move|p1a: Milotic|Recover|p1a: Milotic","|-heal|p1a: Milotic|393/393","|move|p2a: Suicune|Surf|p1a: Milotic","|-resisted|p1a: Milotic","|-damage|p1a: Milotic|262/393","|","|-heal|p1a: Milotic|286/393|[from] item: Leftovers","|upkeep","|turn|35","||adding 10 for new turn","|","|t:|1752923661","|move|p1a: Milotic|Recover|p1a: Milotic","|-heal|p1a: Milotic|393/393","|move|p2a: Suicune|Surf|p1a: Milotic","|-resisted|p1a: Milotic","|-damage|p1a: Milotic|275/393","|","|-heal|p1a: Milotic|299/393|[from] item: Leftovers","|upkeep","|turn|36","||adding 10 for new turn","|","|t:|1752923662","|move|p1a: Milotic|Recover|p1a: Milotic","|-heal|p1a: Milotic|393/393","|move|p2a: Suicune|Surf|p1a: Milotic","|-resisted|p1a: Milotic","|-damage|p1a: Milotic|278/393","|","|-heal|p1a: Milotic|302/393|[from] item: Leftovers","|upkeep","|turn|37","||adding 10 for new turn","|","|t:|1752923663","|move|p2a: Suicune|Surf|p1a: Milotic","|-resisted|p1a: Milotic","|-damage|p1a: Milotic|169/393","|move|p1a: Milotic|Recover|p1a: Milotic","|-heal|p1a: Milotic|365/393","|","|-heal|p1a: Milotic|389/393|[from] item: Leftovers","|upkeep","|turn|38","||adding 10 for new turn","|","|t:|1752923663","|move|p2a: Suicune|Surf|p1a: Milotic","|-resisted|p1a: Milotic","|-damage|p1a: Milotic|266/393","|move|p1a: Milotic|Hypnosis|p2a: Suicune","|-status|p2a: Suicune|slp|[from] move: Hypnosis","|","|-heal|p1a: Milotic|290/393|[from] item: Leftovers","|upkeep","|turn|39","||adding 10 for new turn","|","|t:|1752923664","|move|p1a: Milotic|Recover|p1a: Milotic","|-heal|p1a: Milotic|393/393","|cant|p2a: Suicune|slp","|","|upkeep","|turn|40","||adding 10 for new turn","|","|t:|1752923665","|cant|p2a: Suicune|slp","|move|p1a: Milotic|Surf|p2a: Suicune","|-resisted|p2a: Suicune","|-damage|p2a: Suicune|386/401 slp","|","|-heal|p2a: Suicune|401/401 slp|[from] item: Leftovers","|upkeep","|turn|41","||adding 10 for new turn","|","|t:|1752923666","|-curestatus|p2a: Suicune|slp|[msg]","|move|p2a: Suicune|Surf|p1a: Milotic","|-resisted|p1a: Milotic","|-damage|p1a: Milotic|268/393","|move|p1a: Milotic|Ice Beam|p2a: Suicune","|-resisted|p2a: Suicune","|-damage|p2a: Suicune|390/401","|","|-heal|p1a: Milotic|292/393|[from] item: Leftovers","|-heal|p2a: Suicune|401/401|[from] item: Leftovers","|upkeep","|turn|42","||adding 10 for new turn","|","|t:|1752923667","|move|p2a: Suicune|Surf|p1a: Milotic","|-resisted|p1a: Milotic","|-damage|p1a: Milotic|177/393","|move|p1a: Milotic|Recover|p1a: Milotic","|-heal|p1a: Milotic|373/393","|","|-heal|p1a: Milotic|393/393|[from] item: Leftovers","|upkeep","|turn|43","||adding 10 for new turn","|","|t:|1752923667","|move|p2a: Suicune|Ice Beam|p1a: Milotic","|-resisted|p1a: Milotic","|-damage|p1a: Milotic|311/393","|move|p1a: Milotic|Hypnosis|p2a: Suicune","|-status|p2a: Suicune|slp|[from] move: Hypnosis","|","|-heal|p1a: Milotic|335/393|[from] item: Leftovers","|upkeep","|turn|44","||adding 10 for new turn","|","|t:|1752923668","|move|p1a: Milotic|Recover|p1a: Milotic","|-heal|p1a: Milotic|393/393","|cant|p2a: Suicune|slp","|","|upkeep","|turn|45","||adding 10 for new turn","|","|t:|1752923669","|move|p1a: Milotic|Surf|p2a: Suicune","|-resisted|p2a: Suicune","|-damage|p2a: Suicune|383/401 slp","|cant|p2a: Suicune|slp","|","|-heal|p2a: Suicune|401/401 slp|[from] item: Leftovers","|upkeep","|turn|46","||adding 10 for new turn","|","|t:|1752923670","|-curestatus|p2a: Suicune|slp|[msg]","|move|p2a: Suicune|Ice Beam|p1a: Milotic","|-resisted|p1a: Milotic","|-damage|p1a: Milotic|310/393","|move|p1a: Milotic|Ice Beam|p2a: Suicune","|-resisted|p2a: Suicune","|-damage|p2a: Suicune|391/401","|","|-heal|p2a: Suicune|401/401|[from] item: Leftovers","|-heal|p1a: Milotic|334/393|[from] item: Leftovers","|upkeep","|turn|47","||adding 10 for new turn","|","|t:|1752923671","|move|p1a: Milotic|Recover|p1a: Milotic","|-heal|p1a: Milotic|393/393","|move|p2a: Suicune|Surf|p1a: Milotic","|-resisted|p1a: Milotic","|-damage|p1a: Milotic|272/393","|","|-heal|p1a: Milotic|296/393|[from] item: Leftovers","|upkeep","|turn|48","||adding 10 for new turn","|","|t:|1752923671","|move|p2a: Suicune|Surf|p1a: Milotic","|-resisted|p1a: Milotic","|-damage|p1a: Milotic|162/393","|move|p1a: Milotic|Recover|p1a: Milotic","|-heal|p1a: Milotic|358/393","|","|-heal|p1a: Milotic|382/393|[from] item: Leftovers","|upkeep","|turn|49","||adding 10 for new turn","|","|t:|1752923672","|move|p1a: Milotic|Recover|p1a: Milotic","|-heal|p1a: Milotic|393/393","|move|p2a: Suicune|Surf|p1a: Milotic","|-resisted|p1a: Milotic","|-damage|p1a: Milotic|262/393","|","|-heal|p1a: Milotic|286/393|[from] item: Leftovers","|upkeep","|turn|50","||adding 10 for new turn","|","|t:|1752923673","|move|p2a: Suicune|Surf|p1a: Milotic","|-resisted|p1a: Milotic","|-damage|p1a: Milotic|163/393","|move|p1a: Milotic|Recover|p1a: Milotic","|-heal|p1a: Milotic|359/393","|","|-heal|p1a: Milotic|383/393|[from] item: Leftovers","|upkeep","|turn|51","||adding 10 for new turn","|","|t:|1752923674","|move|p1a: Milotic|Recover|p1a: Milotic","|-heal|p1a: Milotic|393/393","|move|p2a: Suicune|Surf|p1a: Milotic","|-resisted|p1a: Milotic","|-damage|p1a: Milotic|260/393","|","|-heal|p1a: Milotic|284/393|[from] item: Leftovers","|upkeep","|turn|52","||adding 10 for new turn","|","|t:|1752923675","|move|p2a: Suicune|Surf|p1a: Milotic","|-resisted|p1a: Milotic","|-damage|p1a: Milotic|151/393","|move|p1a: Milotic|Recover|p1a: Milotic","|-heal|p1a: Milotic|347/393","|","|-heal|p1a: Milotic|371/393|[from] item: Leftovers","|upkeep","|turn|53","||adding 10 for new turn","|","|t:|1752923675","|move|p2a: Suicune|Surf|p1a: Milotic","|-resisted|p1a: Milotic","|-damage|p1a: Milotic|249/393","|move|p1a: Milotic|Recover|p1a: Milotic","|-heal|p1a: Milotic|393/393","|","|upkeep","|turn|54","||adding 10 for new turn","|","|t:|1752923676","|move|p1a: Milotic|Recover||[still]","|-fail|p1a: Milotic|heal","|move|p2a: Suicune|Surf|p1a: Milotic","|-resisted|p1a: Milotic","|-damage|p1a: Milotic|277/393","|","|-heal|p1a: Milotic|301/393|[from] item: Leftovers","|upkeep","|turn|55","||adding 10 for new turn","|","|t:|1752923677","|move|p2a: Suicune|Ice Beam|p1a: Milotic","|-resisted|p1a: Milotic","|-damage|p1a: Milotic|224/393","|move|p1a: Milotic|Recover|p1a: Milotic","|-heal|p1a: Milotic|393/393","|","|upkeep","|turn|56","||adding 10 for new turn","|","|t:|1752923678","|move|p2a: Suicune|Ice Beam|p1a: Milotic","|-resisted|p1a: Milotic","|-damage|p1a: Milotic|313/393","|move|p1a: Milotic|Hypnosis|p2a: Suicune|[miss]","|-miss|p1a: Milotic|p2a: Suicune","|","|-heal|p1a: Milotic|337/393|[from] item: Leftovers","|upkeep","|turn|57","||adding 10 for new turn","|","|t:|1752923679","|move|p2a: Suicune|Ice Beam|p1a: Milotic","|-resisted|p1a: Milotic","|-damage|p1a: Milotic|252/393","|move|p1a: Milotic|Recover|p1a: Milotic","|-heal|p1a: Milotic|393/393","|","|upkeep","|turn|58","||adding 10 for new turn","|","|t:|1752923679","|move|p1a: Milotic|Hypnosis|p2a: Suicune","|-status|p2a: Suicune|slp|[from] move: Hypnosis","|cant|p2a: Suicune|slp","|","|upkeep","|turn|59","||adding 10 for new turn","|","|t:|1752923680","|move|p1a: Milotic|Ice Beam|p2a: Suicune","|-resisted|p2a: Suicune","|-damage|p2a: Suicune|390/401 slp","|-curestatus|p2a: Suicune|slp|[msg]","|move|p2a: Suicune|Ice Beam|p1a: Milotic","|-resisted|p1a: Milotic","|-damage|p1a: Milotic|313/393","|","|-heal|p1a: Milotic|337/393|[from] item: Leftovers","|-heal|p2a: Suicune|401/401|[from] item: Leftovers","|upkeep","|turn|60","||adding 10 for new turn","|","|t:|1752923681","|move|p1a: Milotic|Recover|p1a: Milotic","|-heal|p1a: Milotic|393/393","|move|p2a: Suicune|Calm Mind|p2a: Suicune","|-boost|p2a: Suicune|spa|1","|-boost|p2a: Suicune|spd|1","|","|upkeep","|turn|61","||adding 10 for new turn","|","|t:|1752923682","|move|p2a: Suicune|Calm Mind|p2a: Suicune","|-boost|p2a: Suicune|spa|1","|-boost|p2a: Suicune|spd|1","|move|p1a: Milotic|Recover||[still]","|-fail|p1a: Milotic|heal","|","|upkeep","|turn|62","||adding 10 for new turn","|","|t:|1752923682","|move|p2a: Suicune|Ice Beam|p1a: Milotic","|-resisted|p1a: Milotic","|-damage|p1a: Milotic|275/393","|move|p1a: Milotic|Recover|p1a: Milotic","|-heal|p1a: Milotic|393/393","|","|upkeep","|turn|63","||adding 10 for new turn","|","|t:|1752923683","|move|p2a: Suicune|Ice Beam|p1a: Milotic","|-resisted|p1a: Milotic","|-damage|p1a: Milotic|280/393","|move|p1a: Milotic|Recover|p1a: Milotic","|-heal|p1a: Milotic|393/393","|","|upkeep","|turn|64","||adding 10 for new turn","|","|t:|1752923684","|move|p1a: Milotic|Recover||[still]","|-fail|p1a: Milotic|heal","|move|p2a: Suicune|Ice Beam|p1a: Milotic","|-resisted|p1a: Milotic","|-crit|p1a: Milotic","|-damage|p1a: Milotic|155/393","|","|-heal|p1a: Milotic|179/393|[from] item: Leftovers","|upkeep","|turn|65","||adding 10 for new turn","|","|t:|1752923685","|move|p2a: Suicune|Ice Beam|p1a: Milotic","|-resisted|p1a: Milotic","|-damage|p1a: Milotic|71/393","|-status|p1a: Milotic|frz","|cant|p1a: Milotic|frz","|","|-heal|p1a: Milotic|95/393 frz|[from] item: Leftovers","|upkeep","|turn|66","||adding 10 for new turn","|","|t:|1752923686","|switch|p1a: Magneton|Magneton|277/277","|-damage|p1a: Magneton|243/277|[from] Spikes","|move|p2a: Suicune|Surf|p1a: Magneton","|-damage|p1a: Magneton|0 fnt","|faint|p1a: Magneton","||adding 5 to each for mid turn request","|","|t:|1752923686","|switch|p1a: Metagross|Metagross|28/339","|-damage|p1a: Metagross|0 fnt|[from] Spikes","|faint|p1a: Metagross","||adding 5 to each for mid turn request","|","|t:|1752923687","|switch|p1a: Milotic|Milotic, M|95/393 frz","|-damage|p1a: Milotic|46/393 frz|[from] Spikes","|","|-heal|p1a: Milotic|70/393 frz|[from] item: Leftovers","|upkeep","|turn|67","||adding 10 for new turn","|","|t:|1752923687","|cant|p1a: Milotic|frz","|move|p2a: Suicune|Ice Beam|p1a: Milotic","|-resisted|p1a: Milotic","|-damage|p1a: Milotic|0 fnt","|faint|p1a: Milotic","|","|win|foultestacceptor1",""],"p1rating":null,"p2rating":null,"endType":"normal","ladderError":true,"timestamp":"Sat Jul 19 2025 04:14:47 GMT-0700 (アメリカ太平洋夏時間)","roomid":"battle-gen3ou-934","format":"gen3ou"}