{"winner":"foultestacceptor1","seed":"sodium,b60fc6ca13568230e4d12ab5609f4179","turns":43,"p1":"foultestchallenge1","p2":"foultestacceptor1","p1team":[{"name":"Tyranitar","species":"Tyranitar","item":"Leftovers","ability":"Sand Stream","moves":["Rock Slide","Earthquake","Hidden Power Bug","Roar"],"nature":"Adamant","evs":{"hp":184,"atk":196,"def":120,"spa":0,"spd":0,"spe":8},"gender":"F","ivs":{"hp":31,"atk":30,"def":30,"spa":31,"spd":30,"spe":31},"happiness":255,"hpType":"Bug","pokeball":"","gigantamax":false,"dynamaxLevel":10,"teraType":"","level":100},{"name":"Milotic","species":"Milotic","item":"Leftovers","ability":"Marvel Scale","moves":["Surf","Toxic","Recover","Refresh"],"nature":"Bold","evs":{"hp":248,"atk":0,"def":212,"spa":0,"spd":0,"spe":48},"gender":"F","ivs":{"hp":31,"atk":0,"def":31,"spa":31,"spd":31,"spe":31},"level":100},{"name":"Blissey","species":"Blissey","item":"Leftovers","ability":"Natural Cure","moves":["Seismic Toss","Ice Beam","Thunder Wave","Soft-Boiled"],"nature":"Bold","evs":{"hp":40,"atk":0,"def":244,"spa":208,"spd":0,"spe":16},"gender":"F","level":100,"ivs":{"hp":31,"atk":31,"def":31,"spa":31,"spd":31,"spe":31}},{"name":"Skarmory","species":"Skarmory","item":"Leftovers","ability":"Keen Eye","moves":["Drill Peck","Toxic","Spikes","Roar"],"nature":"Careful","evs":{"hp":248,"atk":0,"def":0,"spa":0,"spd":236,"spe":24},"gender":"F","level":100,"ivs":{"hp":31,"atk":31,"def":31,"spa":31,"spd":31,"spe":31}},{"name":"Claydol","species":"Claydol","item":"Leftovers","ability":"Levitate","moves":["Earthquake","Psychic","Refresh","Rapid Spin"],"nature":"Adamant","evs":{"hp":224,"atk":228,"def":0,"spa":36,"spd":0,"spe":20},"gender":"N","level":100,"ivs":{"hp":31,"atk":31,"def":31,"spa":31,"spd":31,"spe":31}},{"name":"Dugtrio","species":"Dugtrio","item":"Choice Band","ability":"Arena Trap","moves":["Earthquake","Aerial Ace","Hidden Power Bug","Screech"],"nature":"Jolly","evs":{"hp":0,"atk":252,"def":0,"spa":0,"spd":4,"spe":252},"gender":"M","ivs":{"hp":31,"atk":30,"def":30,"spa":31,"spd":30,"spe":31},"happiness":255,"hpType":"Bug","pokeball":"","gigantamax":false,"dynamaxLevel":10,"teraType":"","level":100}],"p2team":[{"name":"Skarmory","species":"Skarmory","item":"Leftovers","ability":"Keen Eye","moves":["Spikes","Protect","Roar","Toxic"],"nature":"Careful","evs":{"hp":252,"atk":0,"def":8,"spa":0,"spd":248,"spe":0},"gender":"F","ivs":{"hp":31,"atk":0,"def":31,"spa":31,"spd":31,"spe":31},"level":100},{"name":"Blissey","species":"Blissey","item":"Leftovers","ability":"Natural Cure","moves":["Soft-Boiled","Ice Beam","Toxic","Fire Blast"],"nature":"Modest","evs":{"hp":0,"atk":0,"def":252,"spa":252,"spd":0,"spe":4},"gender":"F","ivs":{"hp":31,"atk":0,"def":31,"spa":31,"spd":31,"spe":31},"shiny":true,"level":100},{"name":"Tyranitar","species":"Tyranitar","item":"Leftovers","ability":"Sand Stream","moves":["Focus Punch","Rock Slide","Hidden Power Bug","Earthquake"],"nature":"Adamant","evs":{"hp":248,"atk":196,"def":12,"spa":0,"spd":52,"spe":0},"gender":"F","ivs":{"hp":31,"atk":30,"def":30,"spa":31,"spd":30,"spe":31},"happiness":255,"hpType":"Bug","pokeball":"","gigantamax":false,"dynamaxLevel":10,"teraType":"","level":100},{"name":"Swampert","species":"Swampert","item":"Leftovers","ability":"Torrent","moves":["Earthquake","Ice Beam","Hydro Pump","Protect"],"nature":"Relaxed","evs":{"hp":240,"atk":0,"def":136,"spa":40,"spd":48,"spe":44},"gender":"F","level":100,"ivs":{"hp":31,"atk":31,"def":31,"spa":31,"spd":31,"spe":31}},{"name":"Gengar","species":"Gengar","item":"Leftovers","ability":"Levitate","moves":["Will-O-Wisp","Thunderbolt","Ice Punch","Explosion"],"nature":"Timid","evs":{"hp":168,"atk":0,"def":0,"spa":0,"spd":164,"spe":176},"gender":"F","level":100,"ivs":{"hp":31,"atk":31,"def":31,"spa":31,"spd":31,"spe":31}},{"name":"Starmie","species":"Starmie","item":"Leftovers","ability":"Natural Cure","moves":["Hydro Pump","Ice Beam","Thunderbolt","Rapid Spin"],"nature":"Timid","evs":{"hp":4,"atk":0,"def":0,"spa":252,"spd":0,"spe":252},"gender":"N","ivs":{"hp":31,"atk":0,"def":31,"spa":31,"spd":31,"spe":31},"level":100}],"score":[0,2],"inputLog":[">version 372d05e49c92a79eecdf6c8dddb208bd1765c00f",">start {\"formatid\":\"gen3ou\",\"seed\":\"sodium,b60fc6ca13568230e4d12ab5609f4179\"}",">player p1 {\"name\":\"foultestchallenge1\",\"avatar\":\"1\",\"team\":\"Tyranitar||Leftovers|SandStream|RockSlide,Earthquake,HiddenPowerBug,Roar|Adamant|184,196,120,,,8|F|,30,30,,30,|||,Bug,,,,]Milotic||Leftovers|MarvelScale|Surf,Toxic,Recover,Refresh|Bold|248,,212,,,48|F|,0,,,,|||]Blissey||Leftovers|NaturalCure|SeismicToss,IceBeam,ThunderWave,SoftBoiled|Bold|40,,244,208,,16|F||||]Skarmory||Leftovers|KeenEye|DrillPeck,Toxic,Spikes,Roar|Careful|248,,,,236,24|F||||]Claydol||Leftovers|Levitate|Earthquake,Psychic,Refresh,RapidSpin|Adamant|224,228,,36,,20|N||||]Dugtrio||ChoiceBand|ArenaTrap|Earthquake,AerialAce,HiddenPowerBug,Screech|Jolly|,252,,,4,252|M|,30,30,,30,|||,Bug,,,,\",\"rating\":0}",">player p2 {\"name\":\"foultestacceptor1\",\"avatar\":\"169\",\"team\":\"Skarmory||Leftovers|KeenEye|Spikes,Protect,Roar,Toxic|Careful|252,,8,,248,|F|,0,,,,|||]Blissey||Leftovers|NaturalCure|SoftBoiled,IceBeam,Toxic,FireBlast|Modest|,,252,252,,4|F|,0,,,,|S||]Tyranitar||Leftovers|SandStream|FocusPunch,RockSlide,HiddenPowerBug,Earthquake|Adamant|248,196,12,,52,|F|,30,30,,30,|||,Bug,,,,]Swampert||Leftovers|Torrent|Earthquake,IceBeam,HydroPump,Protect|Relaxed|240,,136,40,48,44|F||||]Gengar||Leftovers|Levitate|WillOWisp,Thunderbolt,IcePunch,Explosion|Timid|168,,,,164,176|F||||]Starmie||Leftovers|NaturalCure|HydroPump,IceBeam,Thunderbolt,RapidSpin|Timid|4,,,252,,252|N|,0,,,,|||\",\"rating\":0}",">p1 move rockslide",">p2 move spikes",">p1 move rockslide",">p2 switch 4",">p1 switch 4",">p2 move hydropump",">p1 move spikes",">p2 move hydropump",">p1 move toxic",">p2 move hydropump",">p1 switch 2",">p2 move icebeam",">p1 move surf",">p2 switch 6",">p1 move toxic",">p2 move rapidspin",">p1 move surf",">p2 switch 2",">p1 move toxic",">p2 move icebeam",">p1 move recover",">p2 switch 2",">p1 move surf",">p2 move thunderbolt",">p1 move recover",">p2 move thunderbolt",">p1 switch 6",">p1 move earthquake",">p2 move icebeam",">p2 switch 5",">p1 switch 3",">p2 move willowisp",">p1 move softboiled",">p2 switch 3",">p1 switch 5",">p2 move focuspunch",">p1 move earthquake",">p2 move hiddenpower",">p1 move psychic",">p2 switch 3",">p1 move psychic",">p2 move icepunch",">p1 switch 5",">p1 move icebeam",">p2 move willowisp",">p1 move softboiled",">p2 move explosion",">p1 switch 2",">p2 switch 6",">p1 switch 4",">p2 move icebeam",">p1 move rockslide",">p2 move hydropump",">p1 move rockslide",">p2 move icebeam",">p1 switch 3",">p1 move earthquake",">p2 move icebeam",">p2 switch 2",">p1 move earthquake",">p2 move icebeam",">p1 switch 4",">p1 move drillpeck",">p2 move fireblast",">p2 switch 3",">p1 move roar",">p2 move rockslide",">p1 move roar",">p2 switch 4",">p1 move roar",">p2 switch 4",">p1 move roar",">p2 switch 4",">p1 move roar",">p2 switch 4",">p1 move roar",">p2 switch 4",">p1 move roar",">p2 switch 4",">p1 move roar",">p2 switch 4",">p1 move roar",">p2 switch 4",">p1 move roar",">p2 switch 4",">p1 move toxic",">p2 move toxic",">p1 move toxic",">p2 switch 4",">p1 move drillpeck",">p2 move rockslide",">p1 move drillpeck",">p2 move rockslide",">p1 move drillpeck",">p2 move rockslide"],"log":["|j|☆foultestchallenge1","|j|☆foultestacceptor1","|t:|1752974880","|gametype|singles","|player|p1|foultestchallenge1|1|","|player|p2|foultestacceptor1|169|","|teamsize|p1|6","|teamsize|p2|6","|gen|3","|tier|[Gen 3] OU","|rule|Sleep Clause Mod: Limit one foe put to sleep","|rule|Switch Priority Clause Mod: Faster Pokémon switch first","|rule|Species Clause: Limit one of each Pokémon","|rule|OHKO Clause: OHKO moves are banned","|rule|Evasion Items Clause: Evasion items are banned","|rule|Evasion Moves Clause: Evasion moves are banned","|rule|Endless Battle Clause: Forcing endless battles is banned","|rule|HP Percentage Mod: HP is shown in percentages","|rule|One Boost Passer Clause: Limit one Baton Passer that has a way to boost its stats","|rule|Freeze Clause Mod: Limit one foe frozen","|","|t:|1752974880","|start","|switch|p1a: Tyranitar|Tyranitar, F|387/387","|switch|p2a: Skarmory|Skarmory, F|334/334","|-weather|Sandstorm|[from] ability: Sand Stream|[of] p1a: Tyranitar","|turn|1","|inactive|Battle timer is ON: inactive players will automatically lose when time's up. (requested by foultestchallenge1)","|inactive|foultestacceptor1 also wants the timer to be on.","|","|t:|1752974889","|move|p2a: Skarmory|Spikes|p1a: Tyranitar","|-sidestart|p1: foultestchallenge1|Spikes","|move|p1a: Tyranitar|Rock Slide|p2a: Skarmory","|-crit|p2a: Skarmory","|-damage|p2a: Skarmory|119/334","|","|-weather|Sandstorm|[upkeep]","|-heal|p2a: Skarmory|139/334|[from] item: Leftovers","|upkeep","|turn|2","||adding 10 for new turn","|","|t:|1752974897","|switch|p2a: Swampert|Swampert, F|401/401","|move|p1a: Tyranitar|Rock Slide|p2a: Swampert","|-resisted|p2a: Swampert","|-damage|p2a: Swampert|341/401","|","|-weather|Sandstorm|[upkeep]","|-heal|p2a: Swampert|366/401|[from] item: Leftovers","|upkeep","|turn|3","||adding 10 for new turn","|","|t:|1752974906","|switch|p1a: Skarmory|Skarmory, F|333/333","|move|p2a: Swampert|Hydro Pump|p1a: Skarmory","|-damage|p1a: Skarmory|212/333","|","|-weather|Sandstorm|[upkeep]","|-heal|p1a: Skarmory|232/333|[from] item: Leftovers","|-heal|p2a: Swampert|391/401|[from] item: Leftovers","|upkeep","|turn|4","||adding 10 for new turn","|","|t:|1752974914","|move|p1a: Skarmory|Spikes|p2a: Swampert","|-sidestart|p2: foultestacceptor1|Spikes","|move|p2a: Swampert|Hydro Pump|p1a: Skarmory","|-damage|p1a: Skarmory|110/333","|","|-weather|Sandstorm|[upkeep]","|-heal|p1a: Skarmory|130/333|[from] item: Leftovers","|-heal|p2a: Swampert|401/401|[from] item: Leftovers","|upkeep","|turn|5","||adding 10 for new turn","|","|t:|1752974922","|move|p1a: Skarmory|Toxic|p2a: Swampert","|-status|p2a: Swampert|tox","|move|p2a: Swampert|Hydro Pump|p1a: Skarmory","|-damage|p1a: Skarmory|16/333","|","|-weather|Sandstorm|[upkeep]","|-heal|p1a: Skarmory|36/333|[from] item: Leftovers","|-damage|p2a: Swampert|376/401 tox|[from] psn","|upkeep","|turn|6","||adding 10 for new turn","|","|t:|1752974930","|switch|p1a: Milotic|Milotic, F|393/393","|-damage|p1a: Milotic|344/393|[from] Spikes","|move|p2a: Swampert|Ice Beam|p1a: Milotic","|-resisted|p1a: Milotic","|-damage|p1a: Milotic|318/393","|","|-weather|Sandstorm|[upkeep]","|-damage|p1a: Milotic|294/393|[from] Sandstorm","|-heal|p1a: Milotic|318/393|[from] item: Leftovers","|-heal|p2a: Swampert|401/401 tox|[from] item: Leftovers","|-damage|p2a: Swampert|351/401 tox|[from] psn","|upkeep","|turn|7","||adding 10 for new turn","|","|t:|1752974938","|switch|p2a: Starmie|Starmie|262/262","|-damage|p2a: Starmie|230/262|[from] Spikes","|move|p1a: Milotic|Surf|p2a: Starmie","|-resisted|p2a: Starmie","|-damage|p2a: Starmie|170/262","|","|-weather|Sandstorm|[upkeep]","|-damage|p2a: Starmie|154/262|[from] Sandstorm","|-damage|p1a: Milotic|294/393|[from] Sandstorm","|-heal|p2a: Starmie|170/262|[from] item: Leftovers","|-heal|p1a: Milotic|318/393|[from] item: Leftovers","|upkeep","|turn|8","||adding 10 for new turn","|","|t:|1752974946","|move|p2a: Starmie|Rapid Spin|p1a: Milotic","|-damage|p1a: Milotic|309/393","|-sideend|p2: foultestacceptor1|Spikes|[from] move: Rapid Spin|[of] p2a: Starmie","|move|p1a: Milotic|Toxic|p2a: Starmie","|-status|p2a: Starmie|tox","|","|-weather|Sandstorm|[upkeep]","|-damage|p2a: Starmie|154/262 tox|[from] Sandstorm","|-damage|p1a: Milotic|285/393|[from] Sandstorm","|-heal|p2a: Starmie|170/262 tox|[from] item: Leftovers","|-damage|p2a: Starmie|154/262 tox|[from] psn","|-heal|p1a: Milotic|309/393|[from] item: Leftovers","|upkeep","|turn|9","||adding 10 for new turn","|","|t:|1752974954","|-curestatus|p2a: Starmie|tox|[from] ability: Natural Cure","|switch|p2a: Blissey|Blissey, F, shiny|651/651","|move|p1a: Milotic|Surf|p2a: Blissey","|-damage|p2a: Blissey|565/651","|","|-weather|Sandstorm|[upkeep]","|-damage|p1a: Milotic|285/393|[from] Sandstorm","|-damage|p2a: Blissey|525/651|[from] Sandstorm","|-heal|p1a: Milotic|309/393|[from] item: Leftovers","|-heal|p2a: Blissey|565/651|[from] item: Leftovers","|upkeep","|turn|10","||adding 10 for new turn","|","|t:|1752974962","|move|p1a: Milotic|Toxic|p2a: Blissey","|-status|p2a: Blissey|tox","|move|p2a: Blissey|Ice Beam|p1a: Milotic","|-resisted|p1a: Milotic","|-damage|p1a: Milotic|276/393","|","|-weather|Sandstorm|[upkeep]","|-damage|p1a: Milotic|252/393|[from] Sandstorm","|-damage|p2a: Blissey|525/651 tox|[from] Sandstorm","|-heal|p1a: Milotic|276/393|[from] item: Leftovers","|-heal|p2a: Blissey|565/651 tox|[from] item: Leftovers","|-damage|p2a: Blissey|525/651 tox|[from] psn","|upkeep","|turn|11","||adding 10 for new turn","|","|t:|1752974970","|-curestatus|p2a: Blissey|tox|[from] ability: Natural Cure","|switch|p2a: Starmie|Starmie|154/262","|move|p1a: Milotic|Recover|p1a: Milotic","|-heal|p1a: Milotic|393/393","|","|-weather|Sandstorm|[upkeep]","|-damage|p2a: Starmie|138/262|[from] Sandstorm","|-damage|p1a: Milotic|369/393|[from] Sandstorm","|-heal|p2a: Starmie|154/262|[from] item: Leftovers","|-heal|p1a: Milotic|393/393|[from] item: Leftovers","|upkeep","|turn|12","||adding 10 for new turn","|","|t:|1752974978","|move|p2a: Starmie|Thunderbolt|p1a: Milotic","|-supereffective|p1a: Milotic","|-crit|p1a: Milotic","|-damage|p1a: Milotic|64/393","|move|p1a: Milotic|Surf|p2a: Starmie","|-resisted|p2a: Starmie","|-damage|p2a: Starmie|95/262","|","|-weather|Sandstorm|[upkeep]","|-damage|p2a: Starmie|79/262|[from] Sandstorm","|-damage|p1a: Milotic|40/393|[from] Sandstorm","|-heal|p2a: Starmie|95/262|[from] item: Leftovers","|-heal|p1a: Milotic|64/393|[from] item: Leftovers","|upkeep","|turn|13","||adding 10 for new turn","|","|t:|1752974986","|move|p2a: Starmie|Thunderbolt|p1a: Milotic","|-supereffective|p1a: Milotic","|-damage|p1a: Milotic|0 fnt","|faint|p1a: Milotic","||adding 5 to each for mid turn request","|","|t:|1752974994","|switch|p1a: Dugtrio|Dugtrio, M|211/211","|-damage|p1a: Dugtrio|185/211|[from] Spikes","|","|-weather|Sandstorm|[upkeep]","|-damage|p2a: Starmie|79/262|[from] Sandstorm","|-heal|p2a: Starmie|95/262|[from] item: Leftovers","|upkeep","|turn|14","||adding 10 for new turn","|","|t:|1752975002","|move|p1a: Dugtrio|Earthquake|p2a: Starmie","|-damage|p2a: Starmie|0 fnt","|faint|p2a: Starmie","||adding 5 to each for mid turn request","|","|t:|1752975009","|switch|p2a: Gengar|Gengar, F|303/303","|","|-weather|Sandstorm|[upkeep]","|-damage|p2a: Gengar|285/303|[from] Sandstorm","|-heal|p2a: Gengar|303/303|[from] item: Leftovers","|upkeep","|turn|15","||adding 10 for new turn","|","|t:|1752975017","|switch|p1a: Blissey|Blissey, F|661/661","|-damage|p1a: Blissey|579/661|[from] Spikes","|move|p2a: Gengar|Will-O-Wisp|p1a: Blissey","|-status|p1a: Blissey|brn","|","|-weather|Sandstorm|[upkeep]","|-damage|p2a: Gengar|285/303|[from] Sandstorm","|-damage|p1a: Blissey|538/661 brn|[from] Sandstorm","|-heal|p2a: Gengar|303/303|[from] item: Leftovers","|-heal|p1a: Blissey|579/661 brn|[from] item: Leftovers","|-damage|p1a: Blissey|497/661 brn|[from] brn","|upkeep","|turn|16","||adding 10 for new turn","|","|t:|1752975025","|switch|p2a: Tyranitar|Tyranitar, F|403/403","|move|p1a: Blissey|Soft-Boiled|p1a: Blissey","|-heal|p1a: Blissey|661/661 brn","|","|-weather|Sandstorm|[upkeep]","|-damage|p1a: Blissey|620/661 brn|[from] Sandstorm","|-heal|p1a: Blissey|661/661 brn|[from] item: Leftovers","|-damage|p1a: Blissey|579/661 brn|[from] brn","|upkeep","|turn|17","||adding 10 for new turn","|","|t:|1752975033","|-singleturn|p2a: Tyranitar|move: Focus Punch","|-curestatus|p1a: Blissey|brn|[from] ability: Natural Cure","|switch|p1a: Claydol|Claydol|317/317","|move|p2a: Tyranitar|Focus Punch|p1a: Claydol","|-resisted|p1a: Claydol","|-damage|p1a: Claydol|219/317","|","|-weather|Sandstorm|[upkeep]","|-heal|p1a: Claydol|238/317|[from] item: Leftovers","|upkeep","|turn|18","||adding 10 for new turn","|","|t:|1752975041","|move|p1a: Claydol|Earthquake|p2a: Tyranitar","|-supereffective|p2a: Tyranitar","|-damage|p2a: Tyranitar|183/403","|move|p2a: Tyranitar|Hidden Power|p1a: Claydol","|-supereffective|p1a: Claydol","|-damage|p1a: Claydol|77/317","|","|-weather|Sandstorm|[upkeep]","|-heal|p1a: Claydol|96/317|[from] item: Leftovers","|-heal|p2a: Tyranitar|208/403|[from] item: Leftovers","|upkeep","|turn|19","||adding 10 for new turn","|","|t:|1752975049","|switch|p2a: Gengar|Gengar, F|303/303","|move|p1a: Claydol|Psychic|p2a: Gengar","|-supereffective|p2a: Gengar","|-damage|p2a: Gengar|133/303","|","|-weather|Sandstorm|[upkeep]","|-damage|p2a: Gengar|115/303|[from] Sandstorm","|-heal|p2a: Gengar|133/303|[from] item: Leftovers","|-heal|p1a: Claydol|115/317|[from] item: Leftovers","|upkeep","|turn|20","||adding 10 for new turn","|","|t:|1752975057","|move|p2a: Gengar|Ice Punch|p1a: Claydol","|-supereffective|p1a: Claydol","|-damage|p1a: Claydol|0 fnt","|faint|p1a: Claydol","||adding 5 to each for mid turn request","|","|t:|1752975065","|switch|p1a: Blissey|Blissey, F|579/661","|-damage|p1a: Blissey|497/661|[from] Spikes","|","|-weather|Sandstorm|[upkeep]","|-damage|p2a: Gengar|115/303|[from] Sandstorm","|-damage|p1a: Blissey|456/661|[from] Sandstorm","|-heal|p2a: Gengar|133/303|[from] item: Leftovers","|-heal|p1a: Blissey|497/661|[from] item: Leftovers","|upkeep","|turn|21","||adding 10 for new turn","|","|t:|1752975073","|move|p2a: Gengar|Will-O-Wisp|p1a: Blissey","|-status|p1a: Blissey|brn","|move|p1a: Blissey|Ice Beam|p2a: Gengar","|-damage|p2a: Gengar|56/303","|","|-weather|Sandstorm|[upkeep]","|-damage|p2a: Gengar|38/303|[from] Sandstorm","|-damage|p1a: Blissey|456/661 brn|[from] Sandstorm","|-heal|p2a: Gengar|56/303|[from] item: Leftovers","|-heal|p1a: Blissey|497/661 brn|[from] item: Leftovers","|-damage|p1a: Blissey|415/661 brn|[from] brn","|upkeep","|turn|22","||adding 10 for new turn","|","|t:|1752975081","|move|p2a: Gengar|Explosion|p1a: Blissey","|-damage|p1a: Blissey|0 fnt","|faint|p2a: Gengar","|faint|p1a: Blissey","||adding 5 to each for mid turn request","|","|t:|1752975089","|switch|p2a: Swampert|Swampert, F|351/401 tox","|switch|p1a: Skarmory|Skarmory, F|36/333","|","|-weather|Sandstorm|[upkeep]","|-heal|p1a: Skarmory|56/333|[from] item: Leftovers","|-heal|p2a: Swampert|376/401 tox|[from] item: Leftovers","|-damage|p2a: Swampert|351/401 tox|[from] psn","|upkeep","|turn|23","||adding 10 for new turn","|","|t:|1752975096","|switch|p1a: Tyranitar|Tyranitar, F|387/387","|-damage|p1a: Tyranitar|339/387|[from] Spikes","|move|p2a: Swampert|Ice Beam|p1a: Tyranitar","|-damage|p1a: Tyranitar|267/387","|","|-weather|Sandstorm|[upkeep]","|-heal|p1a: Tyranitar|291/387|[from] item: Leftovers","|-heal|p2a: Swampert|376/401 tox|[from] item: Leftovers","|-damage|p2a: Swampert|326/401 tox|[from] psn","|upkeep","|turn|24","||adding 10 for new turn","|","|t:|1752975104","|move|p1a: Tyranitar|Rock Slide|p2a: Swampert","|-resisted|p2a: Swampert","|-damage|p2a: Swampert|260/401 tox","|move|p2a: Swampert|Hydro Pump|p1a: Tyranitar","|-supereffective|p1a: Tyranitar","|-damage|p1a: Tyranitar|24/387","|","|-weather|Sandstorm|[upkeep]","|-heal|p1a: Tyranitar|48/387|[from] item: Leftovers","|-heal|p2a: Swampert|285/401 tox|[from] item: Leftovers","|-damage|p2a: Swampert|210/401 tox|[from] psn","|upkeep","|turn|25","||adding 10 for new turn","|","|t:|1752975112","|move|p1a: Tyranitar|Rock Slide|p2a: Swampert","|-resisted|p2a: Swampert","|-damage|p2a: Swampert|152/401 tox","|move|p2a: Swampert|Ice Beam|p1a: Tyranitar","|-damage|p1a: Tyranitar|0 fnt","|faint|p1a: Tyranitar","||adding 5 to each for mid turn request","|","|t:|1752975119","|switch|p1a: Dugtrio|Dugtrio, M|185/211","|-damage|p1a: Dugtrio|159/211|[from] Spikes","|","|-weather|Sandstorm|[upkeep]","|-heal|p2a: Swampert|177/401 tox|[from] item: Leftovers","|-damage|p2a: Swampert|77/401 tox|[from] psn","|upkeep","|turn|26","||adding 10 for new turn","|","|t:|1752975126","|move|p1a: Dugtrio|Earthquake|p2a: Swampert","|-damage|p2a: Swampert|0 fnt","|faint|p2a: Swampert","||adding 5 to each for mid turn request","|","|t:|1752975133","|switch|p2a: Blissey|Blissey, F, shiny|525/651","|","|-weather|Sandstorm|[upkeep]","|-damage|p2a: Blissey|485/651|[from] Sandstorm","|-heal|p2a: Blissey|525/651|[from] item: Leftovers","|upkeep","|turn|27","||adding 10 for new turn","|","|t:|1752975140","|move|p1a: Dugtrio|Earthquake|p2a: Blissey","|-damage|p2a: Blissey|134/651","|move|p2a: Blissey|Ice Beam|p1a: Dugtrio","|-supereffective|p1a: Dugtrio","|-damage|p1a: Dugtrio|0 fnt","|faint|p1a: Dugtrio","||adding 5 to each for mid turn request","|","|t:|1752975147","|switch|p1a: Skarmory|Skarmory, F|56/333","|","|-weather|Sandstorm|[upkeep]","|-damage|p2a: Blissey|94/651|[from] Sandstorm","|-heal|p1a: Skarmory|76/333|[from] item: Leftovers","|-heal|p2a: Blissey|134/651|[from] item: Leftovers","|upkeep","|turn|28","||adding 10 for new turn","|","|t:|1752975154","|move|p1a: Skarmory|Drill Peck|p2a: Blissey","|-damage|p2a: Blissey|0 fnt","|faint|p2a: Blissey","||adding 5 to each for mid turn request","|","|t:|1752975158","|switch|p2a: Tyranitar|Tyranitar, F|208/403","|","|-weather|Sandstorm|[upkeep]","|-heal|p1a: Skarmory|96/333|[from] item: Leftovers","|-heal|p2a: Tyranitar|233/403|[from] item: Leftovers","|upkeep","|turn|29","||adding 10 for new turn","|","|t:|1752975165","|move|p2a: Tyranitar|Rock Slide|p1a: Skarmory|[miss]","|-miss|p2a: Tyranitar|p1a: Skarmory","|move|p1a: Skarmory|Roar|p2a: Tyranitar","|drag|p2a: Skarmory|Skarmory, F|139/334","|","|-weather|Sandstorm|[upkeep]","|-heal|p1a: Skarmory|116/333|[from] item: Leftovers","|-heal|p2a: Skarmory|159/334|[from] item: Leftovers","|upkeep","|turn|30","||adding 10 for new turn","|","|t:|1752975172","|switch|p2a: Tyranitar|Tyranitar, F|233/403","|move|p1a: Skarmory|Roar|p2a: Tyranitar","|drag|p2a: Skarmory|Skarmory, F|159/334","|","|-weather|Sandstorm|[upkeep]","|-heal|p1a: Skarmory|136/333|[from] item: Leftovers","|-heal|p2a: Skarmory|179/334|[from] item: Leftovers","|upkeep","|turn|31","||adding 10 for new turn","|","|t:|1752975180","|switch|p2a: Tyranitar|Tyranitar, F|233/403","|move|p1a: Skarmory|Roar|p2a: Tyranitar","|drag|p2a: Skarmory|Skarmory, F|179/334","|","|-weather|Sandstorm|[upkeep]","|-heal|p1a: Skarmory|156/333|[from] item: Leftovers","|-heal|p2a: Skarmory|199/334|[from] item: Leftovers","|upkeep","|turn|32","||adding 10 for new turn","|","|t:|1752975188","|switch|p2a: Tyranitar|Tyranitar, F|233/403","|move|p1a: Skarmory|Roar|p2a: Tyranitar","|drag|p2a: Skarmory|Skarmory, F|199/334","|","|-weather|Sandstorm|[upkeep]","|-heal|p1a: Skarmory|176/333|[from] item: Leftovers","|-heal|p2a: Skarmory|219/334|[from] item: Leftovers","|upkeep","|turn|33","||adding 10 for new turn","|","|t:|1752975195","|switch|p2a: Tyranitar|Tyranitar, F|233/403","|move|p1a: Skarmory|Roar|p2a: Tyranitar","|drag|p2a: Skarmory|Skarmory, F|219/334","|","|-weather|Sandstorm|[upkeep]","|-heal|p1a: Skarmory|196/333|[from] item: Leftovers","|-heal|p2a: Skarmory|239/334|[from] item: Leftovers","|upkeep","|turn|34","||adding 10 for new turn","|","|t:|1752975203","|switch|p2a: Tyranitar|Tyranitar, F|233/403","|move|p1a: Skarmory|Roar|p2a: Tyranitar","|drag|p2a: Skarmory|Skarmory, F|239/334","|","|-weather|Sandstorm|[upkeep]","|-heal|p1a: Skarmory|216/333|[from] item: Leftovers","|-heal|p2a: Skarmory|259/334|[from] item: Leftovers","|upkeep","|turn|35","||adding 10 for new turn","|","|t:|1752975211","|switch|p2a: Tyranitar|Tyranitar, F|233/403","|move|p1a: Skarmory|Roar|p2a: Tyranitar","|drag|p2a: Skarmory|Skarmory, F|259/334","|","|-weather|Sandstorm|[upkeep]","|-heal|p1a: Skarmory|236/333|[from] item: Leftovers","|-heal|p2a: Skarmory|279/334|[from] item: Leftovers","|upkeep","|turn|36","||adding 10 for new turn","|","|t:|1752975218","|switch|p2a: Tyranitar|Tyranitar, F|233/403","|move|p1a: Skarmory|Roar|p2a: Tyranitar","|drag|p2a: Skarmory|Skarmory, F|279/334","|","|-weather|Sandstorm|[upkeep]","|-heal|p1a: Skarmory|256/333|[from] item: Leftovers","|-heal|p2a: Skarmory|299/334|[from] item: Leftovers","|upkeep","|turn|37","||adding 10 for new turn","|","|t:|1752975226","|switch|p2a: Tyranitar|Tyranitar, F|233/403","|move|p1a: Skarmory|Roar|p2a: Tyranitar","|drag|p2a: Skarmory|Skarmory, F|299/334","|","|-weather|Sandstorm|[upkeep]","|-heal|p1a: Skarmory|276/333|[from] item: Leftovers","|-heal|p2a: Skarmory|319/334|[from] item: Leftovers","|upkeep","|turn|38","||adding 10 for new turn","|","|t:|1752975234","|switch|p2a: Tyranitar|Tyranitar, F|233/403","|move|p1a: Skarmory|Roar|p2a: Tyranitar","|drag|p2a: Skarmory|Skarmory, F|319/334","|","|-weather|Sandstorm|[upkeep]","|-heal|p1a: Skarmory|296/333|[from] item: Leftovers","|-heal|p2a: Skarmory|334/334|[from] item: Leftovers","|upkeep","|turn|39","||adding 10 for new turn","|","|t:|1752975242","|move|p1a: Skarmory|Toxic|p2a: Skarmory","|-immune|p2a: Skarmory","|move|p2a: Skarmory|Toxic|p1a: Skarmory","|-immune|p1a: Skarmory","|","|-weather|Sandstorm|[upkeep]","|-heal|p1a: Skarmory|316/333|[from] item: Leftovers","|upkeep","|turn|40","||adding 10 for new turn","|","|t:|1752975249","|switch|p2a: Tyranitar|Tyranitar, F|233/403","|move|p1a: Skarmory|Toxic|p2a: Tyranitar","|-status|p2a: Tyranitar|tox","|","|-weather|Sandstorm|[upkeep]","|-heal|p1a: Skarmory|333/333|[from] item: Leftovers","|-heal|p2a: Tyranitar|258/403 tox|[from] item: Leftovers","|-damage|p2a: Tyranitar|233/403 tox|[from] psn","|upkeep","|turn|41","||adding 10 for new turn","|","|t:|1752975254","|move|p1a: Skarmory|Drill Peck|p2a: Tyranitar","|-resisted|p2a: Tyranitar","|-damage|p2a: Tyranitar|200/403 tox","|move|p2a: Tyranitar|Rock Slide|p1a: Skarmory","|-damage|p1a: Skarmory|225/333","|","|-weather|Sandstorm|[upkeep]","|-heal|p1a: Skarmory|245/333|[from] item: Leftovers","|-heal|p2a: Tyranitar|225/403 tox|[from] item: Leftovers","|-damage|p2a: Tyranitar|175/403 tox|[from] psn","|upkeep","|turn|42","||adding 10 for new turn","|","|t:|1752975258","|move|p1a: Skarmory|Drill Peck|p2a: Tyranitar","|-resisted|p2a: Tyranitar","|-damage|p2a: Tyranitar|137/403 tox","|move|p2a: Tyranitar|Rock Slide|p1a: Skarmory","|-damage|p1a: Skarmory|133/333","|","|-weather|Sandstorm|[upkeep]","|-heal|p1a: Skarmory|153/333|[from] item: Leftovers","|-heal|p2a: Tyranitar|162/403 tox|[from] item: Leftovers","|-damage|p2a: Tyranitar|87/403 tox|[from] psn","|upkeep","|turn|43","||adding 10 for new turn","|","|t:|1752975263","|move|p1a: Skarmory|Drill Peck|p2a: Tyranitar","|-resisted|p2a: Tyranitar","|-damage|p2a: Tyranitar|50/403 tox","|move|p2a: Tyranitar|Rock Slide|p1a: Skarmory","|-crit|p1a: Skarmory","|-damage|p1a: Skarmory|0 fnt","|faint|p1a: Skarmory","|","|win|foultestacceptor1",""],"p1rating":null,"p2rating":null,"endType":"normal","ladderError":true,"timestamp":"Sat Jul 19 2025 18:34:23 GMT-0700 (アメリカ太平洋夏時間)","roomid":"battle-gen3ou-1029","format":"gen3ou"}