{"winner":"foultestacceptor1","seed":"sodium,79c82ce5297fe68b1b97bc4e62f4b75b","turns":99,"p1":"foultestchallenge1","p2":"foultestacceptor1","p1team":[{"name":"Zapdos","species":"Zapdos","item":"Leftovers","ability":"Pressure","moves":["Thunderbolt","Hidden Power Grass","Baton Pass","Roar"],"nature":"Modest","evs":{"hp":0,"atk":0,"def":0,"spa":220,"spd":48,"spe":240},"gender":"N","ivs":{"hp":31,"atk":2,"def":31,"spa":30,"spd":31,"spe":31},"happiness":255,"hpType":"Grass","pokeball":"","gigantamax":false,"dynamaxLevel":10,"teraType":"","level":100},{"name":"Metagross","species":"Metagross","item":"Choice Band","ability":"Clear Body","moves":["Meteor Mash","Explosion","Earthquake","Rock Slide"],"nature":"Adamant","evs":{"hp":128,"atk":252,"def":0,"spa":0,"spd":0,"spe":128},"gender":"N","level":100,"ivs":{"hp":31,"atk":31,"def":31,"spa":31,"spd":31,"spe":31}},{"name":"Celebi","species":"Celebi","item":"Leftovers","ability":"Natural Cure","moves":["Calm Mind","Giga Drain","Hidden Power Ice","Baton Pass"],"nature":"Timid","evs":{"hp":208,"atk":0,"def":84,"spa":36,"spd":0,"spe":180},"gender":"N","ivs":{"hp":31,"atk":3,"def":31,"spa":31,"spd":31,"spe":30},"happiness":255,"hpType":"Ice","pokeball":"","gigantamax":false,"dynamaxLevel":10,"teraType":"","level":100},{"name":"Gengar","species":"Gengar","item":"Leftovers","ability":"Levitate","moves":["Thunderbolt","Ice Punch","Giga Drain","Explosion"],"nature":"Timid","evs":{"hp":8,"atk":0,"def":200,"spa":116,"spd":0,"spe":184},"gender":"M","level":100,"ivs":{"hp":31,"atk":31,"def":31,"spa":31,"spd":31,"spe":31}},{"name":"Swampert","species":"Swampert","item":"Leftovers","ability":"Torrent","moves":["Hydro Pump","Earthquake","Ice Beam","Refresh"],"nature":"Quiet","evs":{"hp":240,"atk":0,"def":12,"spa":216,"spd":0,"spe":40},"gender":"F","level":100,"ivs":{"hp":31,"atk":31,"def":31,"spa":31,"spd":31,"spe":31}},{"name":"Charizard","species":"Charizard","item":"Leftovers","ability":"Blaze","moves":["Substitute","Hidden Power Grass","Fire Blast","Focus Punch"],"nature":"Mild","evs":{"hp":0,"atk":4,"def":0,"spa":252,"spd":0,"spe":252},"gender":"M","ivs":{"hp":31,"atk":30,"def":31,"spa":30,"spd":31,"spe":31},"happiness":255,"hpType":"Grass","pokeball":"","gigantamax":false,"dynamaxLevel":10,"teraType":"","level":100}],"p2team":[{"name":"Dugtrio","species":"Dugtrio","item":"Choice Band","ability":"Arena Trap","moves":["Earthquake","Hidden Power Bug","Aerial Ace","Sunny Day"],"nature":"Adamant","evs":{"hp":96,"atk":168,"def":20,"spa":0,"spd":0,"spe":224},"gender":"F","ivs":{"hp":31,"atk":30,"def":30,"spa":31,"spd":30,"spe":31},"happiness":255,"hpType":"Bug","pokeball":"","gigantamax":false,"dynamaxLevel":10,"teraType":"","level":100},{"name":"Forretress","species":"Forretress","item":"Leftovers","ability":"Sturdy","moves":["Spikes","Zap Cannon","Explosion","Hidden Power Bug"],"nature":"Careful","evs":{"hp":252,"atk":0,"def":4,"spa":0,"spd":252,"spe":0},"gender":"F","ivs":{"hp":31,"atk":30,"def":30,"spa":31,"spd":30,"spe":31},"happiness":255,"hpType":"Bug","pokeball":"","gigantamax":false,"dynamaxLevel":10,"teraType":"","level":100},{"name":"Snorlax","species":"Snorlax","item":"Leftovers","ability":"Immunity","moves":["Return","Curse","Rest","Shadow Ball"],"nature":"Careful","evs":{"hp":144,"atk":96,"def":132,"spa":0,"spd":136,"spe":0},"gender":"F","level":100,"ivs":{"hp":31,"atk":31,"def":31,"spa":31,"spd":31,"spe":31}},{"name":"Suicune","species":"Suicune","item":"Leftovers","ability":"Pressure","moves":["Calm Mind","Rest","Ice Beam","Surf"],"nature":"Bold","evs":{"hp":240,"atk":0,"def":252,"spa":0,"spd":0,"spe":16},"gender":"N","ivs":{"hp":31,"atk":0,"def":31,"spa":31,"spd":31,"spe":31},"level":100},{"name":"Claydol","species":"Claydol","item":"Leftovers","ability":"Levitate","moves":["Earthquake","Psychic","Rapid Spin","Rest"],"nature":"Lonely","evs":{"hp":252,"atk":224,"def":0,"spa":24,"spd":0,"spe":8},"gender":"N","level":100,"ivs":{"hp":31,"atk":31,"def":31,"spa":31,"spd":31,"spe":31}},{"name":"Blissey","species":"Blissey","item":"Leftovers","ability":"Natural Cure","moves":["Soft-Boiled","Seismic Toss","Thunder Wave","Aromatherapy"],"nature":"Bold","evs":{"hp":252,"atk":0,"def":252,"spa":0,"spd":0,"spe":4},"gender":"F","ivs":{"hp":31,"atk":0,"def":31,"spa":31,"spd":31,"spe":31},"level":100}],"score":[0,3],"inputLog":[">version 372d05e49c92a79eecdf6c8dddb208bd1765c00f",">start {\"formatid\":\"gen3ou\",\"seed\":\"sodium,79c82ce5297fe68b1b97bc4e62f4b75b\"}",">player p1 {\"name\":\"foultestchallenge1\",\"avatar\":\"102\",\"team\":\"Zapdos||Leftovers|Pressure|Thunderbolt,HiddenPowerGrass,BatonPass,Roar|Modest|,,,220,48,240|N|,2,,30,,|||,Grass,,,,]Metagross||ChoiceBand|ClearBody|MeteorMash,Explosion,Earthquake,RockSlide|Adamant|128,252,,,,128|N||||]Celebi||Leftovers|NaturalCure|CalmMind,GigaDrain,HiddenPowerIce,BatonPass|Timid|208,,84,36,,180|N|,3,,,,30|||,Ice,,,,]Gengar||Leftovers|Levitate|Thunderbolt,IcePunch,GigaDrain,Explosion|Timid|8,,200,116,,184|M||||]Swampert||Leftovers|Torrent|HydroPump,Earthquake,IceBeam,Refresh|Quiet|240,,12,216,,40|F||||]Charizard||Leftovers|Blaze|Substitute,HiddenPowerGrass,FireBlast,FocusPunch|Mild|,4,,252,,252|M|,30,,30,,|||,Grass,,,,\",\"rating\":0}",">player p2 {\"name\":\"foultestacceptor1\",\"avatar\":\"102\",\"team\":\"Dugtrio||ChoiceBand|ArenaTrap|Earthquake,HiddenPowerBug,AerialAce,SunnyDay|Adamant|96,168,20,,,224|F|,30,30,,30,|||,Bug,,,,]Forretress||Leftovers|Sturdy|Spikes,ZapCannon,Explosion,HiddenPowerBug|Careful|252,,4,,252,|F|,30,30,,30,|||,Bug,,,,]Snorlax||Leftovers|Immunity|Return,Curse,Rest,ShadowBall|Careful|144,96,132,,136,|F||||]Suicune||Leftovers|Pressure|CalmMind,Rest,IceBeam,Surf|Bold|240,,252,,,16|N|,0,,,,|||]Claydol||Leftovers|Levitate|Earthquake,Psychic,RapidSpin,Rest|Lonely|252,224,,24,,8|N||||]Blissey||Leftovers|NaturalCure|SoftBoiled,SeismicToss,ThunderWave,Aromatherapy|Bold|252,,252,,,4|F|,0,,,,|||\",\"rating\":0}",">p1 move hiddenpower",">p2 switch 6",">p1 switch 2",">p2 move thunderwave",">p1 move meteormash",">p2 move seismictoss",">p1 move meteormash",">p2 move softboiled",">p1 move meteormash",">p2 move seismictoss",">p1 move meteormash",">p2 switch 4",">p1 move meteormash",">p2 move calmmind",">p1 switch 3",">p2 move surf",">p1 move calmmind",">p2 move icebeam",">p1 move gigadrain",">p2 move icebeam",">p1 move gigadrain",">p2 move icebeam",">p1 move gigadrain",">p2 move icebeam",">p1 move gigadrain",">p2 switch 3",">p1 move gigadrain",">p2 move return",">p1 move batonpass",">p2 move return",">p1 switch 5",">p1 move hydropump",">p2 move return",">p1 move hydropump",">p2 move return",">p1 switch 2",">p1 move thunderbolt",">p2 move rest",">p2 switch 2",">p1 move thunderbolt",">p2 move spikes",">p1 move thunderbolt",">p2 move spikes",">p1 move thunderbolt",">p2 switch 4",">p1 move thunderbolt",">p2 move seismictoss",">p1 move thunderbolt",">p2 move softboiled",">p1 move thunderbolt",">p2 move seismictoss",">p1 move thunderbolt",">p2 move seismictoss",">p1 move thunderbolt",">p2 move seismictoss",">p1 move thunderbolt",">p2 move softboiled",">p1 move thunderbolt",">p2 switch 5",">p1 move hiddenpower",">p2 move psychic",">p1 move hiddenpower",">p2 switch 4",">p1 move thunderbolt",">p2 switch 4",">p1 move hiddenpower",">p2 switch 4",">p1 move thunderbolt",">p2 switch 4",">p1 move hiddenpower",">p2 switch 4",">p1 move thunderbolt",">p2 switch 4",">p1 move hiddenpower",">p2 switch 4",">p1 move thunderbolt",">p2 switch 4",">p1 move hiddenpower",">p2 switch 4",">p1 move thunderbolt",">p2 switch 4",">p1 move hiddenpower",">p2 switch 4",">p1 move thunderbolt",">p2 switch 4",">p1 move hiddenpower",">p2 move rest",">p1 move hiddenpower",">p2 switch 4",">p1 move thunderbolt",">p2 switch 4",">p1 move hiddenpower",">p2 switch 4",">p1 move thunderbolt",">p2 switch 4",">p1 move hiddenpower",">p2 switch 4",">p1 move thunderbolt",">p2 switch 4",">p1 move hiddenpower",">p2 switch 4",">p1 move thunderbolt",">p2 switch 4",">p1 move hiddenpower",">p2 switch 4",">p1 move thunderbolt",">p2 switch 4",">p1 move hiddenpower",">p2 switch 4",">p1 move thunderbolt",">p2 switch 4",">p1 move hiddenpower",">p2 switch 4",">p1 move thunderbolt",">p2 move explosion",">p2 switch 5",">p1 move roar",">p2 move softboiled",">p1 move hiddenpower",">p2 switch 6",">p1 move roar",">p2 move thunderwave",">p1 move roar",">p2 move seismictoss",">p1 move roar",">p2 move seismictoss",">p1 move hiddenpower",">p2 switch 4",">p1 move roar",">p2 move seismictoss",">p1 move hiddenpower",">p2 switch 6",">p1 move hiddenpower",">p2 move aromatherapy",">p1 move hiddenpower",">p2 move seismictoss",">p1 switch 6",">p2 move seismictoss",">p1 move focuspunch",">p2 move seismictoss",">p1 move focuspunch",">p2 move seismictoss",">p1 switch 4",">p2 move seismictoss",">p1 move icepunch",">p2 move thunderwave",">p1 switch 4",">p2 switch 3",">p1 move hiddenpower",">p2 switch 3",">p1 switch 4",">p2 move seismictoss",">p1 move icepunch",">p2 move thunderwave",">p1 move thunderbolt",">p2 move seismictoss",">p1 move thunderbolt",">p2 move seismictoss",">p1 move thunderbolt",">p2 move seismictoss",">p1 move thunderbolt",">p2 move softboiled",">p1 move thunderbolt",">p2 move seismictoss",">p1 move thunderbolt",">p2 move seismictoss",">p1 move thunderbolt",">p2 move seismictoss",">p1 move thunderbolt",">p2 move softboiled",">p1 move thunderbolt",">p2 move seismictoss",">p1 move thunderbolt",">p2 move seismictoss",">p1 move gigadrain",">p2 move seismictoss",">p1 move gigadrain",">p2 move seismictoss",">p1 move gigadrain",">p2 move seismictoss",">p1 move gigadrain",">p2 move seismictoss",">p1 move gigadrain",">p2 move seismictoss",">p1 switch 4",">p2 move thunderwave",">p1 move hiddenpower",">p2 switch 3",">p2 switch 3",">p1 move focuspunch",">p2 switch 4",">p1 move fireblast",">p2 move psychic",">p1 switch 3",">p1 move explosion",">p2 move earthquake",">p1 switch 4",">p1 switch 5",">p2 move psychic",">p1 switch 5",">p1 move icepunch",">p2 move psychic",">p1 switch 6",">p2 move psychic",">p1 switch 6",">p1 move icepunch",">p2 move psychic"],"log":["|j|☆foultestchallenge1","|j|☆foultestacceptor1","|t:|1752922082","|gametype|singles","|player|p1|foultestchallenge1|102|","|player|p2|foultestacceptor1|102|","|teamsize|p1|6","|teamsize|p2|6","|gen|3","|tier|[Gen 3] OU","|rule|Sleep Clause Mod: Limit one foe put to sleep","|rule|Switch Priority Clause Mod: Faster Pokémon switch first","|rule|Species Clause: Limit one of each Pokémon","|rule|OHKO Clause: OHKO moves are banned","|rule|Evasion Items Clause: Evasion items are banned","|rule|Evasion Moves Clause: Evasion moves are banned","|rule|Endless Battle Clause: Forcing endless battles is banned","|rule|HP Percentage Mod: HP is shown in percentages","|rule|One Boost Passer Clause: Limit one Baton Passer that has a way to boost its stats","|rule|Freeze Clause Mod: Limit one foe frozen","|","|t:|1752922082","|start","|switch|p1a: Zapdos|Zapdos|321/321","|switch|p2a: Dugtrio|Dugtrio, F|235/235","|-ability|p1a: Zapdos|Pressure|[silent]","|turn|1","|inactive|Battle timer is ON: inactive players will automatically lose when time's up. (requested by foultestacceptor1)","|inactive|foultestchallenge1 also wants the timer to be on.","|","|t:|1752922083","|switch|p2a: Blissey|Blissey, F|714/714","|move|p1a: Zapdos|Hidden Power|p2a: Blissey","|-damage|p2a: Blissey|642/714","|","|-heal|p2a: Blissey|686/714|[from] item: Leftovers","|upkeep","|turn|2","||adding 10 for new turn","|","|t:|1752922084","|switch|p1a: Metagross|Metagross|333/333","|move|p2a: Blissey|Thunder Wave|p1a: Metagross","|-status|p1a: Metagross|par","|","|-heal|p2a: Blissey|714/714|[from] item: Leftovers","|upkeep","|turn|3","||adding 10 for new turn","|","|t:|1752922085","|move|p2a: Blissey|Seismic Toss|p1a: Metagross","|-damage|p1a: Metagross|233/333 par","|move|p1a: Metagross|Meteor Mash|p2a: Blissey","|-damage|p2a: Blissey|147/714","|","|-heal|p2a: Blissey|191/714|[from] item: Leftovers","|upkeep","|turn|4","||adding 10 for new turn","|","|t:|1752922086","|move|p2a: Blissey|Soft-Boiled|p2a: Blissey","|-heal|p2a: Blissey|548/714","|cant|p1a: Metagross|par","|","|-heal|p2a: Blissey|592/714|[from] item: Leftovers","|upkeep","|turn|5","||adding 10 for new turn","|","|t:|1752922087","|move|p2a: Blissey|Seismic Toss|p1a: Metagross","|-damage|p1a: Metagross|133/333 par","|move|p1a: Metagross|Meteor Mash|p2a: Blissey|[miss]","|-miss|p1a: Metagross|p2a: Blissey","|","|-heal|p2a: Blissey|636/714|[from] item: Leftovers","|upkeep","|turn|6","||adding 10 for new turn","|","|t:|1752922088","|switch|p2a: Suicune|Suicune|401/401","|-ability|p2a: Suicune|Pressure|[silent]","|move|p1a: Metagross|Meteor Mash|p2a: Suicune","|-resisted|p2a: Suicune","|-damage|p2a: Suicune|294/401","|","|-heal|p2a: Suicune|319/401|[from] item: Leftovers","|upkeep","|turn|7","||adding 10 for new turn","|","|t:|1752922090","|move|p2a: Suicune|Calm Mind|p2a: Suicune","|-boost|p2a: Suicune|spa|1","|-boost|p2a: Suicune|spd|1","|cant|p1a: Metagross|par","|","|-heal|p2a: Suicune|344/401|[from] item: Leftovers","|upkeep","|turn|8","||adding 10 for new turn","|","|t:|1752922090","|switch|p1a: Celebi|Celebi|393/393","|move|p2a: Suicune|Surf|p1a: Celebi","|-resisted|p1a: Celebi","|-damage|p1a: Celebi|315/393","|","|-heal|p1a: Celebi|339/393|[from] item: Leftovers","|-heal|p2a: Suicune|369/401|[from] item: Leftovers","|upkeep","|turn|9","||adding 10 for new turn","|","|t:|1752922092","|move|p1a: Celebi|Calm Mind|p1a: Celebi","|-boost|p1a: Celebi|spa|1","|-boost|p1a: Celebi|spd|1","|move|p2a: Suicune|Ice Beam|p1a: Celebi","|-supereffective|p1a: Celebi","|-damage|p1a: Celebi|198/393","|","|-heal|p1a: Celebi|222/393|[from] item: Leftovers","|-heal|p2a: Suicune|394/401|[from] item: Leftovers","|upkeep","|turn|10","||adding 10 for new turn","|","|t:|1752922093","|move|p1a: Celebi|Giga Drain|p2a: Suicune","|-supereffective|p2a: Suicune","|-damage|p2a: Suicune|261/401","|-heal|p1a: Celebi|288/393|[from] drain|[of] p2a: Suicune","|move|p2a: Suicune|Ice Beam|p1a: Celebi","|-supereffective|p1a: Celebi","|-damage|p1a: Celebi|150/393","|","|-heal|p1a: Celebi|174/393|[from] item: Leftovers","|-heal|p2a: Suicune|286/401|[from] item: Leftovers","|upkeep","|turn|11","||adding 10 for new turn","|","|t:|1752922094","|move|p1a: Celebi|Giga Drain|p2a: Suicune","|-supereffective|p2a: Suicune","|-damage|p2a: Suicune|145/401","|-heal|p1a: Celebi|244/393|[from] drain|[of] p2a: Suicune","|move|p2a: Suicune|Ice Beam|p1a: Celebi","|-supereffective|p1a: Celebi","|-damage|p1a: Celebi|99/393","|","|-heal|p1a: Celebi|123/393|[from] item: Leftovers","|-heal|p2a: Suicune|170/401|[from] item: Leftovers","|upkeep","|turn|12","||adding 10 for new turn","|","|t:|1752922095","|move|p1a: Celebi|Giga Drain|p2a: Suicune","|-supereffective|p2a: Suicune","|-damage|p2a: Suicune|34/401","|-heal|p1a: Celebi|191/393|[from] drain|[of] p2a: Suicune","|move|p2a: Suicune|Ice Beam|p1a: Celebi","|-supereffective|p1a: Celebi","|-damage|p1a: Celebi|47/393","|","|-heal|p1a: Celebi|71/393|[from] item: Leftovers","|-heal|p2a: Suicune|59/401|[from] item: Leftovers","|upkeep","|turn|13","||adding 10 for new turn","|","|t:|1752922096","|switch|p2a: Snorlax|Snorlax, F|497/497","|move|p1a: Celebi|Giga Drain|p2a: Snorlax","|-damage|p2a: Snorlax|422/497","|-heal|p1a: Celebi|108/393|[from] drain|[of] p2a: Snorlax","|","|-heal|p1a: Celebi|132/393|[from] item: Leftovers","|-heal|p2a: Snorlax|453/497|[from] item: Leftovers","|upkeep","|turn|14","||adding 10 for new turn","|","|t:|1752922097","|move|p1a: Celebi|Giga Drain|p2a: Snorlax","|-damage|p2a: Snorlax|374/497","|-heal|p1a: Celebi|171/393|[from] drain|[of] p2a: Snorlax","|move|p2a: Snorlax|Return|p1a: Celebi","|-damage|p1a: Celebi|41/393","|","|-heal|p1a: Celebi|65/393|[from] item: Leftovers","|-heal|p2a: Snorlax|405/497|[from] item: Leftovers","|upkeep","|turn|15","||adding 10 for new turn","|","|t:|1752922098","|move|p1a: Celebi|Baton Pass|p1a: Celebi","||adding 5 to each for mid turn request","|","|t:|1752922099","|switch|p1a: Swampert|Swampert, F|401/401|[from] Baton Pass","|move|p2a: Snorlax|Return|p1a: Swampert","|-damage|p1a: Swampert|250/401","|","|-heal|p1a: Swampert|275/401|[from] item: Leftovers","|-heal|p2a: Snorlax|436/497|[from] item: Leftovers","|upkeep","|turn|16","||adding 10 for new turn","|","|t:|1752922100","|move|p1a: Swampert|Hydro Pump|p2a: Snorlax","|-damage|p2a: Snorlax|262/497","|move|p2a: Snorlax|Return|p1a: Swampert","|-damage|p1a: Swampert|123/401","|","|-heal|p1a: Swampert|148/401|[from] item: Leftovers","|-heal|p2a: Snorlax|293/497|[from] item: Leftovers","|upkeep","|turn|17","||adding 10 for new turn","|","|t:|1752922101","|move|p1a: Swampert|Hydro Pump|p2a: Snorlax","|-damage|p2a: Snorlax|95/497","|move|p2a: Snorlax|Return|p1a: Swampert","|-damage|p1a: Swampert|0 fnt","|faint|p1a: Swampert","||adding 5 to each for mid turn request","|","|t:|1752922102","|switch|p1a: Zapdos|Zapdos|321/321","|-ability|p1a: Zapdos|Pressure|[silent]","|","|-heal|p2a: Snorlax|126/497|[from] item: Leftovers","|upkeep","|turn|18","||adding 10 for new turn","|","|t:|1752922103","|move|p1a: Zapdos|Thunderbolt|p2a: Snorlax","|-damage|p2a: Snorlax|0 fnt","|faint|p2a: Snorlax","||adding 5 to each for mid turn request","|","|t:|1752922104","|switch|p2a: Forretress|Forretress, F|354/354","|","|upkeep","|turn|19","||adding 10 for new turn","|","|t:|1752922105","|move|p1a: Zapdos|Thunderbolt|p2a: Forretress","|-damage|p2a: Forretress|173/354","|move|p2a: Forretress|Spikes|p1a: Zapdos","|-sidestart|p1: foultestchallenge1|Spikes","|","|-heal|p2a: Forretress|195/354|[from] item: Leftovers","|upkeep","|turn|20","||adding 10 for new turn","|","|t:|1752922106","|move|p1a: Zapdos|Thunderbolt|p2a: Forretress","|-damage|p2a: Forretress|18/354","|move|p2a: Forretress|Spikes|p1a: Zapdos","|-sidestart|p1: foultestchallenge1|Spikes","|","|-heal|p2a: Forretress|40/354|[from] item: Leftovers","|upkeep","|turn|21","||adding 10 for new turn","|","|t:|1752922107","|switch|p2a: Blissey|Blissey, F|636/714","|move|p1a: Zapdos|Thunderbolt|p2a: Blissey","|-damage|p2a: Blissey|503/714","|-status|p2a: Blissey|par","|","|-heal|p2a: Blissey|547/714 par|[from] item: Leftovers","|upkeep","|turn|22","||adding 10 for new turn","|","|t:|1752922108","|move|p1a: Zapdos|Thunderbolt|p2a: Blissey","|-crit|p2a: Blissey","|-damage|p2a: Blissey|283/714 par","|move|p2a: Blissey|Seismic Toss|p1a: Zapdos","|-damage|p1a: Zapdos|221/321","|","|-heal|p1a: Zapdos|241/321|[from] item: Leftovers","|-heal|p2a: Blissey|327/714 par|[from] item: Leftovers","|upkeep","|turn|23","||adding 10 for new turn","|","|t:|1752922109","|move|p1a: Zapdos|Thunderbolt|p2a: Blissey","|-damage|p2a: Blissey|188/714 par","|move|p2a: Blissey|Soft-Boiled|p2a: Blissey","|-heal|p2a: Blissey|545/714 par","|","|-heal|p1a: Zapdos|261/321|[from] item: Leftovers","|-heal|p2a: Blissey|589/714 par|[from] item: Leftovers","|upkeep","|turn|24","||adding 10 for new turn","|","|t:|1752922110","|move|p1a: Zapdos|Thunderbolt|p2a: Blissey","|-damage|p2a: Blissey|452/714 par","|move|p2a: Blissey|Seismic Toss|p1a: Zapdos","|-damage|p1a: Zapdos|161/321","|","|-heal|p1a: Zapdos|181/321|[from] item: Leftovers","|-heal|p2a: Blissey|496/714 par|[from] item: Leftovers","|upkeep","|turn|25","||adding 10 for new turn","|","|t:|1752922111","|move|p1a: Zapdos|Thunderbolt|p2a: Blissey","|-damage|p2a: Blissey|350/714 par","|move|p2a: Blissey|Seismic Toss|p1a: Zapdos","|-damage|p1a: Zapdos|81/321","|","|-heal|p1a: Zapdos|101/321|[from] item: Leftovers","|-heal|p2a: Blissey|394/714 par|[from] item: Leftovers","|upkeep","|turn|26","||adding 10 for new turn","|","|t:|1752922112","|move|p1a: Zapdos|Thunderbolt|p2a: Blissey","|-crit|p2a: Blissey","|-damage|p2a: Blissey|136/714 par","|cant|p2a: Blissey|par","|","|-heal|p1a: Zapdos|121/321|[from] item: Leftovers","|-heal|p2a: Blissey|180/714 par|[from] item: Leftovers","|upkeep","|turn|27","||adding 10 for new turn","|","|t:|1752922113","|move|p1a: Zapdos|Thunderbolt|p2a: Blissey","|-damage|p2a: Blissey|53/714 par","|cant|p2a: Blissey|par","|","|-heal|p1a: Zapdos|141/321|[from] item: Leftovers","|-heal|p2a: Blissey|97/714 par|[from] item: Leftovers","|upkeep","|turn|28","||adding 10 for new turn","|","|t:|1752922114","|-curestatus|p2a: Blissey|par|[from] ability: Natural Cure","|switch|p2a: Claydol|Claydol|324/324","|move|p1a: Zapdos|Thunderbolt|p2a: Claydol","|-immune|p2a: Claydol","|","|-heal|p1a: Zapdos|161/321|[from] item: Leftovers","|upkeep","|turn|29","||adding 10 for new turn","|","|t:|1752922115","|move|p1a: Zapdos|Hidden Power|p2a: Claydol","|-supereffective|p2a: Claydol","|-crit|p2a: Claydol","|-damage|p2a: Claydol|26/324","|move|p2a: Claydol|Psychic|p1a: Zapdos","|-damage|p1a: Zapdos|68/321","|","|-heal|p1a: Zapdos|88/321|[from] item: Leftovers","|-heal|p2a: Claydol|46/324|[from] item: Leftovers","|upkeep","|turn|30","||adding 10 for new turn","|","|t:|1752922116","|switch|p2a: Forretress|Forretress, F|40/354","|move|p1a: Zapdos|Hidden Power|p2a: Forretress","|-resisted|p2a: Forretress","|-damage|p2a: Forretress|20/354","|","|-heal|p1a: Zapdos|108/321|[from] item: Leftovers","|-heal|p2a: Forretress|42/354|[from] item: Leftovers","|upkeep","|turn|31","||adding 10 for new turn","|","|t:|1752922116","|switch|p2a: Claydol|Claydol|46/324","|move|p1a: Zapdos|Thunderbolt|p2a: Claydol","|-immune|p2a: Claydol","|","|-heal|p1a: Zapdos|128/321|[from] item: Leftovers","|-heal|p2a: Claydol|66/324|[from] item: Leftovers","|upkeep","|turn|32","||adding 10 for new turn","|","|t:|1752922117","|switch|p2a: Forretress|Forretress, F|42/354","|move|p1a: Zapdos|Hidden Power|p2a: Forretress","|-resisted|p2a: Forretress","|-damage|p2a: Forretress|20/354","|","|-heal|p1a: Zapdos|148/321|[from] item: Leftovers","|-heal|p2a: Forretress|42/354|[from] item: Leftovers","|upkeep","|turn|33","||adding 10 for new turn","|","|t:|1752922118","|switch|p2a: Claydol|Claydol|66/324","|move|p1a: Zapdos|Thunderbolt|p2a: Claydol","|-immune|p2a: Claydol","|","|-heal|p1a: Zapdos|168/321|[from] item: Leftovers","|-heal|p2a: Claydol|86/324|[from] item: Leftovers","|upkeep","|turn|34","||adding 10 for new turn","|","|t:|1752922119","|switch|p2a: Forretress|Forretress, F|42/354","|move|p1a: Zapdos|Hidden Power|p2a: Forretress","|-resisted|p2a: Forretress","|-damage|p2a: Forretress|20/354","|","|-heal|p1a: Zapdos|188/321|[from] item: Leftovers","|-heal|p2a: Forretress|42/354|[from] item: Leftovers","|upkeep","|turn|35","||adding 10 for new turn","|","|t:|1752922120","|switch|p2a: Claydol|Claydol|86/324","|move|p1a: Zapdos|Thunderbolt|p2a: Claydol","|-immune|p2a: Claydol","|","|-heal|p1a: Zapdos|208/321|[from] item: Leftovers","|-heal|p2a: Claydol|106/324|[from] item: Leftovers","|upkeep","|turn|36","||adding 10 for new turn","|","|t:|1752922121","|switch|p2a: Forretress|Forretress, F|42/354","|move|p1a: Zapdos|Hidden Power|p2a: Forretress","|-resisted|p2a: Forretress","|-damage|p2a: Forretress|19/354","|","|-heal|p1a: Zapdos|228/321|[from] item: Leftovers","|-heal|p2a: Forretress|41/354|[from] item: Leftovers","|upkeep","|turn|37","||adding 10 for new turn","|","|t:|1752922122","|switch|p2a: Claydol|Claydol|106/324","|move|p1a: Zapdos|Thunderbolt|p2a: Claydol","|-immune|p2a: Claydol","|","|-heal|p1a: Zapdos|248/321|[from] item: Leftovers","|-heal|p2a: Claydol|126/324|[from] item: Leftovers","|upkeep","|turn|38","||adding 10 for new turn","|","|t:|1752922123","|switch|p2a: Forretress|Forretress, F|41/354","|move|p1a: Zapdos|Hidden Power|p2a: Forretress","|-resisted|p2a: Forretress","|-damage|p2a: Forretress|19/354","|","|-heal|p1a: Zapdos|268/321|[from] item: Leftovers","|-heal|p2a: Forretress|41/354|[from] item: Leftovers","|upkeep","|turn|39","||adding 10 for new turn","|","|t:|1752922123","|switch|p2a: Claydol|Claydol|126/324","|move|p1a: Zapdos|Thunderbolt|p2a: Claydol","|-immune|p2a: Claydol","|","|-heal|p1a: Zapdos|288/321|[from] item: Leftovers","|-heal|p2a: Claydol|146/324|[from] item: Leftovers","|upkeep","|turn|40","||adding 10 for new turn","|","|t:|1752922124","|switch|p2a: Forretress|Forretress, F|41/354","|move|p1a: Zapdos|Hidden Power|p2a: Forretress","|-resisted|p2a: Forretress","|-damage|p2a: Forretress|21/354","|","|-heal|p1a: Zapdos|308/321|[from] item: Leftovers","|-heal|p2a: Forretress|43/354|[from] item: Leftovers","|upkeep","|turn|41","||adding 10 for new turn","|","|t:|1752922125","|switch|p2a: Claydol|Claydol|146/324","|move|p1a: Zapdos|Thunderbolt|p2a: Claydol","|-immune|p2a: Claydol","|","|-heal|p1a: Zapdos|321/321|[from] item: Leftovers","|-heal|p2a: Claydol|166/324|[from] item: Leftovers","|upkeep","|turn|42","||adding 10 for new turn","|","|t:|1752922126","|move|p1a: Zapdos|Hidden Power|p2a: Claydol","|-supereffective|p2a: Claydol","|-damage|p2a: Claydol|22/324","|move|p2a: Claydol|Rest|p2a: Claydol","|-status|p2a: Claydol|slp|[from] move: Rest","|-heal|p2a: Claydol|324/324 slp|[silent]","|","|upkeep","|turn|43","||adding 10 for new turn","|","|t:|1752922127","|switch|p2a: Forretress|Forretress, F|43/354","|move|p1a: Zapdos|Hidden Power|p2a: Forretress","|-resisted|p2a: Forretress","|-damage|p2a: Forretress|21/354","|","|-heal|p2a: Forretress|43/354|[from] item: Leftovers","|upkeep","|turn|44","||adding 10 for new turn","|","|t:|1752922128","|switch|p2a: Claydol|Claydol|324/324 slp","|move|p1a: Zapdos|Thunderbolt|p2a: Claydol","|-immune|p2a: Claydol","|","|upkeep","|turn|45","||adding 10 for new turn","|","|t:|1752922129","|switch|p2a: Forretress|Forretress, F|43/354","|move|p1a: Zapdos|Hidden Power|p2a: Forretress","|-resisted|p2a: Forretress","|-damage|p2a: Forretress|21/354","|","|-heal|p2a: Forretress|43/354|[from] item: Leftovers","|upkeep","|turn|46","||adding 10 for new turn","|","|t:|1752922130","|switch|p2a: Claydol|Claydol|324/324 slp","|move|p1a: Zapdos|Thunderbolt|p2a: Claydol","|-immune|p2a: Claydol","|","|upkeep","|turn|47","||adding 10 for new turn","|","|t:|1752922131","|switch|p2a: Forretress|Forretress, F|43/354","|move|p1a: Zapdos|Hidden Power|p2a: Forretress","|-resisted|p2a: Forretress","|-damage|p2a: Forretress|23/354","|","|-heal|p2a: Forretress|45/354|[from] item: Leftovers","|upkeep","|turn|48","||adding 10 for new turn","|","|t:|1752922132","|switch|p2a: Claydol|Claydol|324/324 slp","|move|p1a: Zapdos|Thunderbolt|p2a: Claydol","|-immune|p2a: Claydol","|","|upkeep","|turn|49","||adding 10 for new turn","|","|t:|1752922133","|switch|p2a: Forretress|Forretress, F|45/354","|move|p1a: Zapdos|Hidden Power|p2a: Forretress","|-resisted|p2a: Forretress","|-damage|p2a: Forretress|22/354","|","|-heal|p2a: Forretress|44/354|[from] item: Leftovers","|upkeep","|turn|50","||adding 10 for new turn","|","|t:|1752922133","|switch|p2a: Claydol|Claydol|324/324 slp","|move|p1a: Zapdos|Thunderbolt|p2a: Claydol","|-immune|p2a: Claydol","|","|upkeep","|turn|51","||adding 10 for new turn","|","|t:|1752922134","|switch|p2a: Forretress|Forretress, F|44/354","|move|p1a: Zapdos|Hidden Power|p2a: Forretress","|-resisted|p2a: Forretress","|-crit|p2a: Forretress","|-damage|p2a: Forretress|5/354","|","|-heal|p2a: Forretress|27/354|[from] item: Leftovers","|upkeep","|turn|52","||adding 10 for new turn","|","|t:|1752922135","|switch|p2a: Claydol|Claydol|324/324 slp","|move|p1a: Zapdos|Thunderbolt|p2a: Claydol","|-immune|p2a: Claydol","|","|upkeep","|turn|53","||adding 10 for new turn","|","|t:|1752922136","|switch|p2a: Forretress|Forretress, F|27/354","|move|p1a: Zapdos|Hidden Power|p2a: Forretress","|-resisted|p2a: Forretress","|-damage|p2a: Forretress|8/354","|","|-heal|p2a: Forretress|30/354|[from] item: Leftovers","|upkeep","|turn|54","||adding 10 for new turn","|","|t:|1752922137","|switch|p2a: Claydol|Claydol|324/324 slp","|move|p1a: Zapdos|Thunderbolt|p2a: Claydol","|-immune|p2a: Claydol","|","|upkeep","|turn|55","||adding 10 for new turn","|","|t:|1752922138","|switch|p2a: Forretress|Forretress, F|30/354","|move|p1a: Zapdos|Hidden Power|p2a: Forretress","|-resisted|p2a: Forretress","|-damage|p2a: Forretress|10/354","|","|-heal|p2a: Forretress|32/354|[from] item: Leftovers","|upkeep","|turn|56","||adding 10 for new turn","|","|t:|1752922139","|move|p1a: Zapdos|Thunderbolt|p2a: Forretress","|-damage|p2a: Forretress|0 fnt","|faint|p2a: Forretress","||adding 5 to each for mid turn request","|","|t:|1752922140","|switch|p2a: Blissey|Blissey, F|97/714","|","|-heal|p2a: Blissey|141/714|[from] item: Leftovers","|upkeep","|turn|57","||adding 10 for new turn","|","|t:|1752922141","|move|p2a: Blissey|Soft-Boiled|p2a: Blissey","|-heal|p2a: Blissey|498/714","|move|p1a: Zapdos|Roar|p2a: Blissey","|drag|p2a: Dugtrio|Dugtrio, F|235/235","|","|upkeep","|turn|58","||adding 10 for new turn","|","|t:|1752922142","|switch|p2a: Blissey|Blissey, F|498/714","|move|p1a: Zapdos|Hidden Power|p2a: Blissey","|-damage|p2a: Blissey|436/714","|","|-heal|p2a: Blissey|480/714|[from] item: Leftovers","|upkeep","|turn|59","||adding 10 for new turn","|","|t:|1752922142","|move|p2a: Blissey|Thunder Wave|p1a: Zapdos","|-status|p1a: Zapdos|par","|cant|p1a: Zapdos|par","|","|-heal|p2a: Blissey|524/714|[from] item: Leftovers","|upkeep","|turn|60","||adding 10 for new turn","|","|t:|1752922143","|move|p2a: Blissey|Seismic Toss|p1a: Zapdos","|-damage|p1a: Zapdos|221/321 par","|cant|p1a: Zapdos|par","|","|-heal|p2a: Blissey|568/714|[from] item: Leftovers","|-heal|p1a: Zapdos|241/321 par|[from] item: Leftovers","|upkeep","|turn|61","||adding 10 for new turn","|","|t:|1752922144","|move|p2a: Blissey|Seismic Toss|p1a: Zapdos","|-damage|p1a: Zapdos|141/321 par","|move|p1a: Zapdos|Roar|p2a: Blissey","|drag|p2a: Claydol|Claydol|324/324 slp","|","|-heal|p1a: Zapdos|161/321 par|[from] item: Leftovers","|upkeep","|turn|62","||adding 10 for new turn","|","|t:|1752922145","|switch|p2a: Blissey|Blissey, F|568/714","|move|p1a: Zapdos|Hidden Power|p2a: Blissey","|-damage|p2a: Blissey|504/714","|","|-heal|p2a: Blissey|548/714|[from] item: Leftovers","|-heal|p1a: Zapdos|181/321 par|[from] item: Leftovers","|upkeep","|turn|63","||adding 10 for new turn","|","|t:|1752922146","|move|p2a: Blissey|Seismic Toss|p1a: Zapdos","|-damage|p1a: Zapdos|81/321 par","|move|p1a: Zapdos|Roar|p2a: Blissey","|drag|p2a: Dugtrio|Dugtrio, F|235/235","|","|-heal|p1a: Zapdos|101/321 par|[from] item: Leftovers","|upkeep","|turn|64","||adding 10 for new turn","|","|t:|1752922147","|switch|p2a: Blissey|Blissey, F|548/714","|move|p1a: Zapdos|Hidden Power|p2a: Blissey","|-damage|p2a: Blissey|481/714","|","|-heal|p2a: Blissey|525/714|[from] item: Leftovers","|-heal|p1a: Zapdos|121/321 par|[from] item: Leftovers","|upkeep","|turn|65","||adding 10 for new turn","|","|t:|1752922147","|move|p2a: Blissey|Aromatherapy|p2a: Blissey","|-cureteam|p2a: Blissey|[from] move: Aromatherapy","|move|p1a: Zapdos|Hidden Power|p2a: Blissey","|-damage|p2a: Blissey|461/714","|","|-heal|p2a: Blissey|505/714|[from] item: Leftovers","|-heal|p1a: Zapdos|141/321 par|[from] item: Leftovers","|upkeep","|turn|66","||adding 10 for new turn","|","|t:|1752922148","|move|p2a: Blissey|Seismic Toss|p1a: Zapdos","|-damage|p1a: Zapdos|41/321 par","|cant|p1a: Zapdos|par","|","|-heal|p2a: Blissey|549/714|[from] item: Leftovers","|-heal|p1a: Zapdos|61/321 par|[from] item: Leftovers","|upkeep","|turn|67","||adding 10 for new turn","|","|t:|1752922149","|switch|p1a: Charizard|Charizard, M|297/297","|move|p2a: Blissey|Seismic Toss|p1a: Charizard","|-damage|p1a: Charizard|197/297","|","|-heal|p1a: Charizard|215/297|[from] item: Leftovers","|-heal|p2a: Blissey|593/714|[from] item: Leftovers","|upkeep","|turn|68","||adding 10 for new turn","|","|t:|1752922150","|-singleturn|p1a: Charizard|move: Focus Punch","|move|p2a: Blissey|Seismic Toss|p1a: Charizard","|-damage|p1a: Charizard|115/297","|move|p1a: Charizard|Focus Punch||[still]","|cant|p1a: Charizard|Focus Punch|Focus Punch","|","|-heal|p1a: Charizard|133/297|[from] item: Leftovers","|-heal|p2a: Blissey|637/714|[from] item: Leftovers","|upkeep","|turn|69","||adding 10 for new turn","|","|t:|1752922151","|-singleturn|p1a: Charizard|move: Focus Punch","|move|p2a: Blissey|Seismic Toss|p1a: Charizard","|-damage|p1a: Charizard|33/297","|move|p1a: Charizard|Focus Punch||[still]","|cant|p1a: Charizard|Focus Punch|Focus Punch","|","|-heal|p1a: Charizard|51/297|[from] item: Leftovers","|-heal|p2a: Blissey|681/714|[from] item: Leftovers","|upkeep","|turn|70","||adding 10 for new turn","|","|t:|1752922152","|switch|p1a: Gengar|Gengar, M|263/263","|move|p2a: Blissey|Seismic Toss|p1a: Gengar","|-immune|p1a: Gengar","|","|-heal|p2a: Blissey|714/714|[from] item: Leftovers","|upkeep","|turn|71","||adding 10 for new turn","|","|t:|1752922153","|move|p1a: Gengar|Ice Punch|p2a: Blissey","|-damage|p2a: Blissey|657/714","|-status|p2a: Blissey|frz","|cant|p2a: Blissey|frz","|","|-heal|p2a: Blissey|701/714 frz|[from] item: Leftovers","|upkeep","|turn|72","||adding 10 for new turn","|","|t:|1752922154","|switch|p1a: Charizard|Charizard, M|51/297","|-curestatus|p2a: Blissey|frz|[from] ability: Natural Cure","|switch|p2a: Suicune|Suicune|59/401","|-ability|p2a: Suicune|Pressure|[silent]","|","|-heal|p1a: Charizard|69/297|[from] item: Leftovers","|-heal|p2a: Suicune|84/401|[from] item: Leftovers","|upkeep","|turn|73","||adding 10 for new turn","|","|t:|1752922155","|switch|p2a: Blissey|Blissey, F|701/714","|move|p1a: Charizard|Hidden Power|p2a: Blissey","|-damage|p2a: Blissey|640/714","|","|-heal|p1a: Charizard|87/297|[from] item: Leftovers","|-heal|p2a: Blissey|684/714|[from] item: Leftovers","|upkeep","|turn|74","||adding 10 for new turn","|","|t:|1752922156","|switch|p1a: Gengar|Gengar, M|263/263","|move|p2a: Blissey|Seismic Toss|p1a: Gengar","|-immune|p1a: Gengar","|","|-heal|p2a: Blissey|714/714|[from] item: Leftovers","|upkeep","|turn|75","||adding 10 for new turn","|","|t:|1752922156","|move|p1a: Gengar|Ice Punch|p2a: Blissey","|-damage|p2a: Blissey|651/714","|move|p2a: Blissey|Thunder Wave|p1a: Gengar","|-status|p1a: Gengar|par","|","|-heal|p2a: Blissey|695/714|[from] item: Leftovers","|upkeep","|turn|76","||adding 10 for new turn","|","|t:|1752922157","|move|p2a: Blissey|Seismic Toss|p1a: Gengar","|-immune|p1a: Gengar","|move|p1a: Gengar|Thunderbolt|p2a: Blissey","|-damage|p2a: Blissey|615/714","|","|-heal|p2a: Blissey|659/714|[from] item: Leftovers","|upkeep","|turn|77","||adding 10 for new turn","|","|t:|1752922159","|move|p2a: Blissey|Seismic Toss|p1a: Gengar","|-immune|p1a: Gengar","|move|p1a: Gengar|Thunderbolt|p2a: Blissey","|-damage|p2a: Blissey|585/714","|","|-heal|p2a: Blissey|629/714|[from] item: Leftovers","|upkeep","|turn|78","||adding 10 for new turn","|","|t:|1752922160","|move|p2a: Blissey|Seismic Toss|p1a: Gengar","|-immune|p1a: Gengar","|move|p1a: Gengar|Thunderbolt|p2a: Blissey","|-damage|p2a: Blissey|543/714","|","|-heal|p2a: Blissey|587/714|[from] item: Leftovers","|upkeep","|turn|79","||adding 10 for new turn","|","|t:|1752922161","|move|p2a: Blissey|Soft-Boiled|p2a: Blissey","|-heal|p2a: Blissey|714/714","|move|p1a: Gengar|Thunderbolt|p2a: Blissey","|-damage|p2a: Blissey|640/714","|","|-heal|p2a: Blissey|684/714|[from] item: Leftovers","|upkeep","|turn|80","||adding 10 for new turn","|","|t:|1752922162","|move|p2a: Blissey|Seismic Toss|p1a: Gengar","|-immune|p1a: Gengar","|move|p1a: Gengar|Thunderbolt|p2a: Blissey","|-damage|p2a: Blissey|598/714","|","|-heal|p2a: Blissey|642/714|[from] item: Leftovers","|upkeep","|turn|81","||adding 10 for new turn","|","|t:|1752922163","|move|p2a: Blissey|Seismic Toss|p1a: Gengar","|-immune|p1a: Gengar","|move|p1a: Gengar|Thunderbolt|p2a: Blissey","|-damage|p2a: Blissey|569/714","|","|-heal|p2a: Blissey|613/714|[from] item: Leftovers","|upkeep","|turn|82","||adding 10 for new turn","|","|t:|1752922164","|move|p2a: Blissey|Seismic Toss|p1a: Gengar","|-immune|p1a: Gengar","|move|p1a: Gengar|Thunderbolt|p2a: Blissey","|-damage|p2a: Blissey|527/714","|","|-heal|p2a: Blissey|571/714|[from] item: Leftovers","|upkeep","|turn|83","||adding 10 for new turn","|","|t:|1752922165","|move|p2a: Blissey|Soft-Boiled|p2a: Blissey","|-heal|p2a: Blissey|714/714","|move|p1a: Gengar|Thunderbolt|p2a: Blissey","|-damage|p2a: Blissey|638/714","|","|-heal|p2a: Blissey|682/714|[from] item: Leftovers","|upkeep","|turn|84","||adding 10 for new turn","|","|t:|1752922166","|move|p2a: Blissey|Seismic Toss|p1a: Gengar","|-immune|p1a: Gengar","|cant|p1a: Gengar|par","|","|-heal|p2a: Blissey|714/714|[from] item: Leftovers","|upkeep","|turn|85","||adding 10 for new turn","|","|t:|1752922166","|move|p2a: Blissey|Seismic Toss|p1a: Gengar","|-immune|p1a: Gengar","|move|p1a: Gengar|Thunderbolt|p2a: Blissey","|-damage|p2a: Blissey|638/714","|-status|p2a: Blissey|par","|","|-heal|p2a: Blissey|682/714 par|[from] item: Leftovers","|upkeep","|turn|86","||adding 10 for new turn","|","|t:|1752922167","|cant|p1a: Gengar|par","|move|p2a: Blissey|Seismic Toss|p1a: Gengar","|-immune|p1a: Gengar","|","|-heal|p2a: Blissey|714/714 par|[from] item: Leftovers","|upkeep","|turn|87","||adding 10 for new turn","|","|t:|1752922168","|move|p1a: Gengar|Giga Drain|p2a: Blissey","|-damage|p2a: Blissey|661/714 par","|move|p2a: Blissey|Seismic Toss|p1a: Gengar","|-immune|p1a: Gengar","|","|-heal|p2a: Blissey|705/714 par|[from] item: Leftovers","|upkeep","|turn|88","||adding 10 for new turn","|","|t:|1752922169","|move|p1a: Gengar|Giga Drain|p2a: Blissey","|-damage|p2a: Blissey|650/714 par","|cant|p2a: Blissey|par","|","|-heal|p2a: Blissey|694/714 par|[from] item: Leftovers","|upkeep","|turn|89","||adding 10 for new turn","|","|t:|1752922170","|move|p1a: Gengar|Giga Drain|p2a: Blissey","|-crit|p2a: Blissey","|-damage|p2a: Blissey|584/714 par","|cant|p2a: Blissey|par","|","|-heal|p2a: Blissey|628/714 par|[from] item: Leftovers","|upkeep","|turn|90","||adding 10 for new turn","|","|t:|1752922171","|move|p1a: Gengar|Giga Drain|p2a: Blissey","|-damage|p2a: Blissey|581/714 par","|move|p2a: Blissey|Seismic Toss|p1a: Gengar","|-immune|p1a: Gengar","|","|-heal|p2a: Blissey|625/714 par|[from] item: Leftovers","|upkeep","|turn|91","||adding 10 for new turn","|","|t:|1752922172","|switch|p1a: Charizard|Charizard, M|87/297","|move|p2a: Blissey|Thunder Wave|p1a: Charizard","|-status|p1a: Charizard|par","|","|-heal|p1a: Charizard|105/297 par|[from] item: Leftovers","|-heal|p2a: Blissey|669/714 par|[from] item: Leftovers","|upkeep","|turn|92","||adding 10 for new turn","|","|t:|1752922172","|-curestatus|p2a: Blissey|par|[from] ability: Natural Cure","|switch|p2a: Suicune|Suicune|84/401","|-ability|p2a: Suicune|Pressure|[silent]","|move|p1a: Charizard|Hidden Power|p2a: Suicune","|-supereffective|p2a: Suicune","|-damage|p2a: Suicune|0 fnt","|faint|p2a: Suicune","||adding 5 to each for mid turn request","|","|t:|1752922173","|switch|p2a: Blissey|Blissey, F|669/714","|","|-heal|p2a: Blissey|713/714|[from] item: Leftovers","|-heal|p1a: Charizard|123/297 par|[from] item: Leftovers","|upkeep","|turn|93","||adding 10 for new turn","|","|t:|1752922174","|-singleturn|p1a: Charizard|move: Focus Punch","|switch|p2a: Claydol|Claydol|324/324","|move|p1a: Charizard|Focus Punch|p2a: Claydol","|-resisted|p2a: Claydol","|-damage|p2a: Claydol|273/324","|","|-heal|p2a: Claydol|293/324|[from] item: Leftovers","|-heal|p1a: Charizard|141/297 par|[from] item: Leftovers","|upkeep","|turn|94","||adding 10 for new turn","|","|t:|1752922175","|move|p2a: Claydol|Psychic|p1a: Charizard","|-crit|p1a: Charizard","|-damage|p1a: Charizard|0 fnt","|faint|p1a: Charizard","||adding 5 to each for mid turn request","|","|t:|1752922176","|switch|p1a: Metagross|Metagross|133/333 par","|-damage|p1a: Metagross|78/333 par|[from] Spikes","|","|-heal|p2a: Claydol|313/324|[from] item: Leftovers","|upkeep","|turn|95","||adding 10 for new turn","|","|t:|1752922177","|move|p2a: Claydol|Earthquake|p1a: Metagross","|-supereffective|p1a: Metagross","|-damage|p1a: Metagross|0 fnt","|faint|p1a: Metagross","||adding 5 to each for mid turn request","|","|t:|1752922177","|switch|p1a: Gengar|Gengar, M|263/263 par","|","|-heal|p2a: Claydol|324/324|[from] item: Leftovers","|upkeep","|turn|96","||adding 10 for new turn","|","|t:|1752922178","|switch|p1a: Celebi|Celebi|65/393","|-damage|p1a: Celebi|0 fnt|[from] Spikes","|faint|p1a: Celebi","||adding 5 to each for mid turn request","|","|t:|1752922179","|switch|p1a: Gengar|Gengar, M|263/263 par","|","|upkeep","|turn|97","||adding 10 for new turn","|","|t:|1752922179","|move|p2a: Claydol|Psychic|p1a: Gengar","|-supereffective|p1a: Gengar","|-damage|p1a: Gengar|46/263 par","|move|p1a: Gengar|Ice Punch|p2a: Claydol","|-supereffective|p2a: Claydol","|-damage|p2a: Claydol|174/324","|","|-heal|p2a: Claydol|194/324|[from] item: Leftovers","|-heal|p1a: Gengar|62/263 par|[from] item: Leftovers","|upkeep","|turn|98","||adding 10 for new turn","|","|t:|1752922180","|switch|p1a: Zapdos|Zapdos|61/321 par","|-ability|p1a: Zapdos|Pressure|[silent]","|move|p2a: Claydol|Psychic|p1a: Zapdos","|-damage|p1a: Zapdos|0 fnt","|faint|p1a: Zapdos","||adding 5 to each for mid turn request","|","|t:|1752922181","|switch|p1a: Gengar|Gengar, M|62/263 par","|","|-heal|p2a: Claydol|214/324|[from] item: Leftovers","|-heal|p1a: Gengar|78/263 par|[from] item: Leftovers","|upkeep","|turn|99","||adding 10 for new turn","|","|t:|1752922181","|move|p2a: Claydol|Psychic|p1a: Gengar","|-supereffective|p1a: Gengar","|-damage|p1a: Gengar|0 fnt","|faint|p1a: Gengar","|","|win|foultestacceptor1",""],"p1rating":null,"p2rating":null,"endType":"normal","ladderError":true,"timestamp":"Sat Jul 19 2025 03:49:41 GMT-0700 (アメリカ太平洋夏時間)","roomid":"battle-gen3ou-911","format":"gen3ou"}