{"winner":"foultestchallenge1","seed":"sodium,7bf3a3e8fc25c29defd0b0deea914337","turns":62,"p1":"foultestchallenge1","p2":"foultestacceptor1","p1team":[{"name":"Skarmory","species":"Skarmory","item":"Leftovers","ability":"Keen Eye","moves":["Spikes","Protect","Roar","Toxic"],"nature":"Careful","evs":{"hp":252,"atk":0,"def":8,"spa":0,"spd":248,"spe":0},"gender":"F","ivs":{"hp":31,"atk":0,"def":31,"spa":31,"spd":31,"spe":31},"level":100},{"name":"Blissey","species":"Blissey","item":"Leftovers","ability":"Natural Cure","moves":["Soft-Boiled","Ice Beam","Toxic","Fire Blast"],"nature":"Modest","evs":{"hp":0,"atk":0,"def":252,"spa":252,"spd":0,"spe":4},"gender":"F","ivs":{"hp":31,"atk":0,"def":31,"spa":31,"spd":31,"spe":31},"shiny":true,"level":100},{"name":"Tyranitar","species":"Tyranitar","item":"Leftovers","ability":"Sand Stream","moves":["Focus Punch","Rock Slide","Hidden Power Bug","Earthquake"],"nature":"Adamant","evs":{"hp":248,"atk":196,"def":12,"spa":0,"spd":52,"spe":0},"gender":"F","ivs":{"hp":31,"atk":30,"def":30,"spa":31,"spd":30,"spe":31},"happiness":255,"hpType":"Bug","pokeball":"","gigantamax":false,"dynamaxLevel":10,"teraType":"","level":100},{"name":"Swampert","species":"Swampert","item":"Leftovers","ability":"Torrent","moves":["Earthquake","Ice Beam","Hydro Pump","Protect"],"nature":"Relaxed","evs":{"hp":240,"atk":0,"def":136,"spa":40,"spd":48,"spe":44},"gender":"F","level":100,"ivs":{"hp":31,"atk":31,"def":31,"spa":31,"spd":31,"spe":31}},{"name":"Gengar","species":"Gengar","item":"Leftovers","ability":"Levitate","moves":["Will-O-Wisp","Thunderbolt","Ice Punch","Explosion"],"nature":"Timid","evs":{"hp":168,"atk":0,"def":0,"spa":0,"spd":164,"spe":176},"gender":"F","level":100,"ivs":{"hp":31,"atk":31,"def":31,"spa":31,"spd":31,"spe":31}},{"name":"Starmie","species":"Starmie","item":"Leftovers","ability":"Natural Cure","moves":["Hydro Pump","Ice Beam","Thunderbolt","Rapid Spin"],"nature":"Timid","evs":{"hp":4,"atk":0,"def":0,"spa":252,"spd":0,"spe":252},"gender":"N","ivs":{"hp":31,"atk":0,"def":31,"spa":31,"spd":31,"spe":31},"level":100}],"p2team":[{"name":"Dugtrio","species":"Dugtrio","item":"Choice Band","ability":"Arena Trap","moves":["Earthquake","Hidden Power Bug","Aerial Ace","Sunny Day"],"nature":"Adamant","evs":{"hp":96,"atk":168,"def":20,"spa":0,"spd":0,"spe":224},"gender":"M","ivs":{"hp":31,"atk":30,"def":30,"spa":31,"spd":30,"spe":31},"happiness":255,"hpType":"Bug","pokeball":"","gigantamax":false,"dynamaxLevel":10,"teraType":"","level":100},{"name":"Forretress","species":"Forretress","item":"Leftovers","ability":"Sturdy","moves":["Spikes","Zap Cannon","Explosion","Hidden Power Bug"],"nature":"Careful","evs":{"hp":252,"atk":0,"def":4,"spa":0,"spd":252,"spe":0},"gender":"F","ivs":{"hp":31,"atk":30,"def":30,"spa":31,"spd":30,"spe":31},"happiness":255,"hpType":"Bug","pokeball":"","gigantamax":false,"dynamaxLevel":10,"teraType":"","level":100},{"name":"Snorlax","species":"Snorlax","item":"Leftovers","ability":"Immunity","moves":["Return","Curse","Rest","Shadow Ball"],"nature":"Careful","evs":{"hp":144,"atk":96,"def":132,"spa":0,"spd":136,"spe":0},"gender":"F","level":100,"ivs":{"hp":31,"atk":31,"def":31,"spa":31,"spd":31,"spe":31}},{"name":"Suicune","species":"Suicune","item":"Leftovers","ability":"Pressure","moves":["Calm Mind","Rest","Ice Beam","Surf"],"nature":"Bold","evs":{"hp":240,"atk":0,"def":252,"spa":0,"spd":0,"spe":16},"gender":"N","ivs":{"hp":31,"atk":0,"def":31,"spa":31,"spd":31,"spe":31},"level":100},{"name":"Claydol","species":"Claydol","item":"Leftovers","ability":"Levitate","moves":["Earthquake","Psychic","Rapid Spin","Rest"],"nature":"Lonely","evs":{"hp":252,"atk":224,"def":0,"spa":24,"spd":0,"spe":8},"gender":"N","level":100,"ivs":{"hp":31,"atk":31,"def":31,"spa":31,"spd":31,"spe":31}},{"name":"Blissey","species":"Blissey","item":"Leftovers","ability":"Natural Cure","moves":["Soft-Boiled","Seismic Toss","Thunder Wave","Aromatherapy"],"nature":"Bold","evs":{"hp":252,"atk":0,"def":252,"spa":0,"spd":0,"spe":4},"gender":"F","ivs":{"hp":31,"atk":0,"def":31,"spa":31,"spd":31,"spe":31},"level":100}],"score":[2,0],"inputLog":[">version 372d05e49c92a79eecdf6c8dddb208bd1765c00f",">start {\"formatid\":\"gen3ou\",\"seed\":\"sodium,7bf3a3e8fc25c29defd0b0deea914337\"}",">player p1 {\"name\":\"foultestchallenge1\",\"avatar\":\"1\",\"team\":\"Skarmory||Leftovers|KeenEye|Spikes,Protect,Roar,Toxic|Careful|252,,8,,248,|F|,0,,,,|||]Blissey||Leftovers|NaturalCure|SoftBoiled,IceBeam,Toxic,FireBlast|Modest|,,252,252,,4|F|,0,,,,|S||]Tyranitar||Leftovers|SandStream|FocusPunch,RockSlide,HiddenPowerBug,Earthquake|Adamant|248,196,12,,52,|F|,30,30,,30,|||,Bug,,,,]Swampert||Leftovers|Torrent|Earthquake,IceBeam,HydroPump,Protect|Relaxed|240,,136,40,48,44|F||||]Gengar||Leftovers|Levitate|WillOWisp,Thunderbolt,IcePunch,Explosion|Timid|168,,,,164,176|F||||]Starmie||Leftovers|NaturalCure|HydroPump,IceBeam,Thunderbolt,RapidSpin|Timid|4,,,252,,252|N|,0,,,,|||\",\"rating\":0}",">player p2 {\"name\":\"foultestacceptor1\",\"avatar\":\"169\",\"team\":\"Dugtrio||ChoiceBand|ArenaTrap|Earthquake,HiddenPowerBug,AerialAce,SunnyDay|Adamant|96,168,20,,,224|M|,30,30,,30,|||,Bug,,,,]Forretress||Leftovers|Sturdy|Spikes,ZapCannon,Explosion,HiddenPowerBug|Careful|252,,4,,252,|F|,30,30,,30,|||,Bug,,,,]Snorlax||Leftovers|Immunity|Return,Curse,Rest,ShadowBall|Careful|144,96,132,,136,|F||||]Suicune||Leftovers|Pressure|CalmMind,Rest,IceBeam,Surf|Bold|240,,252,,,16|N|,0,,,,|||]Claydol||Leftovers|Levitate|Earthquake,Psychic,RapidSpin,Rest|Lonely|252,224,,24,,8|N||||]Blissey||Leftovers|NaturalCure|SoftBoiled,SeismicToss,ThunderWave,Aromatherapy|Bold|252,,252,,,4|F|,0,,,,|||\",\"rating\":0}",">p1 move spikes",">p2 switch 2",">p1 switch 5",">p2 move spikes",">p1 move willowisp",">p2 switch 4",">p1 move thunderbolt",">p2 move calmmind",">p1 move thunderbolt",">p2 move rest",">p1 switch 5",">p2 move surf",">p1 move roar",">p2 move icebeam",">p1 move spikes",">p2 switch 5",">p1 switch 5",">p2 move rapidspin",">p1 move icepunch",">p2 move psychic",">p1 move icepunch",">p2 move psychic",">p1 switch 6",">p1 move icebeam",">p2 switch 3",">p1 move thunderbolt",">p2 move calmmind",">p1 move rapidspin",">p2 move rest",">p1 switch 5",">p2 switch 3",">p1 move toxic",">p2 move rapidspin",">p1 move spikes",">p2 move rest",">p1 move roar",">p2 switch 6",">p1 move roar",">p2 switch 2",">p1 move roar",">p2 switch 2",">p1 move roar",">p2 switch 3",">p1 move roar",">p2 switch 3",">p1 move roar",">p2 switch 4",">p1 move roar",">p2 switch 2",">p1 move roar",">p2 move spikes",">p1 move spikes",">p2 switch 6",">p1 switch 3",">p2 move aromatherapy",">p1 move hiddenpower",">p2 move softboiled",">p2 switch 6",">p1 move hiddenpower",">p2 move earthquake",">p2 switch 2",">p1 move hiddenpower",">p2 move rapidspin",">p1 switch 3",">p2 move earthquake",">p1 move spikes",">p2 switch 4",">p1 move roar",">p2 move spikes",">p1 move toxic",">p2 move calmmind",">p1 move spikes",">p2 move surf",">p1 move protect",">p2 move surf",">p1 switch 5",">p2 move rest",">p1 move rapidspin",">p2 move calmmind",">p1 switch 2",">p2 move icebeam",">p1 move toxic",">p2 move calmmind",">p1 move softboiled",">p2 move surf",">p1 switch 3",">p2 switch 4",">p1 move hiddenpower",">p2 move earthquake",">p1 switch 2",">p1 move hydropump",">p2 switch 5",">p1 switch 4",">p2 move return",">p1 move protect",">p2 move rest",">p1 move hydropump",">p2 switch 5",">p2 switch 4",">p1 switch 5",">p2 move surf",">p1 switch 4",">p1 move thunderbolt",">p2 move rest",">p1 move thunderbolt",">p2 switch 5",">p1 move hydropump",">p2 move rest",">p1 move hydropump",">p2 move rest",">p1 move hydropump",">p2 move rest",">p2 switch 3",">p1 move hydropump",">p2 move explosion",">p1 switch 5",">p2 switch 5",">p1 move earthquake",">p2 move icebeam",">p1 move earthquake",">p2 move surf",">p1 move earthquake",">p2 move calmmind",">p1 move earthquake",">p2 move rest",">p1 move earthquake",">p2 move calmmind",">p1 move earthquake",">p2 move icebeam",">p1 move icebeam",">p2 move calmmind",">p1 move earthquake",">p2 move calmmind"],"log":["|j|☆foultestchallenge1","|j|☆foultestacceptor1","|t:|1752961169","|gametype|singles","|player|p1|foultestchallenge1|1|","|player|p2|foultestacceptor1|169|","|teamsize|p1|6","|teamsize|p2|6","|gen|3","|tier|[Gen 3] OU","|rule|Sleep Clause Mod: Limit one foe put to sleep","|rule|Switch Priority Clause Mod: Faster Pokémon switch first","|rule|Species Clause: Limit one of each Pokémon","|rule|OHKO Clause: OHKO moves are banned","|rule|Evasion Items Clause: Evasion items are banned","|rule|Evasion Moves Clause: Evasion moves are banned","|rule|Endless Battle Clause: Forcing endless battles is banned","|rule|HP Percentage Mod: HP is shown in percentages","|rule|One Boost Passer Clause: Limit one Baton Passer that has a way to boost its stats","|rule|Freeze Clause Mod: Limit one foe frozen","|","|t:|1752961169","|start","|switch|p1a: Skarmory|Skarmory, F|334/334","|switch|p2a: Dugtrio|Dugtrio, M|235/235","|turn|1","|inactive|Battle timer is ON: inactive players will automatically lose when time's up. (requested by foultestacceptor1)","|inactive|foultestchallenge1 also wants the timer to be on.","|","|t:|1752961177","|switch|p2a: Forretress|Forretress, F|354/354","|move|p1a: Skarmory|Spikes|p2a: Forretress","|-sidestart|p2: foultestacceptor1|Spikes","|","|upkeep","|turn|2","||adding 10 for new turn","|","|t:|1752961185","|switch|p1a: Gengar|Gengar, F|303/303","|move|p2a: Forretress|Spikes|p1a: Gengar","|-sidestart|p1: foultestchallenge1|Spikes","|","|upkeep","|turn|3","||adding 10 for new turn","|","|t:|1752961193","|switch|p2a: Suicune|Suicune|401/401","|-damage|p2a: Suicune|351/401|[from] Spikes","|-ability|p2a: Suicune|Pressure|[silent]","|move|p1a: Gengar|Will-O-Wisp|p2a: Suicune","|-status|p2a: Suicune|brn","|","|-heal|p2a: Suicune|376/401 brn|[from] item: Leftovers","|-damage|p2a: Suicune|326/401 brn|[from] brn","|upkeep","|turn|4","||adding 10 for new turn","|","|t:|1752961201","|move|p1a: Gengar|Thunderbolt|p2a: Suicune","|-supereffective|p2a: Suicune","|-damage|p2a: Suicune|166/401 brn","|move|p2a: Suicune|Calm Mind|p2a: Suicune","|-boost|p2a: Suicune|spa|1","|-boost|p2a: Suicune|spd|1","|","|-heal|p2a: Suicune|191/401 brn|[from] item: Leftovers","|-damage|p2a: Suicune|141/401 brn|[from] brn","|upkeep","|turn|5","||adding 10 for new turn","|","|t:|1752961209","|move|p1a: Gengar|Thunderbolt|p2a: Suicune","|-supereffective|p2a: Suicune","|-damage|p2a: Suicune|22/401 brn","|move|p2a: Suicune|Rest|p2a: Suicune","|-status|p2a: Suicune|slp|[from] move: Rest","|-heal|p2a: Suicune|401/401 slp|[silent]","|","|upkeep","|turn|6","||adding 10 for new turn","|","|t:|1752961217","|switch|p1a: Skarmory|Skarmory, F|334/334","|cant|p2a: Suicune|slp","|","|upkeep","|turn|7","||adding 10 for new turn","|","|t:|1752961225","|cant|p2a: Suicune|slp","|move|p1a: Skarmory|Roar|p2a: Suicune","|drag|p2a: Snorlax|Snorlax, F|497/497","|-damage|p2a: Snorlax|435/497|[from] Spikes","|","|-heal|p2a: Snorlax|466/497|[from] item: Leftovers","|upkeep","|turn|8","||adding 10 for new turn","|","|t:|1752961232","|switch|p2a: Claydol|Claydol|324/324","|move|p1a: Skarmory|Spikes|p2a: Claydol","|-sidestart|p2: foultestacceptor1|Spikes","|","|upkeep","|turn|9","||adding 10 for new turn","|","|t:|1752961240","|switch|p1a: Gengar|Gengar, F|303/303","|move|p2a: Claydol|Rapid Spin|p1a: Gengar","|-immune|p1a: Gengar","|","|upkeep","|turn|10","||adding 10 for new turn","|","|t:|1752961248","|move|p1a: Gengar|Ice Punch|p2a: Claydol","|-supereffective|p2a: Claydol","|-damage|p2a: Claydol|195/324","|move|p2a: Claydol|Psychic|p1a: Gengar","|-supereffective|p1a: Gengar","|-damage|p1a: Gengar|132/303","|-unboost|p1a: Gengar|spd|1","|","|-heal|p1a: Gengar|150/303|[from] item: Leftovers","|-heal|p2a: Claydol|215/324|[from] item: Leftovers","|upkeep","|turn|11","||adding 10 for new turn","|","|t:|1752961256","|move|p1a: Gengar|Ice Punch|p2a: Claydol","|-supereffective|p2a: Claydol","|-damage|p2a: Claydol|95/324","|move|p2a: Claydol|Psychic|p1a: Gengar","|-supereffective|p1a: Gengar","|-damage|p1a: Gengar|0 fnt","|faint|p1a: Gengar","||adding 5 to each for mid turn request","|","|t:|1752961264","|switch|p1a: Starmie|Starmie|262/262","|-damage|p1a: Starmie|230/262|[from] Spikes","|","|-heal|p1a: Starmie|246/262|[from] item: Leftovers","|-heal|p2a: Claydol|115/324|[from] item: Leftovers","|upkeep","|turn|12","||adding 10 for new turn","|","|t:|1752961271","|switch|p2a: Suicune|Suicune|401/401 slp","|-damage|p2a: Suicune|335/401 slp|[from] Spikes","|-ability|p2a: Suicune|Pressure|[silent]","|move|p1a: Starmie|Ice Beam|p2a: Suicune","|-resisted|p2a: Suicune","|-damage|p2a: Suicune|291/401 slp","|","|-heal|p1a: Starmie|262/262|[from] item: Leftovers","|-heal|p2a: Suicune|316/401 slp|[from] item: Leftovers","|upkeep","|turn|13","||adding 10 for new turn","|","|t:|1752961279","|move|p1a: Starmie|Thunderbolt|p2a: Suicune","|-supereffective|p2a: Suicune","|-damage|p2a: Suicune|134/401 slp","|-curestatus|p2a: Suicune|slp|[msg]","|move|p2a: Suicune|Calm Mind|p2a: Suicune","|-boost|p2a: Suicune|spa|1","|-boost|p2a: Suicune|spd|1","|","|-heal|p2a: Suicune|159/401|[from] item: Leftovers","|upkeep","|turn|14","||adding 10 for new turn","|","|t:|1752961287","|move|p1a: Starmie|Rapid Spin|p2a: Suicune","|-damage|p2a: Suicune|152/401","|-sideend|p1: foultestchallenge1|Spikes|[from] move: Rapid Spin|[of] p1a: Starmie","|move|p2a: Suicune|Rest|p2a: Suicune","|-status|p2a: Suicune|slp|[from] move: Rest","|-heal|p2a: Suicune|401/401 slp|[silent]","|","|upkeep","|turn|15","||adding 10 for new turn","|","|t:|1752961295","|switch|p1a: Skarmory|Skarmory, F|334/334","|switch|p2a: Claydol|Claydol|115/324","|","|-heal|p2a: Claydol|135/324|[from] item: Leftovers","|upkeep","|turn|16","||adding 10 for new turn","|","|t:|1752961303","|move|p2a: Claydol|Rapid Spin|p1a: Skarmory","|-resisted|p1a: Skarmory","|-damage|p1a: Skarmory|327/334","|-sideend|p2: foultestacceptor1|Spikes|[from] move: Rapid Spin|[of] p2a: Claydol","|move|p1a: Skarmory|Toxic|p2a: Claydol","|-status|p2a: Claydol|tox","|","|-heal|p2a: Claydol|155/324 tox|[from] item: Leftovers","|-damage|p2a: Claydol|135/324 tox|[from] psn","|-heal|p1a: Skarmory|334/334|[from] item: Leftovers","|upkeep","|turn|17","||adding 10 for new turn","|","|t:|1752961311","|move|p2a: Claydol|Rest|p2a: Claydol","|-status|p2a: Claydol|slp|[from] move: Rest","|-heal|p2a: Claydol|324/324 slp|[silent]","|move|p1a: Skarmory|Spikes|p2a: Claydol","|-sidestart|p2: foultestacceptor1|Spikes","|","|upkeep","|turn|18","||adding 10 for new turn","|","|t:|1752961315","|switch|p2a: Blissey|Blissey, F|714/714","|-damage|p2a: Blissey|625/714|[from] Spikes","|move|p1a: Skarmory|Roar|p2a: Blissey","|drag|p2a: Dugtrio|Dugtrio, M|235/235","|-damage|p2a: Dugtrio|206/235|[from] Spikes","|","|upkeep","|turn|19","||adding 10 for new turn","|","|t:|1752961323","|switch|p2a: Blissey|Blissey, F|625/714","|-damage|p2a: Blissey|536/714|[from] Spikes","|move|p1a: Skarmory|Roar|p2a: Blissey","|drag|p2a: Dugtrio|Dugtrio, M|206/235","|-damage|p2a: Dugtrio|177/235|[from] Spikes","|","|upkeep","|turn|20","||adding 10 for new turn","|","|t:|1752961331","|switch|p2a: Blissey|Blissey, F|536/714","|-damage|p2a: Blissey|447/714|[from] Spikes","|move|p1a: Skarmory|Roar|p2a: Blissey","|drag|p2a: Suicune|Suicune|401/401 slp","|-damage|p2a: Suicune|351/401 slp|[from] Spikes","|-ability|p2a: Suicune|Pressure|[silent]","|","|-heal|p2a: Suicune|376/401 slp|[from] item: Leftovers","|upkeep","|turn|21","||adding 10 for new turn","|","|t:|1752961339","|switch|p2a: Blissey|Blissey, F|447/714","|-damage|p2a: Blissey|358/714|[from] Spikes","|move|p1a: Skarmory|Roar|p2a: Blissey","|drag|p2a: Suicune|Suicune|376/401 slp","|-damage|p2a: Suicune|326/401 slp|[from] Spikes","|-ability|p2a: Suicune|Pressure|[silent]","|","|-heal|p2a: Suicune|351/401 slp|[from] item: Leftovers","|upkeep","|turn|22","||adding 10 for new turn","|","|t:|1752961347","|switch|p2a: Blissey|Blissey, F|358/714","|-damage|p2a: Blissey|269/714|[from] Spikes","|move|p1a: Skarmory|Roar|p2a: Blissey","|drag|p2a: Dugtrio|Dugtrio, M|177/235","|-damage|p2a: Dugtrio|148/235|[from] Spikes","|","|upkeep","|turn|23","||adding 10 for new turn","|","|t:|1752961355","|switch|p2a: Forretress|Forretress, F|354/354","|-damage|p2a: Forretress|310/354|[from] Spikes","|move|p1a: Skarmory|Roar|p2a: Forretress","|drag|p2a: Claydol|Claydol|324/324 slp","|","|upkeep","|turn|24","||adding 10 for new turn","|","|t:|1752961359","|switch|p2a: Blissey|Blissey, F|269/714","|-damage|p2a: Blissey|180/714|[from] Spikes","|move|p1a: Skarmory|Roar|p2a: Blissey","|drag|p2a: Forretress|Forretress, F|310/354","|-damage|p2a: Forretress|266/354|[from] Spikes","|","|-heal|p2a: Forretress|288/354|[from] item: Leftovers","|upkeep","|turn|25","||adding 10 for new turn","|","|t:|1752961366","|move|p2a: Forretress|Spikes|p1a: Skarmory","|-sidestart|p1: foultestchallenge1|Spikes","|move|p1a: Skarmory|Roar|p2a: Forretress","|drag|p2a: Dugtrio|Dugtrio, M|148/235","|-damage|p2a: Dugtrio|119/235|[from] Spikes","|","|upkeep","|turn|26","||adding 10 for new turn","|","|t:|1752961374","|switch|p2a: Blissey|Blissey, F|180/714","|-damage|p2a: Blissey|91/714|[from] Spikes","|move|p1a: Skarmory|Spikes|p2a: Blissey","|-sidestart|p2: foultestacceptor1|Spikes","|","|-heal|p2a: Blissey|135/714|[from] item: Leftovers","|upkeep","|turn|27","||adding 10 for new turn","|","|t:|1752961382","|switch|p1a: Tyranitar|Tyranitar, F|403/403","|-damage|p1a: Tyranitar|353/403|[from] Spikes","|-weather|Sandstorm|[from] ability: Sand Stream|[of] p1a: Tyranitar","|move|p2a: Blissey|Aromatherapy|p2a: Blissey","|-cureteam|p2a: Blissey|[from] move: Aromatherapy","|","|-weather|Sandstorm|[upkeep]","|-damage|p2a: Blissey|91/714|[from] Sandstorm","|-heal|p1a: Tyranitar|378/403|[from] item: Leftovers","|-heal|p2a: Blissey|135/714|[from] item: Leftovers","|upkeep","|turn|28","||adding 10 for new turn","|","|t:|1752961390","|move|p1a: Tyranitar|Hidden Power|p2a: Blissey","|-damage|p2a: Blissey|0 fnt","|faint|p2a: Blissey","||adding 5 to each for mid turn request","|","|t:|1752961397","|switch|p2a: Dugtrio|Dugtrio, M|119/235","|-damage|p2a: Dugtrio|80/235|[from] Spikes","|","|-weather|Sandstorm|[upkeep]","|-heal|p1a: Tyranitar|403/403|[from] item: Leftovers","|upkeep","|turn|29","||adding 10 for new turn","|","|t:|1752961404","|move|p2a: Dugtrio|Earthquake|p1a: Tyranitar","|-supereffective|p1a: Tyranitar","|-damage|p1a: Tyranitar|35/403","|move|p1a: Tyranitar|Hidden Power|p2a: Dugtrio","|-damage|p2a: Dugtrio|0 fnt","|faint|p2a: Dugtrio","||adding 5 to each for mid turn request","|","|t:|1752961412","|switch|p2a: Claydol|Claydol|324/324","|","|-weather|Sandstorm|[upkeep]","|-heal|p1a: Tyranitar|60/403|[from] item: Leftovers","|upkeep","|turn|30","||adding 10 for new turn","|","|t:|1752961420","|move|p2a: Claydol|Rapid Spin|p1a: Tyranitar","|-resisted|p1a: Tyranitar","|-damage|p1a: Tyranitar|53/403","|-sideend|p2: foultestacceptor1|Spikes|[from] move: Rapid Spin|[of] p2a: Claydol","|move|p1a: Tyranitar|Hidden Power|p2a: Claydol","|-supereffective|p2a: Claydol","|-damage|p2a: Claydol|135/324","|","|-weather|Sandstorm|[upkeep]","|-heal|p2a: Claydol|155/324|[from] item: Leftovers","|-heal|p1a: Tyranitar|78/403|[from] item: Leftovers","|upkeep","|turn|31","||adding 10 for new turn","|","|t:|1752961428","|switch|p1a: Skarmory|Skarmory, F|334/334","|move|p2a: Claydol|Earthquake|p1a: Skarmory","|-immune|p1a: Skarmory","|","|-weather|Sandstorm|[upkeep]","|-heal|p2a: Claydol|175/324|[from] item: Leftovers","|upkeep","|turn|32","||adding 10 for new turn","|","|t:|1752961432","|switch|p2a: Forretress|Forretress, F|288/354","|move|p1a: Skarmory|Spikes|p2a: Forretress","|-sidestart|p2: foultestacceptor1|Spikes","|","|-weather|Sandstorm|[upkeep]","|-heal|p2a: Forretress|310/354|[from] item: Leftovers","|upkeep","|turn|33","||adding 10 for new turn","|","|t:|1752961440","|move|p2a: Forretress|Spikes|p1a: Skarmory","|-sidestart|p1: foultestchallenge1|Spikes","|move|p1a: Skarmory|Roar|p2a: Forretress","|drag|p2a: Suicune|Suicune|351/401","|-damage|p2a: Suicune|301/401|[from] Spikes","|-ability|p2a: Suicune|Pressure|[silent]","|","|-weather|Sandstorm|[upkeep]","|-damage|p2a: Suicune|276/401|[from] Sandstorm","|-heal|p2a: Suicune|301/401|[from] item: Leftovers","|upkeep","|turn|34","||adding 10 for new turn","|","|t:|1752961447","|move|p2a: Suicune|Calm Mind|p2a: Suicune","|-boost|p2a: Suicune|spa|1","|-boost|p2a: Suicune|spd|1","|move|p1a: Skarmory|Toxic|p2a: Suicune","|-status|p2a: Suicune|tox","|","|-weather|Sandstorm|[upkeep]","|-damage|p2a: Suicune|276/401 tox|[from] Sandstorm","|-heal|p2a: Suicune|301/401 tox|[from] item: Leftovers","|-damage|p2a: Suicune|276/401 tox|[from] psn","|upkeep","|turn|35","||adding 10 for new turn","|","|t:|1752961455","|move|p2a: Suicune|Surf|p1a: Skarmory","|-crit|p1a: Skarmory","|-damage|p1a: Skarmory|31/334","|move|p1a: Skarmory|Spikes|p2a: Suicune","|-sidestart|p2: foultestacceptor1|Spikes","|","|-weather|Sandstorm|[upkeep]","|-damage|p2a: Suicune|251/401 tox|[from] Sandstorm","|-heal|p2a: Suicune|276/401 tox|[from] item: Leftovers","|-damage|p2a: Suicune|226/401 tox|[from] psn","|-heal|p1a: Skarmory|51/334|[from] item: Leftovers","|upkeep","|turn|36","||adding 10 for new turn","|","|t:|1752961459","|move|p1a: Skarmory|Protect|p1a: Skarmory","|-singleturn|p1a: Skarmory|Protect","|move|p2a: Suicune|Surf|p1a: Skarmory","|-activate|p1a: Skarmory|Protect","|","|-weather|Sandstorm|[upkeep]","|-damage|p2a: Suicune|201/401 tox|[from] Sandstorm","|-heal|p2a: Suicune|226/401 tox|[from] item: Leftovers","|-damage|p2a: Suicune|151/401 tox|[from] psn","|-heal|p1a: Skarmory|71/334|[from] item: Leftovers","|upkeep","|turn|37","||adding 10 for new turn","|","|t:|1752961463","|switch|p1a: Starmie|Starmie|262/262","|-damage|p1a: Starmie|219/262|[from] Spikes","|move|p2a: Suicune|Rest|p2a: Suicune","|-status|p2a: Suicune|slp|[from] move: Rest","|-heal|p2a: Suicune|401/401 slp|[silent]","|","|-weather|Sandstorm|[upkeep]","|-damage|p1a: Starmie|203/262|[from] Sandstorm","|-damage|p2a: Suicune|376/401 slp|[from] Sandstorm","|-heal|p1a: Starmie|219/262|[from] item: Leftovers","|-heal|p2a: Suicune|401/401 slp|[from] item: Leftovers","|upkeep","|turn|38","||adding 10 for new turn","|","|t:|1752961468","|move|p1a: Starmie|Rapid Spin|p2a: Suicune","|-damage|p2a: Suicune|394/401 slp","|-sideend|p1: foultestchallenge1|Spikes|[from] move: Rapid Spin|[of] p1a: Starmie","|cant|p2a: Suicune|slp","|","|-weather|Sandstorm|[upkeep]","|-damage|p1a: Starmie|203/262|[from] Sandstorm","|-damage|p2a: Suicune|369/401 slp|[from] Sandstorm","|-heal|p1a: Starmie|219/262|[from] item: Leftovers","|-heal|p2a: Suicune|394/401 slp|[from] item: Leftovers","|upkeep","|turn|39","||adding 10 for new turn","|","|t:|1752961472","|switch|p1a: Blissey|Blissey, F, shiny|651/651","|cant|p2a: Suicune|slp","|","|-weather|Sandstorm|[upkeep]","|-damage|p2a: Suicune|369/401 slp|[from] Sandstorm","|-damage|p1a: Blissey|611/651|[from] Sandstorm","|-heal|p2a: Suicune|394/401 slp|[from] item: Leftovers","|-heal|p1a: Blissey|651/651|[from] item: Leftovers","|upkeep","|turn|40","||adding 10 for new turn","|","|t:|1752961479","|-curestatus|p2a: Suicune|slp|[msg]","|move|p2a: Suicune|Calm Mind|p2a: Suicune","|-boost|p2a: Suicune|spa|1","|-boost|p2a: Suicune|spd|1","|move|p1a: Blissey|Toxic|p2a: Suicune","|-status|p2a: Suicune|tox","|","|-weather|Sandstorm|[upkeep]","|-damage|p2a: Suicune|369/401 tox|[from] Sandstorm","|-damage|p1a: Blissey|611/651|[from] Sandstorm","|-heal|p2a: Suicune|394/401 tox|[from] item: Leftovers","|-damage|p2a: Suicune|369/401 tox|[from] psn","|-heal|p1a: Blissey|651/651|[from] item: Leftovers","|upkeep","|turn|41","||adding 10 for new turn","|","|t:|1752961487","|move|p2a: Suicune|Surf|p1a: Blissey","|-damage|p1a: Blissey|487/651","|move|p1a: Blissey|Soft-Boiled|p1a: Blissey","|-heal|p1a: Blissey|651/651","|","|-weather|Sandstorm|[upkeep]","|-damage|p2a: Suicune|344/401 tox|[from] Sandstorm","|-damage|p1a: Blissey|611/651|[from] Sandstorm","|-heal|p2a: Suicune|369/401 tox|[from] item: Leftovers","|-damage|p2a: Suicune|319/401 tox|[from] psn","|-heal|p1a: Blissey|651/651|[from] item: Leftovers","|upkeep","|turn|42","||adding 10 for new turn","|","|t:|1752961495","|switch|p2a: Claydol|Claydol|175/324","|switch|p1a: Tyranitar|Tyranitar, F|78/403","|","|-weather|Sandstorm|[upkeep]","|-heal|p2a: Claydol|195/324|[from] item: Leftovers","|-heal|p1a: Tyranitar|103/403|[from] item: Leftovers","|upkeep","|turn|43","||adding 10 for new turn","|","|t:|1752961502","|move|p2a: Claydol|Earthquake|p1a: Tyranitar","|-supereffective|p1a: Tyranitar","|-damage|p1a: Tyranitar|0 fnt","|faint|p1a: Tyranitar","||adding 5 to each for mid turn request","|","|t:|1752961506","|switch|p1a: Starmie|Starmie|219/262","|","|-weather|Sandstorm|[upkeep]","|-damage|p1a: Starmie|203/262|[from] Sandstorm","|-heal|p1a: Starmie|219/262|[from] item: Leftovers","|-heal|p2a: Claydol|215/324|[from] item: Leftovers","|upkeep","|turn|44","||adding 10 for new turn","|","|t:|1752961511","|switch|p2a: Snorlax|Snorlax, F|466/497","|-damage|p2a: Snorlax|384/497|[from] Spikes","|move|p1a: Starmie|Hydro Pump|p2a: Snorlax","|-damage|p2a: Snorlax|242/497","|","|-weather|Sandstorm|[upkeep]","|-damage|p1a: Starmie|203/262|[from] Sandstorm","|-damage|p2a: Snorlax|211/497|[from] Sandstorm","|-heal|p1a: Starmie|219/262|[from] item: Leftovers","|-heal|p2a: Snorlax|242/497|[from] item: Leftovers","|upkeep","|turn|45","||adding 10 for new turn","|","|t:|1752961518","|switch|p1a: Swampert|Swampert, F|401/401","|move|p2a: Snorlax|Return|p1a: Swampert","|-damage|p1a: Swampert|272/401","|","|-weather|Sandstorm|[upkeep]","|-damage|p2a: Snorlax|211/497|[from] Sandstorm","|-heal|p1a: Swampert|297/401|[from] item: Leftovers","|-heal|p2a: Snorlax|242/497|[from] item: Leftovers","|upkeep","|turn|46","||adding 10 for new turn","|","|t:|1752961526","|move|p1a: Swampert|Protect|p1a: Swampert","|-singleturn|p1a: Swampert|Protect","|move|p2a: Snorlax|Rest|p2a: Snorlax","|-status|p2a: Snorlax|slp|[from] move: Rest","|-heal|p2a: Snorlax|497/497 slp|[silent]","|","|-weather|Sandstorm|[upkeep]","|-damage|p2a: Snorlax|466/497 slp|[from] Sandstorm","|-heal|p1a: Swampert|322/401|[from] item: Leftovers","|-heal|p2a: Snorlax|497/497 slp|[from] item: Leftovers","|upkeep","|turn|47","||adding 10 for new turn","|","|t:|1752961534","|switch|p2a: Claydol|Claydol|215/324","|move|p1a: Swampert|Hydro Pump|p2a: Claydol","|-supereffective|p2a: Claydol","|-damage|p2a: Claydol|0 fnt","|faint|p2a: Claydol","||adding 5 to each for mid turn request","|","|t:|1752961542","|switch|p2a: Suicune|Suicune|319/401 tox","|-damage|p2a: Suicune|253/401 tox|[from] Spikes","|-ability|p2a: Suicune|Pressure|[silent]","|","|-weather|Sandstorm|[upkeep]","|-damage|p2a: Suicune|228/401 tox|[from] Sandstorm","|-heal|p2a: Suicune|253/401 tox|[from] item: Leftovers","|-damage|p2a: Suicune|228/401 tox|[from] psn","|-heal|p1a: Swampert|347/401|[from] item: Leftovers","|upkeep","|turn|48","||adding 10 for new turn","|","|t:|1752961549","|switch|p1a: Skarmory|Skarmory, F|71/334","|move|p2a: Suicune|Surf|p1a: Skarmory","|-damage|p1a: Skarmory|0 fnt","|faint|p1a: Skarmory","||adding 5 to each for mid turn request","|","|t:|1752961553","|switch|p1a: Starmie|Starmie|219/262","|","|-weather|Sandstorm|[upkeep]","|-damage|p1a: Starmie|203/262|[from] Sandstorm","|-damage|p2a: Suicune|203/401 tox|[from] Sandstorm","|-heal|p1a: Starmie|219/262|[from] item: Leftovers","|-heal|p2a: Suicune|228/401 tox|[from] item: Leftovers","|-damage|p2a: Suicune|178/401 tox|[from] psn","|upkeep","|turn|49","||adding 10 for new turn","|","|t:|1752961557","|move|p1a: Starmie|Thunderbolt|p2a: Suicune","|-supereffective|p2a: Suicune","|-damage|p2a: Suicune|22/401 tox","|move|p2a: Suicune|Rest|p2a: Suicune","|-status|p2a: Suicune|slp|[from] move: Rest","|-heal|p2a: Suicune|401/401 slp|[silent]","|","|-weather|Sandstorm|[upkeep]","|-damage|p1a: Starmie|203/262|[from] Sandstorm","|-damage|p2a: Suicune|376/401 slp|[from] Sandstorm","|-heal|p1a: Starmie|219/262|[from] item: Leftovers","|-heal|p2a: Suicune|401/401 slp|[from] item: Leftovers","|upkeep","|turn|50","||adding 10 for new turn","|","|t:|1752961562","|switch|p2a: Snorlax|Snorlax, F|497/497 slp","|-damage|p2a: Snorlax|415/497 slp|[from] Spikes","|move|p1a: Starmie|Thunderbolt|p2a: Snorlax","|-damage|p2a: Snorlax|339/497 slp","|","|-weather|Sandstorm|[upkeep]","|-damage|p1a: Starmie|203/262|[from] Sandstorm","|-damage|p2a: Snorlax|308/497 slp|[from] Sandstorm","|-heal|p1a: Starmie|219/262|[from] item: Leftovers","|-heal|p2a: Snorlax|339/497 slp|[from] item: Leftovers","|upkeep","|turn|51","||adding 10 for new turn","|","|t:|1752961569","|move|p1a: Starmie|Hydro Pump|p2a: Snorlax","|-damage|p2a: Snorlax|216/497 slp","|cant|p2a: Snorlax|slp","|","|-weather|Sandstorm|[upkeep]","|-damage|p1a: Starmie|203/262|[from] Sandstorm","|-damage|p2a: Snorlax|185/497 slp|[from] Sandstorm","|-heal|p1a: Starmie|219/262|[from] item: Leftovers","|-heal|p2a: Snorlax|216/497 slp|[from] item: Leftovers","|upkeep","|turn|52","||adding 10 for new turn","|","|t:|1752961577","|move|p1a: Starmie|Hydro Pump|p2a: Snorlax","|-damage|p2a: Snorlax|75/497 slp","|cant|p2a: Snorlax|slp","|","|-weather|Sandstorm|[upkeep]","|-damage|p1a: Starmie|203/262|[from] Sandstorm","|-damage|p2a: Snorlax|44/497 slp|[from] Sandstorm","|-heal|p1a: Starmie|219/262|[from] item: Leftovers","|-heal|p2a: Snorlax|75/497 slp|[from] item: Leftovers","|upkeep","|turn|53","||adding 10 for new turn","|","|t:|1752961584","|move|p1a: Starmie|Hydro Pump|p2a: Snorlax","|-damage|p2a: Snorlax|0 fnt","|faint|p2a: Snorlax","||adding 5 to each for mid turn request","|","|t:|1752961588","|switch|p2a: Forretress|Forretress, F|310/354","|-damage|p2a: Forretress|251/354|[from] Spikes","|","|-weather|Sandstorm|[upkeep]","|-damage|p1a: Starmie|203/262|[from] Sandstorm","|-heal|p1a: Starmie|219/262|[from] item: Leftovers","|-heal|p2a: Forretress|273/354|[from] item: Leftovers","|upkeep","|turn|54","||adding 10 for new turn","|","|t:|1752961596","|move|p1a: Starmie|Hydro Pump|p2a: Forretress|[miss]","|-miss|p1a: Starmie|p2a: Forretress","|move|p2a: Forretress|Explosion|p1a: Starmie","|-damage|p1a: Starmie|0 fnt","|faint|p2a: Forretress","|faint|p1a: Starmie","||adding 5 to each for mid turn request","|","|t:|1752961603","|switch|p1a: Swampert|Swampert, F|347/401","|switch|p2a: Suicune|Suicune|401/401 slp","|-damage|p2a: Suicune|335/401 slp|[from] Spikes","|-ability|p2a: Suicune|Pressure|[silent]","|","|-weather|Sandstorm|[upkeep]","|-damage|p2a: Suicune|310/401 slp|[from] Sandstorm","|-heal|p2a: Suicune|335/401 slp|[from] item: Leftovers","|-heal|p1a: Swampert|372/401|[from] item: Leftovers","|upkeep","|turn|55","||adding 10 for new turn","|","|t:|1752961611","|cant|p2a: Suicune|slp","|move|p1a: Swampert|Earthquake|p2a: Suicune","|-damage|p2a: Suicune|246/401 slp","|","|-weather|Sandstorm|[upkeep]","|-damage|p2a: Suicune|221/401 slp|[from] Sandstorm","|-heal|p2a: Suicune|246/401 slp|[from] item: Leftovers","|-heal|p1a: Swampert|397/401|[from] item: Leftovers","|upkeep","|turn|56","||adding 10 for new turn","|","|t:|1752961615","|cant|p2a: Suicune|slp","|move|p1a: Swampert|Earthquake|p2a: Suicune","|-damage|p2a: Suicune|156/401 slp","|","|-weather|Sandstorm|[upkeep]","|-damage|p2a: Suicune|131/401 slp|[from] Sandstorm","|-heal|p2a: Suicune|156/401 slp|[from] item: Leftovers","|-heal|p1a: Swampert|401/401|[from] item: Leftovers","|upkeep","|turn|57","||adding 10 for new turn","|","|t:|1752961619","|-curestatus|p2a: Suicune|slp|[msg]","|move|p2a: Suicune|Calm Mind|p2a: Suicune","|-boost|p2a: Suicune|spa|1","|-boost|p2a: Suicune|spd|1","|move|p1a: Swampert|Earthquake|p2a: Suicune","|-damage|p2a: Suicune|67/401","|","|-weather|Sandstorm|[upkeep]","|-damage|p2a: Suicune|42/401|[from] Sandstorm","|-heal|p2a: Suicune|67/401|[from] item: Leftovers","|upkeep","|turn|58","||adding 10 for new turn","|","|t:|1752961624","|move|p2a: Suicune|Rest|p2a: Suicune","|-status|p2a: Suicune|slp|[from] move: Rest","|-heal|p2a: Suicune|401/401 slp|[silent]","|move|p1a: Swampert|Earthquake|p2a: Suicune","|-damage|p2a: Suicune|318/401 slp","|","|-weather|Sandstorm|[upkeep]","|-damage|p2a: Suicune|293/401 slp|[from] Sandstorm","|-heal|p2a: Suicune|318/401 slp|[from] item: Leftovers","|upkeep","|turn|59","||adding 10 for new turn","|","|t:|1752961628","|cant|p2a: Suicune|slp","|move|p1a: Swampert|Earthquake|p2a: Suicune","|-damage|p2a: Suicune|241/401 slp","|","|-weather|Sandstorm|[upkeep]","|-damage|p2a: Suicune|216/401 slp|[from] Sandstorm","|-heal|p2a: Suicune|241/401 slp|[from] item: Leftovers","|upkeep","|turn|60","||adding 10 for new turn","|","|t:|1752961632","|cant|p2a: Suicune|slp","|move|p1a: Swampert|Earthquake|p2a: Suicune","|-damage|p2a: Suicune|153/401 slp","|","|-weather|Sandstorm|[upkeep]","|-damage|p2a: Suicune|128/401 slp|[from] Sandstorm","|-heal|p2a: Suicune|153/401 slp|[from] item: Leftovers","|upkeep","|turn|61","||adding 10 for new turn","|","|t:|1752961637","|-curestatus|p2a: Suicune|slp|[msg]","|move|p2a: Suicune|Calm Mind|p2a: Suicune","|-boost|p2a: Suicune|spa|1","|-boost|p2a: Suicune|spd|1","|move|p1a: Swampert|Ice Beam|p2a: Suicune","|-resisted|p2a: Suicune","|-damage|p2a: Suicune|139/401","|","|-weather|Sandstorm|[upkeep]","|-damage|p2a: Suicune|114/401|[from] Sandstorm","|-heal|p2a: Suicune|139/401|[from] item: Leftovers","|upkeep","|turn|62","||adding 10 for new turn","|","|t:|1752961641","|move|p2a: Suicune|Calm Mind|p2a: Suicune","|-boost|p2a: Suicune|spa|1","|-boost|p2a: Suicune|spd|1","|move|p1a: Swampert|Earthquake|p2a: Suicune","|-crit|p2a: Suicune","|-damage|p2a: Suicune|0 fnt","|faint|p2a: Suicune","|","|win|foultestchallenge1",""],"p1rating":null,"p2rating":null,"endType":"normal","ladderError":true,"timestamp":"Sat Jul 19 2025 14:47:21 GMT-0700 (アメリカ太平洋夏時間)","roomid":"battle-gen3ou-993","format":"gen3ou"}