{"winner":"foultestacceptor1","seed":"sodium,7ab7ed15ccedbfbcd908b11808f168cd","turns":55,"p1":"foultestchallenge1","p2":"foultestacceptor1","p1team":[{"name":"Metagross","species":"Metagross","item":"Leftovers","ability":"Clear Body","moves":["Meteor Mash","Earthquake","Agility","Explosion"],"nature":"Adamant","evs":{"hp":152,"atk":252,"def":0,"spa":0,"spd":0,"spe":104},"gender":"N","level":100,"ivs":{"hp":31,"atk":31,"def":31,"spa":31,"spd":31,"spe":31}},{"name":"Milotic","species":"Milotic","item":"Leftovers","ability":"Marvel Scale","moves":["Hypnosis","Surf","Ice Beam","Recover"],"nature":"Bold","evs":{"hp":248,"atk":0,"def":212,"spa":0,"spd":0,"spe":48},"gender":"F","ivs":{"hp":31,"atk":0,"def":31,"spa":31,"spd":31,"spe":31},"level":100},{"name":"Celebi","species":"Celebi","item":"Leftovers","ability":"Natural Cure","moves":["Swords Dance","Hidden Power Rock","Baton Pass","Recover"],"nature":"Jolly","evs":{"hp":240,"atk":0,"def":44,"spa":0,"spd":4,"spe":220},"gender":"N","ivs":{"hp":31,"atk":31,"def":30,"spa":31,"spd":30,"spe":30},"happiness":255,"hpType":"Rock","pokeball":"","gigantamax":false,"dynamaxLevel":10,"teraType":"","level":100},{"name":"Magneton","species":"Magneton","item":"Leftovers","ability":"Magnet Pull","moves":["Thunderbolt","Hidden Power Fire","Thunder Wave","Toxic"],"nature":"Timid","evs":{"hp":144,"atk":0,"def":0,"spa":112,"spd":0,"spe":252},"gender":"N","ivs":{"hp":31,"atk":2,"def":31,"spa":30,"spd":31,"spe":30},"happiness":255,"hpType":"Fire","pokeball":"","gigantamax":false,"dynamaxLevel":10,"teraType":"","level":100},{"name":"Heracross","species":"Heracross","item":"Leftovers","ability":"Guts","moves":["Megahorn","Rock Slide","Hidden Power Ghost","Brick Break"],"nature":"Adamant","evs":{"hp":144,"atk":16,"def":0,"spa":0,"spd":184,"spe":164},"gender":"F","ivs":{"hp":31,"atk":31,"def":30,"spa":31,"spd":30,"spe":31},"happiness":255,"hpType":"Ghost","pokeball":"","gigantamax":false,"dynamaxLevel":10,"teraType":"","level":100},{"name":"Gyarados","species":"Gyarados","item":"Leftovers","ability":"Intimidate","moves":["Hidden Power Flying","Double-Edge","Earthquake","Dragon Dance"],"nature":"Jolly","evs":{"hp":0,"atk":252,"def":4,"spa":0,"spd":0,"spe":252},"gender":"M","ivs":{"hp":30,"atk":30,"def":30,"spa":30,"spd":30,"spe":31},"happiness":255,"hpType":"Flying","pokeball":"","gigantamax":false,"dynamaxLevel":10,"teraType":"","level":100}],"p2team":[{"name":"Zapdos","species":"Zapdos","item":"Leftovers","ability":"Pressure","moves":["Thunderbolt","Hidden Power Grass","Baton Pass","Roar"],"nature":"Modest","evs":{"hp":0,"atk":0,"def":0,"spa":220,"spd":48,"spe":240},"gender":"N","ivs":{"hp":31,"atk":2,"def":31,"spa":30,"spd":31,"spe":31},"happiness":255,"hpType":"Grass","pokeball":"","gigantamax":false,"dynamaxLevel":10,"teraType":"","level":100},{"name":"Metagross","species":"Metagross","item":"Choice Band","ability":"Clear Body","moves":["Meteor Mash","Explosion","Earthquake","Rock Slide"],"nature":"Adamant","evs":{"hp":128,"atk":252,"def":0,"spa":0,"spd":0,"spe":128},"gender":"N","level":100,"ivs":{"hp":31,"atk":31,"def":31,"spa":31,"spd":31,"spe":31}},{"name":"Celebi","species":"Celebi","item":"Leftovers","ability":"Natural Cure","moves":["Calm Mind","Giga Drain","Hidden Power Ice","Baton Pass"],"nature":"Timid","evs":{"hp":208,"atk":0,"def":84,"spa":36,"spd":0,"spe":180},"gender":"N","ivs":{"hp":31,"atk":3,"def":31,"spa":31,"spd":31,"spe":30},"happiness":255,"hpType":"Ice","pokeball":"","gigantamax":false,"dynamaxLevel":10,"teraType":"","level":100},{"name":"Gengar","species":"Gengar","item":"Leftovers","ability":"Levitate","moves":["Thunderbolt","Ice Punch","Giga Drain","Explosion"],"nature":"Timid","evs":{"hp":8,"atk":0,"def":200,"spa":116,"spd":0,"spe":184},"gender":"M","level":100,"ivs":{"hp":31,"atk":31,"def":31,"spa":31,"spd":31,"spe":31}},{"name":"Swampert","species":"Swampert","item":"Leftovers","ability":"Torrent","moves":["Hydro Pump","Earthquake","Ice Beam","Refresh"],"nature":"Quiet","evs":{"hp":240,"atk":0,"def":12,"spa":216,"spd":0,"spe":40},"gender":"F","level":100,"ivs":{"hp":31,"atk":31,"def":31,"spa":31,"spd":31,"spe":31}},{"name":"Charizard","species":"Charizard","item":"Leftovers","ability":"Blaze","moves":["Substitute","Hidden Power Grass","Fire Blast","Focus Punch"],"nature":"Mild","evs":{"hp":0,"atk":4,"def":0,"spa":252,"spd":0,"spe":252},"gender":"F","ivs":{"hp":31,"atk":30,"def":31,"spa":30,"spd":31,"spe":31},"happiness":255,"hpType":"Grass","pokeball":"","gigantamax":false,"dynamaxLevel":10,"teraType":"","level":100}],"score":[0,3],"inputLog":[">version 372d05e49c92a79eecdf6c8dddb208bd1765c00f",">start {\"formatid\":\"gen3ou\",\"seed\":\"sodium,7ab7ed15ccedbfbcd908b11808f168cd\"}",">player p1 {\"name\":\"foultestchallenge1\",\"avatar\":\"1\",\"team\":\"Metagross||Leftovers|ClearBody|MeteorMash,Earthquake,Agility,Explosion|Adamant|152,252,,,,104|N||||]Milotic||Leftovers|MarvelScale|Hypnosis,Surf,IceBeam,Recover|Bold|248,,212,,,48|F|,0,,,,|||]Celebi||Leftovers|NaturalCure|SwordsDance,HiddenPowerRock,BatonPass,Recover|Jolly|240,,44,,4,220|N|,,30,,30,30|||,Rock,,,,]Magneton||Leftovers|MagnetPull|Thunderbolt,HiddenPowerFire,ThunderWave,Toxic|Timid|144,,,112,,252|N|,2,,30,,30|||,Fire,,,,]Heracross||Leftovers|Guts|Megahorn,RockSlide,HiddenPowerGhost,BrickBreak|Adamant|144,16,,,184,164|F|,,30,,30,|||,Ghost,,,,]Gyarados||Leftovers|Intimidate|HiddenPowerFlying,DoubleEdge,Earthquake,DragonDance|Jolly|,252,4,,,252|M|30,30,30,30,30,|||,Flying,,,,\",\"rating\":0}",">player p2 {\"name\":\"foultestacceptor1\",\"avatar\":\"1\",\"team\":\"Zapdos||Leftovers|Pressure|Thunderbolt,HiddenPowerGrass,BatonPass,Roar|Modest|,,,220,48,240|N|,2,,30,,|||,Grass,,,,]Metagross||ChoiceBand|ClearBody|MeteorMash,Explosion,Earthquake,RockSlide|Adamant|128,252,,,,128|N||||]Celebi||Leftovers|NaturalCure|CalmMind,GigaDrain,HiddenPowerIce,BatonPass|Timid|208,,84,36,,180|N|,3,,,,30|||,Ice,,,,]Gengar||Leftovers|Levitate|Thunderbolt,IcePunch,GigaDrain,Explosion|Timid|8,,200,116,,184|M||||]Swampert||Leftovers|Torrent|HydroPump,Earthquake,IceBeam,Refresh|Quiet|240,,12,216,,40|F||||]Charizard||Leftovers|Blaze|Substitute,HiddenPowerGrass,FireBlast,FocusPunch|Mild|,4,,252,,252|F|,30,,30,,|||,Grass,,,,\",\"rating\":0}",">p1 move meteormash",">p2 move thunderbolt",">p1 switch 3",">p1 move swordsdance",">p2 switch 2",">p1 move batonpass",">p2 move meteormash",">p1 switch 6",">p1 move earthquake",">p2 switch 2",">p1 move doubleedge",">p2 move thunderbolt",">p1 switch 6",">p1 move swordsdance",">p2 move roar",">p1 switch 2",">p2 move thunderbolt",">p1 move swordsdance",">p2 move roar",">p1 switch 2",">p2 move thunderbolt",">p1 move recover",">p2 move thunderbolt",">p1 move swordsdance",">p2 move roar",">p1 move thunderbolt",">p2 move thunderbolt",">p1 move thunderbolt",">p2 move thunderbolt",">p1 switch 4",">p2 move thunderbolt",">p1 move hiddenpower",">p2 switch 2",">p1 switch 2",">p2 move meteormash",">p1 move surf",">p2 move meteormash",">p1 move recover",">p2 move meteormash",">p1 move surf",">p2 move meteormash",">p1 move surf",">p2 move meteormash",">p2 switch 6",">p1 move recover",">p2 move hiddenpower",">p1 move surf",">p2 move hiddenpower",">p1 switch 2",">p2 move fireblast",">p1 switch 2",">p2 move fireblast",">p1 move recover",">p2 move hiddenpower",">p1 move surf",">p2 move hiddenpower",">p2 switch 2",">p1 switch 2",">p2 move thunderbolt",">p1 move hiddenpower",">p2 move thunderbolt",">p2 switch 3",">p1 move swordsdance",">p2 move calmmind",">p1 move swordsdance",">p2 move calmmind",">p1 move hiddenpower",">p2 move hiddenpower",">p1 move recover",">p2 move hiddenpower",">p1 move recover",">p2 move hiddenpower",">p1 move recover",">p2 move hiddenpower",">p1 move recover",">p2 move hiddenpower",">p1 move recover",">p2 move hiddenpower",">p1 move batonpass",">p2 move hiddenpower",">p1 switch 4",">p1 move thunderwave",">p2 move hiddenpower",">p1 switch 4",">p1 move recover",">p2 move hiddenpower",">p1 move recover",">p2 move hiddenpower",">p1 move recover",">p2 move hiddenpower",">p1 move recover",">p2 move hiddenpower",">p1 move recover",">p2 move hiddenpower",">p1 move recover",">p2 move hiddenpower",">p1 move recover",">p2 move hiddenpower",">p1 move recover",">p2 move hiddenpower",">p1 move recover",">p2 move hiddenpower",">p1 move recover",">p2 move hiddenpower",">p1 move recover",">p2 move hiddenpower",">p1 move recover",">p2 move hiddenpower",">p1 move recover",">p2 move hiddenpower",">p1 switch 5",">p1 move megahorn",">p2 move batonpass",">p2 switch 4",">p1 move hiddenpower",">p2 move thunderbolt",">p1 move megahorn",">p2 move thunderbolt",">p1 switch 2",">p1 move hypnosis",">p2 move thunderbolt"],"log":["|j|☆foultestchallenge1","|j|☆foultestacceptor1","|t:|1752923272","|gametype|singles","|player|p1|foultestchallenge1|1|","|player|p2|foultestacceptor1|1|","|teamsize|p1|6","|teamsize|p2|6","|gen|3","|tier|[Gen 3] OU","|rule|Sleep Clause Mod: Limit one foe put to sleep","|rule|Switch Priority Clause Mod: Faster Pokémon switch first","|rule|Species Clause: Limit one of each Pokémon","|rule|OHKO Clause: OHKO moves are banned","|rule|Evasion Items Clause: Evasion items are banned","|rule|Evasion Moves Clause: Evasion moves are banned","|rule|Endless Battle Clause: Forcing endless battles is banned","|rule|HP Percentage Mod: HP is shown in percentages","|rule|One Boost Passer Clause: Limit one Baton Passer that has a way to boost its stats","|rule|Freeze Clause Mod: Limit one foe frozen","|","|t:|1752923272","|start","|switch|p1a: Metagross|Metagross|339/339","|switch|p2a: Zapdos|Zapdos|321/321","|-ability|p2a: Zapdos|Pressure|[silent]","|turn|1","|inactive|Battle timer is ON: inactive players will automatically lose when time's up. (requested by foultestchallenge1)","|inactive|foultestacceptor1 also wants the timer to be on.","|","|t:|1752923273","|move|p2a: Zapdos|Thunderbolt|p1a: Metagross","|-crit|p1a: Metagross","|-damage|p1a: Metagross|0 fnt","|faint|p1a: Metagross","||adding 5 to each for mid turn request","|","|t:|1752923274","|switch|p1a: Celebi|Celebi|401/401","|","|upkeep","|turn|2","||adding 10 for new turn","|","|t:|1752923275","|switch|p2a: Metagross|Metagross|333/333","|move|p1a: Celebi|Swords Dance|p1a: Celebi","|-boost|p1a: Celebi|atk|2","|","|upkeep","|turn|3","||adding 10 for new turn","|","|t:|1752923276","|move|p1a: Celebi|Baton Pass|p1a: Celebi","||adding 5 to each for mid turn request","|","|t:|1752923277","|switch|p1a: Gyarados|Gyarados, M|330/330|[from] Baton Pass","|-ability|p1a: Gyarados|Intimidate|boost","|-fail|p2a: Metagross|unboost|[from] ability: Clear Body|[of] p2a: Metagross","|move|p2a: Metagross|Meteor Mash|p1a: Gyarados","|-resisted|p1a: Gyarados","|-damage|p1a: Gyarados|154/330","|","|-heal|p1a: Gyarados|174/330|[from] item: Leftovers","|upkeep","|turn|4","||adding 10 for new turn","|","|t:|1752923278","|switch|p2a: Zapdos|Zapdos|321/321","|-ability|p2a: Zapdos|Pressure|[silent]","|move|p1a: Gyarados|Earthquake|p2a: Zapdos","|-immune|p2a: Zapdos","|","|-heal|p1a: Gyarados|194/330|[from] item: Leftovers","|upkeep","|turn|5","||adding 10 for new turn","|","|t:|1752923279","|move|p2a: Zapdos|Thunderbolt|p1a: Gyarados","|-supereffective|p1a: Gyarados","|-damage|p1a: Gyarados|0 fnt","|faint|p1a: Gyarados","||adding 5 to each for mid turn request","|","|t:|1752923280","|switch|p1a: Celebi|Celebi|401/401","|","|upkeep","|turn|6","||adding 10 for new turn","|","|t:|1752923281","|move|p1a: Celebi|Swords Dance|p1a: Celebi","|-boost|p1a: Celebi|atk|2","|move|p2a: Zapdos|Roar|p1a: Celebi","|drag|p1a: Milotic|Milotic, F|393/393","|","|upkeep","|turn|7","||adding 10 for new turn","|","|t:|1752923282","|switch|p1a: Celebi|Celebi|401/401","|move|p2a: Zapdos|Thunderbolt|p1a: Celebi","|-resisted|p1a: Celebi","|-damage|p1a: Celebi|318/401","|","|-heal|p1a: Celebi|343/401|[from] item: Leftovers","|upkeep","|turn|8","||adding 10 for new turn","|","|t:|1752923283","|move|p1a: Celebi|Swords Dance|p1a: Celebi","|-boost|p1a: Celebi|atk|2","|move|p2a: Zapdos|Roar|p1a: Celebi","|drag|p1a: Milotic|Milotic, F|393/393","|","|upkeep","|turn|9","||adding 10 for new turn","|","|t:|1752923284","|switch|p1a: Celebi|Celebi|343/401","|move|p2a: Zapdos|Thunderbolt|p1a: Celebi","|-resisted|p1a: Celebi","|-crit|p1a: Celebi","|-damage|p1a: Celebi|153/401","|","|-heal|p1a: Celebi|178/401|[from] item: Leftovers","|upkeep","|turn|10","||adding 10 for new turn","|","|t:|1752923285","|move|p1a: Celebi|Recover|p1a: Celebi","|-heal|p1a: Celebi|378/401","|move|p2a: Zapdos|Thunderbolt|p1a: Celebi","|-resisted|p1a: Celebi","|-damage|p1a: Celebi|286/401","|","|-heal|p1a: Celebi|311/401|[from] item: Leftovers","|upkeep","|turn|11","||adding 10 for new turn","|","|t:|1752923285","|move|p1a: Celebi|Swords Dance|p1a: Celebi","|-boost|p1a: Celebi|atk|2","|move|p2a: Zapdos|Roar|p1a: Celebi","|drag|p1a: Magneton|Magneton|277/277","|","|upkeep","|turn|12","||adding 10 for new turn","|","|t:|1752923286","|move|p2a: Zapdos|Thunderbolt|p1a: Magneton","|-resisted|p1a: Magneton","|-damage|p1a: Magneton|164/277","|move|p1a: Magneton|Thunderbolt|p2a: Zapdos","|-damage|p2a: Zapdos|177/321","|","|-heal|p2a: Zapdos|197/321|[from] item: Leftovers","|-heal|p1a: Magneton|181/277|[from] item: Leftovers","|upkeep","|turn|13","||adding 10 for new turn","|","|t:|1752923288","|move|p2a: Zapdos|Thunderbolt|p1a: Magneton","|-resisted|p1a: Magneton","|-damage|p1a: Magneton|60/277","|move|p1a: Magneton|Thunderbolt|p2a: Zapdos","|-damage|p2a: Zapdos|42/321","|","|-heal|p2a: Zapdos|62/321|[from] item: Leftovers","|-heal|p1a: Magneton|77/277|[from] item: Leftovers","|upkeep","|turn|14","||adding 10 for new turn","|","|t:|1752923289","|switch|p1a: Celebi|Celebi|311/401","|move|p2a: Zapdos|Thunderbolt|p1a: Celebi","|-resisted|p1a: Celebi","|-damage|p1a: Celebi|221/401","|","|-heal|p1a: Celebi|246/401|[from] item: Leftovers","|-heal|p2a: Zapdos|82/321|[from] item: Leftovers","|upkeep","|turn|15","||adding 10 for new turn","|","|t:|1752923290","|switch|p2a: Metagross|Metagross|333/333","|move|p1a: Celebi|Hidden Power|p2a: Metagross","|-resisted|p2a: Metagross","|-damage|p2a: Metagross|312/333","|","|-heal|p1a: Celebi|271/401|[from] item: Leftovers","|upkeep","|turn|16","||adding 10 for new turn","|","|t:|1752923290","|switch|p1a: Milotic|Milotic, F|393/393","|move|p2a: Metagross|Meteor Mash|p1a: Milotic","|-resisted|p1a: Milotic","|-damage|p1a: Milotic|267/393","|","|-heal|p1a: Milotic|291/393|[from] item: Leftovers","|upkeep","|turn|17","||adding 10 for new turn","|","|t:|1752923291","|move|p1a: Milotic|Surf|p2a: Metagross","|-damage|p2a: Metagross|185/333","|move|p2a: Metagross|Meteor Mash|p1a: Milotic","|-resisted|p1a: Milotic","|-damage|p1a: Milotic|167/393","|","|-heal|p1a: Milotic|191/393|[from] item: Leftovers","|upkeep","|turn|18","||adding 10 for new turn","|","|t:|1752923292","|move|p1a: Milotic|Recover|p1a: Milotic","|-heal|p1a: Milotic|387/393","|move|p2a: Metagross|Meteor Mash|p1a: Milotic","|-resisted|p1a: Milotic","|-damage|p1a: Milotic|248/393","|-boost|p2a: Metagross|atk|1","|","|-heal|p1a: Milotic|272/393|[from] item: Leftovers","|upkeep","|turn|19","||adding 10 for new turn","|","|t:|1752923293","|move|p1a: Milotic|Surf|p2a: Metagross","|-damage|p2a: Metagross|56/333","|move|p2a: Metagross|Meteor Mash|p1a: Milotic","|-resisted|p1a: Milotic","|-damage|p1a: Milotic|91/393","|-boost|p2a: Metagross|atk|1","|","|-heal|p1a: Milotic|115/393|[from] item: Leftovers","|upkeep","|turn|20","||adding 10 for new turn","|","|t:|1752923294","|move|p1a: Milotic|Surf|p2a: Metagross","|-damage|p2a: Metagross|0 fnt","|faint|p2a: Metagross","||adding 5 to each for mid turn request","|","|t:|1752923295","|switch|p2a: Charizard|Charizard, F|297/297","|","|-heal|p1a: Milotic|139/393|[from] item: Leftovers","|upkeep","|turn|21","||adding 10 for new turn","|","|t:|1752923296","|move|p2a: Charizard|Hidden Power|p1a: Milotic","|-supereffective|p1a: Milotic","|-damage|p1a: Milotic|11/393","|move|p1a: Milotic|Recover|p1a: Milotic","|-heal|p1a: Milotic|207/393","|","|-heal|p1a: Milotic|231/393|[from] item: Leftovers","|upkeep","|turn|22","||adding 10 for new turn","|","|t:|1752923297","|move|p2a: Charizard|Hidden Power|p1a: Milotic","|-supereffective|p1a: Milotic","|-damage|p1a: Milotic|91/393","|move|p1a: Milotic|Surf|p2a: Charizard","|-supereffective|p2a: Charizard","|-damage|p2a: Charizard|61/297","|","|-heal|p2a: Charizard|79/297|[from] item: Leftovers","|-heal|p1a: Milotic|115/393|[from] item: Leftovers","|upkeep","|turn|23","||adding 10 for new turn","|","|t:|1752923298","|switch|p1a: Celebi|Celebi|271/401","|move|p2a: Charizard|Fire Blast|p1a: Celebi|[miss]","|-miss|p2a: Charizard|p1a: Celebi","|","|-heal|p1a: Celebi|296/401|[from] item: Leftovers","|-heal|p2a: Charizard|97/297|[from] item: Leftovers","|upkeep","|turn|24","||adding 10 for new turn","|","|t:|1752923298","|switch|p1a: Milotic|Milotic, F|115/393","|move|p2a: Charizard|Fire Blast|p1a: Milotic|[miss]","|-miss|p2a: Charizard|p1a: Milotic","|","|-heal|p2a: Charizard|115/297|[from] item: Leftovers","|-heal|p1a: Milotic|139/393|[from] item: Leftovers","|upkeep","|turn|25","||adding 10 for new turn","|","|t:|1752923299","|move|p2a: Charizard|Hidden Power|p1a: Milotic","|-supereffective|p1a: Milotic","|-damage|p1a: Milotic|4/393","|move|p1a: Milotic|Recover|p1a: Milotic","|-heal|p1a: Milotic|200/393","|","|-heal|p2a: Charizard|133/297|[from] item: Leftovers","|-heal|p1a: Milotic|224/393|[from] item: Leftovers","|upkeep","|turn|26","||adding 10 for new turn","|","|t:|1752923300","|move|p2a: Charizard|Hidden Power|p1a: Milotic","|-supereffective|p1a: Milotic","|-damage|p1a: Milotic|96/393","|move|p1a: Milotic|Surf|p2a: Charizard","|-supereffective|p2a: Charizard","|-damage|p2a: Charizard|0 fnt","|faint|p2a: Charizard","||adding 5 to each for mid turn request","|","|t:|1752923301","|switch|p2a: Zapdos|Zapdos|82/321","|-ability|p2a: Zapdos|Pressure|[silent]","|","|-heal|p2a: Zapdos|102/321|[from] item: Leftovers","|-heal|p1a: Milotic|120/393|[from] item: Leftovers","|upkeep","|turn|27","||adding 10 for new turn","|","|t:|1752923302","|switch|p1a: Celebi|Celebi|296/401","|move|p2a: Zapdos|Thunderbolt|p1a: Celebi","|-resisted|p1a: Celebi","|-damage|p1a: Celebi|212/401","|","|-heal|p1a: Celebi|237/401|[from] item: Leftovers","|-heal|p2a: Zapdos|122/321|[from] item: Leftovers","|upkeep","|turn|28","||adding 10 for new turn","|","|t:|1752923303","|move|p1a: Celebi|Hidden Power|p2a: Zapdos","|-supereffective|p2a: Zapdos","|-damage|p2a: Zapdos|0 fnt","|faint|p2a: Zapdos","||adding 5 to each for mid turn request","|","|t:|1752923303","|switch|p2a: Celebi|Celebi|393/393","|","|-heal|p1a: Celebi|262/401|[from] item: Leftovers","|upkeep","|turn|29","||adding 10 for new turn","|","|t:|1752923304","|move|p1a: Celebi|Swords Dance|p1a: Celebi","|-boost|p1a: Celebi|atk|2","|move|p2a: Celebi|Calm Mind|p2a: Celebi","|-boost|p2a: Celebi|spa|1","|-boost|p2a: Celebi|spd|1","|","|-heal|p1a: Celebi|287/401|[from] item: Leftovers","|upkeep","|turn|30","||adding 10 for new turn","|","|t:|1752923305","|move|p1a: Celebi|Swords Dance|p1a: Celebi","|-boost|p1a: Celebi|atk|2","|move|p2a: Celebi|Calm Mind|p2a: Celebi","|-boost|p2a: Celebi|spa|1","|-boost|p2a: Celebi|spd|1","|","|-heal|p1a: Celebi|312/401|[from] item: Leftovers","|upkeep","|turn|31","||adding 10 for new turn","|","|t:|1752923306","|move|p1a: Celebi|Hidden Power|p2a: Celebi","|-damage|p2a: Celebi|234/393","|move|p2a: Celebi|Hidden Power|p1a: Celebi","|-supereffective|p1a: Celebi","|-damage|p1a: Celebi|97/401","|","|-heal|p1a: Celebi|122/401|[from] item: Leftovers","|-heal|p2a: Celebi|258/393|[from] item: Leftovers","|upkeep","|turn|32","||adding 10 for new turn","|","|t:|1752923307","|move|p1a: Celebi|Recover|p1a: Celebi","|-heal|p1a: Celebi|322/401","|move|p2a: Celebi|Hidden Power|p1a: Celebi","|-supereffective|p1a: Celebi","|-damage|p1a: Celebi|97/401","|","|-heal|p1a: Celebi|122/401|[from] item: Leftovers","|-heal|p2a: Celebi|282/393|[from] item: Leftovers","|upkeep","|turn|33","||adding 10 for new turn","|","|t:|1752923307","|move|p1a: Celebi|Recover|p1a: Celebi","|-heal|p1a: Celebi|322/401","|move|p2a: Celebi|Hidden Power|p1a: Celebi","|-supereffective|p1a: Celebi","|-damage|p1a: Celebi|79/401","|","|-heal|p1a: Celebi|104/401|[from] item: Leftovers","|-heal|p2a: Celebi|306/393|[from] item: Leftovers","|upkeep","|turn|34","||adding 10 for new turn","|","|t:|1752923308","|move|p1a: Celebi|Recover|p1a: Celebi","|-heal|p1a: Celebi|304/401","|move|p2a: Celebi|Hidden Power|p1a: Celebi","|-supereffective|p1a: Celebi","|-damage|p1a: Celebi|94/401","|","|-heal|p1a: Celebi|119/401|[from] item: Leftovers","|-heal|p2a: Celebi|330/393|[from] item: Leftovers","|upkeep","|turn|35","||adding 10 for new turn","|","|t:|1752923309","|move|p1a: Celebi|Recover|p1a: Celebi","|-heal|p1a: Celebi|319/401","|move|p2a: Celebi|Hidden Power|p1a: Celebi","|-supereffective|p1a: Celebi","|-damage|p1a: Celebi|76/401","|","|-heal|p1a: Celebi|101/401|[from] item: Leftovers","|-heal|p2a: Celebi|354/393|[from] item: Leftovers","|upkeep","|turn|36","||adding 10 for new turn","|","|t:|1752923310","|move|p1a: Celebi|Recover|p1a: Celebi","|-heal|p1a: Celebi|301/401","|move|p2a: Celebi|Hidden Power|p1a: Celebi","|-supereffective|p1a: Celebi","|-damage|p1a: Celebi|73/401","|","|-heal|p1a: Celebi|98/401|[from] item: Leftovers","|-heal|p2a: Celebi|378/393|[from] item: Leftovers","|upkeep","|turn|37","||adding 10 for new turn","|","|t:|1752923311","|move|p1a: Celebi|Baton Pass|p1a: Celebi","||adding 5 to each for mid turn request","|","|t:|1752923312","|switch|p1a: Magneton|Magneton|77/277|[from] Baton Pass","|move|p2a: Celebi|Hidden Power|p1a: Magneton","|-resisted|p1a: Magneton","|-damage|p1a: Magneton|2/277","|","|-heal|p2a: Celebi|393/393|[from] item: Leftovers","|-heal|p1a: Magneton|19/277|[from] item: Leftovers","|upkeep","|turn|38","||adding 10 for new turn","|","|t:|1752923312","|move|p2a: Celebi|Hidden Power|p1a: Magneton","|-resisted|p1a: Magneton","|-damage|p1a: Magneton|0 fnt","|faint|p1a: Magneton","||adding 5 to each for mid turn request","|","|t:|1752923313","|switch|p1a: Celebi|Celebi|98/401","|","|-heal|p1a: Celebi|123/401|[from] item: Leftovers","|upkeep","|turn|39","||adding 10 for new turn","|","|t:|1752923314","|move|p1a: Celebi|Recover|p1a: Celebi","|-heal|p1a: Celebi|323/401","|move|p2a: Celebi|Hidden Power|p1a: Celebi","|-supereffective|p1a: Celebi","|-damage|p1a: Celebi|78/401","|","|-heal|p1a: Celebi|103/401|[from] item: Leftovers","|upkeep","|turn|40","||adding 10 for new turn","|","|t:|1752923315","|move|p1a: Celebi|Recover|p1a: Celebi","|-heal|p1a: Celebi|303/401","|move|p2a: Celebi|Hidden Power|p1a: Celebi","|-supereffective|p1a: Celebi","|-damage|p1a: Celebi|85/401","|","|-heal|p1a: Celebi|110/401|[from] item: Leftovers","|upkeep","|turn|41","||adding 10 for new turn","|","|t:|1752923316","|move|p1a: Celebi|Recover|p1a: Celebi","|-heal|p1a: Celebi|310/401","|move|p2a: Celebi|Hidden Power|p1a: Celebi","|-supereffective|p1a: Celebi","|-damage|p1a: Celebi|75/401","|","|-heal|p1a: Celebi|100/401|[from] item: Leftovers","|upkeep","|turn|42","||adding 10 for new turn","|","|t:|1752923316","|move|p1a: Celebi|Recover|p1a: Celebi","|-heal|p1a: Celebi|300/401","|move|p2a: Celebi|Hidden Power|p1a: Celebi","|-supereffective|p1a: Celebi","|-damage|p1a: Celebi|70/401","|","|-heal|p1a: Celebi|95/401|[from] item: Leftovers","|upkeep","|turn|43","||adding 10 for new turn","|","|t:|1752923317","|move|p1a: Celebi|Recover|p1a: Celebi","|-heal|p1a: Celebi|295/401","|move|p2a: Celebi|Hidden Power|p1a: Celebi","|-supereffective|p1a: Celebi","|-damage|p1a: Celebi|82/401","|","|-heal|p1a: Celebi|107/401|[from] item: Leftovers","|upkeep","|turn|44","||adding 10 for new turn","|","|t:|1752923318","|move|p1a: Celebi|Recover|p1a: Celebi","|-heal|p1a: Celebi|307/401","|move|p2a: Celebi|Hidden Power|p1a: Celebi","|-supereffective|p1a: Celebi","|-damage|p1a: Celebi|69/401","|","|-heal|p1a: Celebi|94/401|[from] item: Leftovers","|upkeep","|turn|45","||adding 10 for new turn","|","|t:|1752923319","|move|p1a: Celebi|Recover|p1a: Celebi","|-heal|p1a: Celebi|294/401","|move|p2a: Celebi|Hidden Power|p1a: Celebi","|-supereffective|p1a: Celebi","|-damage|p1a: Celebi|74/401","|","|-heal|p1a: Celebi|99/401|[from] item: Leftovers","|upkeep","|turn|46","||adding 10 for new turn","|","|t:|1752923320","|move|p1a: Celebi|Recover|p1a: Celebi","|-heal|p1a: Celebi|299/401","|move|p2a: Celebi|Hidden Power|p1a: Celebi","|-supereffective|p1a: Celebi","|-damage|p1a: Celebi|86/401","|","|-heal|p1a: Celebi|111/401|[from] item: Leftovers","|upkeep","|turn|47","||adding 10 for new turn","|","|t:|1752923320","|move|p1a: Celebi|Recover|p1a: Celebi","|-heal|p1a: Celebi|311/401","|move|p2a: Celebi|Hidden Power|p1a: Celebi","|-supereffective|p1a: Celebi","|-damage|p1a: Celebi|101/401","|","|-heal|p1a: Celebi|126/401|[from] item: Leftovers","|upkeep","|turn|48","||adding 10 for new turn","|","|t:|1752923321","|move|p1a: Celebi|Recover|p1a: Celebi","|-heal|p1a: Celebi|326/401","|move|p2a: Celebi|Hidden Power|p1a: Celebi","|-supereffective|p1a: Celebi","|-damage|p1a: Celebi|101/401","|","|-heal|p1a: Celebi|126/401|[from] item: Leftovers","|upkeep","|turn|49","||adding 10 for new turn","|","|t:|1752923322","|move|p1a: Celebi|Recover|p1a: Celebi","|-heal|p1a: Celebi|326/401","|move|p2a: Celebi|Hidden Power|p1a: Celebi","|-supereffective|p1a: Celebi","|-damage|p1a: Celebi|108/401","|","|-heal|p1a: Celebi|133/401|[from] item: Leftovers","|upkeep","|turn|50","||adding 10 for new turn","|","|t:|1752923323","|move|p1a: Celebi|Recover|p1a: Celebi","|-heal|p1a: Celebi|333/401","|move|p2a: Celebi|Hidden Power|p1a: Celebi","|-supereffective|p1a: Celebi","|-damage|p1a: Celebi|123/401","|","|-heal|p1a: Celebi|148/401|[from] item: Leftovers","|upkeep","|turn|51","||adding 10 for new turn","|","|t:|1752923324","|move|p1a: Celebi|Recover|p1a: Celebi","|-heal|p1a: Celebi|348/401","|move|p2a: Celebi|Hidden Power|p1a: Celebi","|-supereffective|p1a: Celebi","|-crit|p1a: Celebi","|-damage|p1a: Celebi|0 fnt","|faint|p1a: Celebi","||adding 5 to each for mid turn request","|","|t:|1752923324","|switch|p1a: Heracross|Heracross, F|337/337","|","|upkeep","|turn|52","||adding 10 for new turn","|","|t:|1752923325","|move|p2a: Celebi|Baton Pass|p2a: Celebi","||adding 5 to each for mid turn request","|","|t:|1752923326","|switch|p2a: Gengar|Gengar, M|263/263|[from] Baton Pass","|move|p1a: Heracross|Megahorn|p2a: Gengar","|-resisted|p2a: Gengar","|-damage|p2a: Gengar|209/263","|","|-heal|p2a: Gengar|225/263|[from] item: Leftovers","|upkeep","|turn|53","||adding 10 for new turn","|","|t:|1752923327","|move|p2a: Gengar|Thunderbolt|p1a: Heracross","|-damage|p1a: Heracross|148/337","|move|p1a: Heracross|Hidden Power|p2a: Gengar","|-supereffective|p2a: Gengar","|-damage|p2a: Gengar|45/263","|","|-heal|p2a: Gengar|61/263|[from] item: Leftovers","|-heal|p1a: Heracross|169/337|[from] item: Leftovers","|upkeep","|turn|54","||adding 10 for new turn","|","|t:|1752923328","|move|p2a: Gengar|Thunderbolt|p1a: Heracross","|-damage|p1a: Heracross|0 fnt","|faint|p1a: Heracross","||adding 5 to each for mid turn request","|","|t:|1752923329","|switch|p1a: Milotic|Milotic, F|120/393","|","|-heal|p2a: Gengar|77/263|[from] item: Leftovers","|-heal|p1a: Milotic|144/393|[from] item: Leftovers","|upkeep","|turn|55","||adding 10 for new turn","|","|t:|1752923329","|move|p2a: Gengar|Thunderbolt|p1a: Milotic","|-supereffective|p1a: Milotic","|-damage|p1a: Milotic|0 fnt","|faint|p1a: Milotic","|","|win|foultestacceptor1",""],"p1rating":null,"p2rating":null,"endType":"normal","ladderError":true,"timestamp":"Sat Jul 19 2025 04:08:49 GMT-0700 (アメリカ太平洋夏時間)","roomid":"battle-gen3ou-927","format":"gen3ou"}