{"winner":"foultestchallenge1","seed":"sodium,9c6b6d76342dedbb92b0892b936579b7","turns":179,"p1":"foultestchallenge1","p2":"foultestacceptor1","p1team":[{"name":"Tyranitar","species":"Tyranitar","item":"Leftovers","ability":"Sand Stream","moves":["Rock Slide","Earthquake","Hidden Power Bug","Roar"],"nature":"Adamant","evs":{"hp":184,"atk":196,"def":120,"spa":0,"spd":0,"spe":8},"gender":"F","ivs":{"hp":31,"atk":30,"def":30,"spa":31,"spd":30,"spe":31},"happiness":255,"hpType":"Bug","pokeball":"","gigantamax":false,"dynamaxLevel":10,"teraType":"","level":100},{"name":"Milotic","species":"Milotic","item":"Leftovers","ability":"Marvel Scale","moves":["Surf","Toxic","Recover","Refresh"],"nature":"Bold","evs":{"hp":248,"atk":0,"def":212,"spa":0,"spd":0,"spe":48},"gender":"M","ivs":{"hp":31,"atk":0,"def":31,"spa":31,"spd":31,"spe":31},"level":100},{"name":"Blissey","species":"Blissey","item":"Leftovers","ability":"Natural Cure","moves":["Seismic Toss","Ice Beam","Thunder Wave","Soft-Boiled"],"nature":"Bold","evs":{"hp":40,"atk":0,"def":244,"spa":208,"spd":0,"spe":16},"gender":"F","level":100,"ivs":{"hp":31,"atk":31,"def":31,"spa":31,"spd":31,"spe":31}},{"name":"Skarmory","species":"Skarmory","item":"Leftovers","ability":"Keen Eye","moves":["Drill Peck","Toxic","Spikes","Roar"],"nature":"Careful","evs":{"hp":248,"atk":0,"def":0,"spa":0,"spd":236,"spe":24},"gender":"F","level":100,"ivs":{"hp":31,"atk":31,"def":31,"spa":31,"spd":31,"spe":31}},{"name":"Claydol","species":"Claydol","item":"Leftovers","ability":"Levitate","moves":["Earthquake","Psychic","Refresh","Rapid Spin"],"nature":"Adamant","evs":{"hp":224,"atk":228,"def":0,"spa":36,"spd":0,"spe":20},"gender":"N","level":100,"ivs":{"hp":31,"atk":31,"def":31,"spa":31,"spd":31,"spe":31}},{"name":"Dugtrio","species":"Dugtrio","item":"Choice Band","ability":"Arena Trap","moves":["Earthquake","Aerial Ace","Hidden Power Bug","Screech"],"nature":"Jolly","evs":{"hp":0,"atk":252,"def":0,"spa":0,"spd":4,"spe":252},"gender":"M","ivs":{"hp":31,"atk":30,"def":30,"spa":31,"spd":30,"spe":31},"happiness":255,"hpType":"Bug","pokeball":"","gigantamax":false,"dynamaxLevel":10,"teraType":"","level":100}],"p2team":[{"name":"Tyranitar","species":"Tyranitar","item":"Leftovers","ability":"Sand Stream","moves":["Rock Slide","Earthquake","Hidden Power Bug","Roar"],"nature":"Adamant","evs":{"hp":184,"atk":196,"def":120,"spa":0,"spd":0,"spe":8},"gender":"M","ivs":{"hp":31,"atk":30,"def":30,"spa":31,"spd":30,"spe":31},"happiness":255,"hpType":"Bug","pokeball":"","gigantamax":false,"dynamaxLevel":10,"teraType":"","level":100},{"name":"Milotic","species":"Milotic","item":"Leftovers","ability":"Marvel Scale","moves":["Surf","Toxic","Recover","Refresh"],"nature":"Bold","evs":{"hp":248,"atk":0,"def":212,"spa":0,"spd":0,"spe":48},"gender":"F","ivs":{"hp":31,"atk":0,"def":31,"spa":31,"spd":31,"spe":31},"level":100},{"name":"Blissey","species":"Blissey","item":"Leftovers","ability":"Natural Cure","moves":["Seismic Toss","Ice Beam","Thunder Wave","Soft-Boiled"],"nature":"Bold","evs":{"hp":40,"atk":0,"def":244,"spa":208,"spd":0,"spe":16},"gender":"F","level":100,"ivs":{"hp":31,"atk":31,"def":31,"spa":31,"spd":31,"spe":31}},{"name":"Skarmory","species":"Skarmory","item":"Leftovers","ability":"Keen Eye","moves":["Drill Peck","Toxic","Spikes","Roar"],"nature":"Careful","evs":{"hp":248,"atk":0,"def":0,"spa":0,"spd":236,"spe":24},"gender":"F","level":100,"ivs":{"hp":31,"atk":31,"def":31,"spa":31,"spd":31,"spe":31}},{"name":"Claydol","species":"Claydol","item":"Leftovers","ability":"Levitate","moves":["Earthquake","Psychic","Refresh","Rapid Spin"],"nature":"Adamant","evs":{"hp":224,"atk":228,"def":0,"spa":36,"spd":0,"spe":20},"gender":"N","level":100,"ivs":{"hp":31,"atk":31,"def":31,"spa":31,"spd":31,"spe":31}},{"name":"Dugtrio","species":"Dugtrio","item":"Choice Band","ability":"Arena Trap","moves":["Earthquake","Aerial Ace","Hidden Power Bug","Screech"],"nature":"Jolly","evs":{"hp":0,"atk":252,"def":0,"spa":0,"spd":4,"spe":252},"gender":"F","ivs":{"hp":31,"atk":30,"def":30,"spa":31,"spd":30,"spe":31},"happiness":255,"hpType":"Bug","pokeball":"","gigantamax":false,"dynamaxLevel":10,"teraType":"","level":100}],"score":[5,0],"inputLog":[">version 372d05e49c92a79eecdf6c8dddb208bd1765c00f",">start {\"formatid\":\"gen3ou\",\"seed\":\"sodium,9c6b6d76342dedbb92b0892b936579b7\"}",">player p1 {\"name\":\"foultestchallenge1\",\"avatar\":\"266\",\"team\":\"Tyranitar||Leftovers|SandStream|RockSlide,Earthquake,HiddenPowerBug,Roar|Adamant|184,196,120,,,8|F|,30,30,,30,|||,Bug,,,,]Milotic||Leftovers|MarvelScale|Surf,Toxic,Recover,Refresh|Bold|248,,212,,,48|M|,0,,,,|||]Blissey||Leftovers|NaturalCure|SeismicToss,IceBeam,ThunderWave,SoftBoiled|Bold|40,,244,208,,16|F||||]Skarmory||Leftovers|KeenEye|DrillPeck,Toxic,Spikes,Roar|Careful|248,,,,236,24|F||||]Claydol||Leftovers|Levitate|Earthquake,Psychic,Refresh,RapidSpin|Adamant|224,228,,36,,20|N||||]Dugtrio||ChoiceBand|ArenaTrap|Earthquake,AerialAce,HiddenPowerBug,Screech|Jolly|,252,,,4,252|M|,30,30,,30,|||,Bug,,,,\",\"rating\":0}",">player p2 {\"name\":\"foultestacceptor1\",\"avatar\":\"169\",\"team\":\"Tyranitar||Leftovers|SandStream|RockSlide,Earthquake,HiddenPowerBug,Roar|Adamant|184,196,120,,,8|M|,30,30,,30,|||,Bug,,,,]Milotic||Leftovers|MarvelScale|Surf,Toxic,Recover,Refresh|Bold|248,,212,,,48|F|,0,,,,|||]Blissey||Leftovers|NaturalCure|SeismicToss,IceBeam,ThunderWave,SoftBoiled|Bold|40,,244,208,,16|F||||]Skarmory||Leftovers|KeenEye|DrillPeck,Toxic,Spikes,Roar|Careful|248,,,,236,24|F||||]Claydol||Leftovers|Levitate|Earthquake,Psychic,Refresh,RapidSpin|Adamant|224,228,,36,,20|N||||]Dugtrio||ChoiceBand|ArenaTrap|Earthquake,AerialAce,HiddenPowerBug,Screech|Jolly|,252,,,4,252|F|,30,30,,30,|||,Bug,,,,\",\"rating\":0}",">p1 move earthquake",">p2 move earthquake",">p1 move earthquake",">p2 move earthquake",">p1 switch 6",">p1 move earthquake",">p2 move earthquake",">p2 switch 6",">p1 move earthquake",">p2 move earthquake",">p2 switch 4",">p1 switch 3",">p2 move spikes",">p1 move thunderwave",">p2 move spikes",">p1 move seismictoss",">p2 move spikes",">p1 move seismictoss",">p2 move toxic",">p1 switch 5",">p2 move drillpeck",">p1 move rapidspin",">p2 move toxic",">p1 move refresh",">p2 move spikes",">p1 move rapidspin",">p2 move toxic",">p1 move psychic",">p2 move spikes",">p1 move rapidspin",">p2 move toxic",">p1 move psychic",">p2 move spikes",">p1 move rapidspin",">p2 move spikes",">p1 move psychic",">p2 move spikes",">p1 move rapidspin",">p2 move toxic",">p1 move refresh",">p2 move spikes",">p1 move rapidspin",">p2 move spikes",">p1 move rapidspin",">p2 move spikes",">p1 move psychic",">p2 move spikes",">p1 move rapidspin",">p2 move spikes",">p1 move psychic",">p2 move spikes",">p1 move psychic",">p2 move spikes",">p1 move psychic",">p2 move spikes",">p1 move rapidspin",">p2 move toxic",">p1 move refresh",">p2 move spikes",">p1 move rapidspin",">p2 move spikes",">p1 move rapidspin",">p2 move spikes",">p1 move rapidspin",">p2 move spikes",">p1 move rapidspin",">p2 move toxic",">p1 move refresh",">p2 move spikes",">p1 move psychic",">p2 move spikes",">p1 move rapidspin",">p2 move spikes",">p1 move psychic",">p2 move spikes",">p1 move rapidspin",">p2 move spikes",">p1 move rapidspin",">p2 move toxic",">p1 move refresh",">p2 move spikes",">p1 move rapidspin",">p2 move toxic",">p1 move psychic",">p2 move spikes",">p1 move rapidspin",">p2 move toxic",">p1 move psychic",">p2 move spikes",">p1 move rapidspin",">p2 move spikes",">p1 move rapidspin",">p2 move spikes",">p1 move rapidspin",">p2 move toxic",">p1 move psychic",">p2 move spikes",">p1 move rapidspin",">p2 move toxic",">p1 move refresh",">p2 move spikes",">p1 move rapidspin",">p2 move spikes",">p1 move rapidspin",">p2 move toxic",">p1 move refresh",">p2 move spikes",">p1 move rapidspin",">p2 move spikes",">p1 move rapidspin",">p2 move toxic",">p1 move psychic",">p2 move spikes",">p1 move rapidspin",">p2 move spikes",">p1 move rapidspin",">p2 move spikes",">p1 move rapidspin",">p2 move spikes",">p1 move rapidspin",">p2 switch 2",">p1 switch 5",">p2 move surf",">p1 move seismictoss",">p2 move toxic",">p1 switch 4",">p2 move recover",">p1 move spikes",">p2 move surf",">p1 switch 4",">p2 move surf",">p1 move softboiled",">p2 move toxic",">p1 switch 2",">p2 move surf",">p1 move surf",">p2 move surf",">p1 move recover",">p2 move surf",">p1 move surf",">p2 move surf",">p1 move recover",">p2 move recover",">p1 move surf",">p2 move surf",">p1 move surf",">p2 move surf",">p1 move recover",">p2 move recover",">p1 move surf",">p2 move surf",">p1 move surf",">p2 move surf",">p1 move recover",">p2 move recover",">p1 move surf",">p2 move surf",">p1 move surf",">p2 move surf",">p1 move recover",">p2 move recover",">p1 move surf",">p2 move surf",">p1 move surf",">p2 move surf",">p1 move recover",">p2 move recover",">p1 move surf",">p2 move surf",">p1 move surf",">p2 move surf",">p1 move recover",">p2 move recover",">p1 move surf",">p2 move surf",">p1 move surf",">p2 move surf",">p1 move recover",">p2 move recover",">p1 move surf",">p2 move surf",">p1 move recover",">p2 move surf",">p1 move recover",">p2 move surf",">p1 move recover",">p2 move surf",">p1 move surf",">p2 move recover",">p1 move surf",">p2 move recover",">p1 move surf",">p2 move surf",">p1 switch 4",">p2 move recover",">p1 move spikes",">p2 switch 5",">p1 move toxic",">p2 move rapidspin",">p1 move spikes",">p2 move refresh",">p1 move toxic",">p2 move rapidspin",">p1 move drillpeck",">p2 move refresh",">p1 move drillpeck",">p2 switch 2",">p1 move spikes",">p2 move drillpeck",">p1 move spikes",">p2 move drillpeck",">p1 move spikes",">p2 move drillpeck",">p1 move roar",">p2 move drillpeck",">p1 move toxic",">p2 move softboiled",">p1 move drillpeck",">p2 switch 2",">p1 move toxic",">p2 move rapidspin",">p1 move drillpeck",">p2 move refresh",">p1 move drillpeck",">p2 switch 2",">p1 move spikes",">p2 move softboiled",">p1 move toxic",">p2 move thunderwave",">p1 move drillpeck",">p2 switch 3",">p1 move spikes",">p2 move drillpeck",">p1 move spikes",">p2 move drillpeck",">p1 move spikes",">p2 move drillpeck",">p1 move spikes",">p2 move drillpeck",">p1 move drillpeck",">p2 move drillpeck",">p1 move drillpeck",">p2 move drillpeck",">p1 move roar",">p2 move drillpeck",">p1 move drillpeck",">p2 move rapidspin",">p2 switch 3",">p1 move spikes",">p2 move seismictoss",">p1 move toxic",">p2 move seismictoss",">p1 move toxic",">p2 move seismictoss",">p1 move spikes",">p2 switch 2",">p1 move spikes",">p2 move roar",">p1 switch 3",">p2 move drillpeck",">p1 switch 4",">p2 move drillpeck",">p1 move recover",">p2 move drillpeck",">p1 move recover",">p2 move drillpeck",">p1 move surf",">p2 move drillpeck",">p1 move recover",">p2 move drillpeck",">p1 move surf",">p2 move drillpeck",">p1 move recover",">p2 move drillpeck",">p1 move surf",">p2 move drillpeck",">p2 switch 2",">p1 move toxic",">p2 move softboiled",">p1 move recover",">p2 move seismictoss",">p1 move recover",">p2 switch 5",">p1 switch 4",">p2 move recover",">p1 move drillpeck",">p2 move toxic",">p1 move drillpeck",">p2 move recover",">p1 move drillpeck",">p2 move recover",">p1 move drillpeck",">p2 move recover",">p1 move drillpeck",">p2 move recover",">p1 move drillpeck",">p2 move toxic",">p1 move drillpeck",">p2 move toxic",">p1 move drillpeck",">p2 move recover",">p1 move drillpeck",">p2 move recover",">p1 move drillpeck",">p2 move recover",">p1 move drillpeck",">p2 move recover",">p1 move drillpeck",">p2 move recover",">p1 move drillpeck",">p2 move recover",">p1 move drillpeck",">p2 move recover",">p1 move drillpeck",">p2 move recover",">p1 move drillpeck",">p2 move recover",">p1 move roar",">p2 move recover",">p1 move drillpeck",">p2 move toxic",">p1 move drillpeck",">p2 move toxic",">p1 move drillpeck",">p2 move toxic",">p1 move roar",">p2 move recover",">p1 move roar",">p2 move softboiled",">p1 move roar",">p2 move recover",">p1 move roar",">p2 move seismictoss",">p1 move drillpeck",">p2 move recover",">p1 move drillpeck",">p2 move recover",">p1 move roar",">p2 move recover",">p1 move roar",">p2 move softboiled",">p1 move roar",">p2 move recover",">p1 move roar",">p2 move softboiled",">p1 move roar",">p2 move toxic",">p1 move roar",">p2 move softboiled",">p1 move roar",">p2 move toxic",">p1 move roar",">p2 move toxic",">p1 move roar",">p2 move toxic",">p1 move roar",">p2 move seismictoss",">p1 switch 3",">p2 move toxic",">p1 move earthquake",">p2 move toxic",">p2 switch 5",">p1 move earthquake",">p2 move softboiled"],"log":["|j|☆foultestchallenge1","|j|☆foultestacceptor1","|t:|1752918048","|gametype|singles","|player|p1|foultestchallenge1|266|","|player|p2|foultestacceptor1|169|","|teamsize|p1|6","|teamsize|p2|6","|gen|3","|tier|[Gen 3] OU","|rule|Sleep Clause Mod: Limit one foe put to sleep","|rule|Switch Priority Clause Mod: Faster Pokémon switch first","|rule|Species Clause: Limit one of each Pokémon","|rule|OHKO Clause: OHKO moves are banned","|rule|Evasion Items Clause: Evasion items are banned","|rule|Evasion Moves Clause: Evasion moves are banned","|rule|Endless Battle Clause: Forcing endless battles is banned","|rule|HP Percentage Mod: HP is shown in percentages","|rule|One Boost Passer Clause: Limit one Baton Passer that has a way to boost its stats","|rule|Freeze Clause Mod: Limit one foe frozen","|","|t:|1752918048","|start","|switch|p1a: Tyranitar|Tyranitar, F|387/387","|switch|p2a: Tyranitar|Tyranitar, M|387/387","|-weather|Sandstorm|[from] ability: Sand Stream|[of] p2a: Tyranitar","|turn|1","|inactive|Battle timer is ON: inactive players will automatically lose when time's up. (requested by foultestchallenge1)","|inactive|foultestacceptor1 also wants the timer to be on.","|","|t:|1752918049","|move|p2a: Tyranitar|Earthquake|p1a: Tyranitar","|-supereffective|p1a: Tyranitar","|-damage|p1a: Tyranitar|186/387","|move|p1a: Tyranitar|Earthquake|p2a: Tyranitar","|-supereffective|p2a: Tyranitar","|-damage|p2a: Tyranitar|190/387","|","|-weather|Sandstorm|[upkeep]","|-heal|p2a: Tyranitar|214/387|[from] item: Leftovers","|-heal|p1a: Tyranitar|210/387|[from] item: Leftovers","|upkeep","|turn|2","||adding 10 for new turn","|","|t:|1752918050","|move|p2a: Tyranitar|Earthquake|p1a: Tyranitar","|-supereffective|p1a: Tyranitar","|-damage|p1a: Tyranitar|0 fnt","|faint|p1a: Tyranitar","||adding 5 to each for mid turn request","|","|t:|1752918051","|switch|p1a: Dugtrio|Dugtrio, M|211/211","|","|-weather|Sandstorm|[upkeep]","|-heal|p2a: Tyranitar|238/387|[from] item: Leftovers","|upkeep","|turn|3","||adding 10 for new turn","|","|t:|1752918052","|move|p1a: Dugtrio|Earthquake|p2a: Tyranitar","|-supereffective|p2a: Tyranitar","|-damage|p2a: Tyranitar|0 fnt","|faint|p2a: Tyranitar","||adding 5 to each for mid turn request","|","|t:|1752918053","|switch|p2a: Dugtrio|Dugtrio, F|211/211","|","|-weather|Sandstorm|[upkeep]","|upkeep","|turn|4","||adding 10 for new turn","|","|t:|1752918054","|move|p1a: Dugtrio|Earthquake|p2a: Dugtrio","|-damage|p2a: Dugtrio|0 fnt","|faint|p2a: Dugtrio","||adding 5 to each for mid turn request","|","|t:|1752918055","|switch|p2a: Skarmory|Skarmory, F|333/333","|","|-weather|Sandstorm|[upkeep]","|upkeep","|turn|5","||adding 10 for new turn","|","|t:|1752918056","|switch|p1a: Blissey|Blissey, F|661/661","|move|p2a: Skarmory|Spikes|p1a: Blissey","|-sidestart|p1: foultestchallenge1|Spikes","|","|-weather|Sandstorm|[upkeep]","|-damage|p1a: Blissey|620/661|[from] Sandstorm","|-heal|p1a: Blissey|661/661|[from] item: Leftovers","|upkeep","|turn|6","||adding 10 for new turn","|","|t:|1752918057","|move|p2a: Skarmory|Spikes|p1a: Blissey","|-sidestart|p1: foultestchallenge1|Spikes","|move|p1a: Blissey|Thunder Wave|p2a: Skarmory","|-status|p2a: Skarmory|par","|","|-weather|Sandstorm|[upkeep]","|-damage|p1a: Blissey|620/661|[from] Sandstorm","|-heal|p1a: Blissey|661/661|[from] item: Leftovers","|upkeep","|turn|7","||adding 10 for new turn","|","|t:|1752918057","|move|p1a: Blissey|Seismic Toss|p2a: Skarmory","|-damage|p2a: Skarmory|233/333 par","|move|p2a: Skarmory|Spikes|p1a: Blissey","|-sidestart|p1: foultestchallenge1|Spikes","|","|-weather|Sandstorm|[upkeep]","|-damage|p1a: Blissey|620/661|[from] Sandstorm","|-heal|p1a: Blissey|661/661|[from] item: Leftovers","|-heal|p2a: Skarmory|253/333 par|[from] item: Leftovers","|upkeep","|turn|8","||adding 10 for new turn","|","|t:|1752918059","|move|p1a: Blissey|Seismic Toss|p2a: Skarmory","|-damage|p2a: Skarmory|153/333 par","|move|p2a: Skarmory|Toxic|p1a: Blissey","|-status|p1a: Blissey|tox","|","|-weather|Sandstorm|[upkeep]","|-damage|p1a: Blissey|620/661 tox|[from] Sandstorm","|-heal|p1a: Blissey|661/661 tox|[from] item: Leftovers","|-damage|p1a: Blissey|620/661 tox|[from] psn","|-heal|p2a: Skarmory|173/333 par|[from] item: Leftovers","|upkeep","|turn|9","||adding 10 for new turn","|","|t:|1752918060","|-curestatus|p1a: Blissey|tox|[from] ability: Natural Cure","|switch|p1a: Claydol|Claydol|317/317","|move|p2a: Skarmory|Drill Peck|p1a: Claydol","|-damage|p1a: Claydol|239/317","|","|-weather|Sandstorm|[upkeep]","|-heal|p1a: Claydol|258/317|[from] item: Leftovers","|-heal|p2a: Skarmory|193/333 par|[from] item: Leftovers","|upkeep","|turn|10","||adding 10 for new turn","|","|t:|1752918061","|move|p1a: Claydol|Rapid Spin|p2a: Skarmory","|-resisted|p2a: Skarmory","|-damage|p2a: Skarmory|187/333 par","|-sideend|p1: foultestchallenge1|Spikes|[from] move: Rapid Spin|[of] p1a: Claydol","|move|p2a: Skarmory|Toxic|p1a: Claydol","|-status|p1a: Claydol|tox","|","|-weather|Sandstorm|[upkeep]","|-heal|p1a: Claydol|277/317 tox|[from] item: Leftovers","|-damage|p1a: Claydol|258/317 tox|[from] psn","|-heal|p2a: Skarmory|207/333 par|[from] item: Leftovers","|upkeep","|turn|11","||adding 10 for new turn","|","|t:|1752918062","|move|p1a: Claydol|Refresh|p1a: Claydol","|-curestatus|p1a: Claydol|tox|[msg]","|move|p2a: Skarmory|Spikes|p1a: Claydol","|-sidestart|p1: foultestchallenge1|Spikes","|","|-weather|Sandstorm|[upkeep]","|-heal|p1a: Claydol|277/317|[from] item: Leftovers","|-heal|p2a: Skarmory|227/333 par|[from] item: Leftovers","|upkeep","|turn|12","||adding 10 for new turn","|","|t:|1752918063","|move|p1a: Claydol|Rapid Spin|p2a: Skarmory","|-resisted|p2a: Skarmory","|-damage|p2a: Skarmory|221/333 par","|-sideend|p1: foultestchallenge1|Spikes|[from] move: Rapid Spin|[of] p1a: Claydol","|cant|p2a: Skarmory|par","|","|-weather|Sandstorm|[upkeep]","|-heal|p1a: Claydol|296/317|[from] item: Leftovers","|-heal|p2a: Skarmory|241/333 par|[from] item: Leftovers","|upkeep","|turn|13","||adding 10 for new turn","|","|t:|1752918064","|move|p1a: Claydol|Psychic|p2a: Skarmory","|-resisted|p2a: Skarmory","|-damage|p2a: Skarmory|208/333 par","|move|p2a: Skarmory|Spikes|p1a: Claydol","|-sidestart|p1: foultestchallenge1|Spikes","|","|-weather|Sandstorm|[upkeep]","|-heal|p1a: Claydol|315/317|[from] item: Leftovers","|-heal|p2a: Skarmory|228/333 par|[from] item: Leftovers","|upkeep","|turn|14","||adding 10 for new turn","|","|t:|1752918065","|move|p1a: Claydol|Rapid Spin|p2a: Skarmory","|-resisted|p2a: Skarmory","|-damage|p2a: Skarmory|222/333 par","|-sideend|p1: foultestchallenge1|Spikes|[from] move: Rapid Spin|[of] p1a: Claydol","|move|p2a: Skarmory|Toxic|p1a: Claydol|[miss]","|-miss|p2a: Skarmory|p1a: Claydol","|","|-weather|Sandstorm|[upkeep]","|-heal|p1a: Claydol|317/317|[from] item: Leftovers","|-heal|p2a: Skarmory|242/333 par|[from] item: Leftovers","|upkeep","|turn|15","||adding 10 for new turn","|","|t:|1752918065","|move|p1a: Claydol|Psychic|p2a: Skarmory","|-resisted|p2a: Skarmory","|-damage|p2a: Skarmory|211/333 par","|move|p2a: Skarmory|Spikes|p1a: Claydol","|-sidestart|p1: foultestchallenge1|Spikes","|","|-weather|Sandstorm|[upkeep]","|-heal|p2a: Skarmory|231/333 par|[from] item: Leftovers","|upkeep","|turn|16","||adding 10 for new turn","|","|t:|1752918066","|move|p1a: Claydol|Rapid Spin|p2a: Skarmory","|-resisted|p2a: Skarmory","|-damage|p2a: Skarmory|225/333 par","|-sideend|p1: foultestchallenge1|Spikes|[from] move: Rapid Spin|[of] p1a: Claydol","|cant|p2a: Skarmory|par","|","|-weather|Sandstorm|[upkeep]","|-heal|p2a: Skarmory|245/333 par|[from] item: Leftovers","|upkeep","|turn|17","||adding 10 for new turn","|","|t:|1752918067","|move|p1a: Claydol|Psychic|p2a: Skarmory","|-resisted|p2a: Skarmory","|-damage|p2a: Skarmory|213/333 par","|-unboost|p2a: Skarmory|spd|1","|move|p2a: Skarmory|Spikes|p1a: Claydol","|-sidestart|p1: foultestchallenge1|Spikes","|","|-weather|Sandstorm|[upkeep]","|-heal|p2a: Skarmory|233/333 par|[from] item: Leftovers","|upkeep","|turn|18","||adding 10 for new turn","|","|t:|1752918068","|move|p1a: Claydol|Rapid Spin|p2a: Skarmory","|-resisted|p2a: Skarmory","|-damage|p2a: Skarmory|227/333 par","|-sideend|p1: foultestchallenge1|Spikes|[from] move: Rapid Spin|[of] p1a: Claydol","|move|p2a: Skarmory|Toxic|p1a: Claydol","|-status|p1a: Claydol|tox","|","|-weather|Sandstorm|[upkeep]","|-damage|p1a: Claydol|298/317 tox|[from] psn","|-heal|p2a: Skarmory|247/333 par|[from] item: Leftovers","|upkeep","|turn|19","||adding 10 for new turn","|","|t:|1752918069","|move|p1a: Claydol|Refresh|p1a: Claydol","|-curestatus|p1a: Claydol|tox|[msg]","|move|p2a: Skarmory|Spikes|p1a: Claydol","|-sidestart|p1: foultestchallenge1|Spikes","|","|-weather|Sandstorm|[upkeep]","|-heal|p1a: Claydol|317/317|[from] item: Leftovers","|-heal|p2a: Skarmory|267/333 par|[from] item: Leftovers","|upkeep","|turn|20","||adding 10 for new turn","|","|t:|1752918070","|move|p1a: Claydol|Rapid Spin|p2a: Skarmory","|-resisted|p2a: Skarmory","|-damage|p2a: Skarmory|261/333 par","|-sideend|p1: foultestchallenge1|Spikes|[from] move: Rapid Spin|[of] p1a: Claydol","|move|p2a: Skarmory|Spikes|p1a: Claydol","|-sidestart|p1: foultestchallenge1|Spikes","|","|-weather|Sandstorm|[upkeep]","|-heal|p2a: Skarmory|281/333 par|[from] item: Leftovers","|upkeep","|turn|21","||adding 10 for new turn","|","|t:|1752918071","|move|p1a: Claydol|Rapid Spin|p2a: Skarmory","|-resisted|p2a: Skarmory","|-damage|p2a: Skarmory|275/333 par","|-sideend|p1: foultestchallenge1|Spikes|[from] move: Rapid Spin|[of] p1a: Claydol","|cant|p2a: Skarmory|par","|","|-weather|Sandstorm|[upkeep]","|-heal|p2a: Skarmory|295/333 par|[from] item: Leftovers","|upkeep","|turn|22","||adding 10 for new turn","|","|t:|1752918071","|move|p1a: Claydol|Psychic|p2a: Skarmory","|-resisted|p2a: Skarmory","|-damage|p2a: Skarmory|243/333 par","|move|p2a: Skarmory|Spikes|p1a: Claydol","|-sidestart|p1: foultestchallenge1|Spikes","|","|-weather|Sandstorm|[upkeep]","|-heal|p2a: Skarmory|263/333 par|[from] item: Leftovers","|upkeep","|turn|23","||adding 10 for new turn","|","|t:|1752918072","|move|p1a: Claydol|Rapid Spin|p2a: Skarmory","|-resisted|p2a: Skarmory","|-damage|p2a: Skarmory|257/333 par","|-sideend|p1: foultestchallenge1|Spikes|[from] move: Rapid Spin|[of] p1a: Claydol","|cant|p2a: Skarmory|par","|","|-weather|Sandstorm|[upkeep]","|-heal|p2a: Skarmory|277/333 par|[from] item: Leftovers","|upkeep","|turn|24","||adding 10 for new turn","|","|t:|1752918073","|move|p1a: Claydol|Psychic|p2a: Skarmory","|-resisted|p2a: Skarmory","|-damage|p2a: Skarmory|226/333 par","|cant|p2a: Skarmory|par","|","|-weather|Sandstorm|[upkeep]","|-heal|p2a: Skarmory|246/333 par|[from] item: Leftovers","|upkeep","|turn|25","||adding 10 for new turn","|","|t:|1752918074","|move|p1a: Claydol|Psychic|p2a: Skarmory","|-resisted|p2a: Skarmory","|-damage|p2a: Skarmory|200/333 par","|cant|p2a: Skarmory|par","|","|-weather|Sandstorm|[upkeep]","|-heal|p2a: Skarmory|220/333 par|[from] item: Leftovers","|upkeep","|turn|26","||adding 10 for new turn","|","|t:|1752918075","|move|p1a: Claydol|Psychic|p2a: Skarmory","|-resisted|p2a: Skarmory","|-damage|p2a: Skarmory|170/333 par","|move|p2a: Skarmory|Spikes|p1a: Claydol","|-sidestart|p1: foultestchallenge1|Spikes","|","|-weather|Sandstorm|[upkeep]","|-heal|p2a: Skarmory|190/333 par|[from] item: Leftovers","|upkeep","|turn|27","||adding 10 for new turn","|","|t:|1752918076","|move|p1a: Claydol|Rapid Spin|p2a: Skarmory","|-resisted|p2a: Skarmory","|-damage|p2a: Skarmory|183/333 par","|-sideend|p1: foultestchallenge1|Spikes|[from] move: Rapid Spin|[of] p1a: Claydol","|move|p2a: Skarmory|Toxic|p1a: Claydol","|-status|p1a: Claydol|tox","|","|-weather|Sandstorm|[upkeep]","|-damage|p1a: Claydol|298/317 tox|[from] psn","|-heal|p2a: Skarmory|203/333 par|[from] item: Leftovers","|upkeep","|turn|28","||adding 10 for new turn","|","|t:|1752918077","|move|p1a: Claydol|Refresh|p1a: Claydol","|-curestatus|p1a: Claydol|tox|[msg]","|move|p2a: Skarmory|Spikes|p1a: Claydol","|-sidestart|p1: foultestchallenge1|Spikes","|","|-weather|Sandstorm|[upkeep]","|-heal|p1a: Claydol|317/317|[from] item: Leftovers","|-heal|p2a: Skarmory|223/333 par|[from] item: Leftovers","|upkeep","|turn|29","||adding 10 for new turn","|","|t:|1752918078","|move|p1a: Claydol|Rapid Spin|p2a: Skarmory","|-resisted|p2a: Skarmory","|-damage|p2a: Skarmory|217/333 par","|-sideend|p1: foultestchallenge1|Spikes|[from] move: Rapid Spin|[of] p1a: Claydol","|move|p2a: Skarmory|Spikes|p1a: Claydol","|-sidestart|p1: foultestchallenge1|Spikes","|","|-weather|Sandstorm|[upkeep]","|-heal|p2a: Skarmory|237/333 par|[from] item: Leftovers","|upkeep","|turn|30","||adding 10 for new turn","|","|t:|1752918079","|move|p1a: Claydol|Rapid Spin|p2a: Skarmory","|-resisted|p2a: Skarmory","|-damage|p2a: Skarmory|230/333 par","|-sideend|p1: foultestchallenge1|Spikes|[from] move: Rapid Spin|[of] p1a: Claydol","|move|p2a: Skarmory|Spikes|p1a: Claydol","|-sidestart|p1: foultestchallenge1|Spikes","|","|-weather|Sandstorm|[upkeep]","|-heal|p2a: Skarmory|250/333 par|[from] item: Leftovers","|upkeep","|turn|31","||adding 10 for new turn","|","|t:|1752918080","|move|p1a: Claydol|Rapid Spin|p2a: Skarmory","|-resisted|p2a: Skarmory","|-damage|p2a: Skarmory|244/333 par","|-sideend|p1: foultestchallenge1|Spikes|[from] move: Rapid Spin|[of] p1a: Claydol","|move|p2a: Skarmory|Spikes|p1a: Claydol","|-sidestart|p1: foultestchallenge1|Spikes","|","|-weather|Sandstorm|[upkeep]","|-heal|p2a: Skarmory|264/333 par|[from] item: Leftovers","|upkeep","|turn|32","||adding 10 for new turn","|","|t:|1752918080","|move|p1a: Claydol|Rapid Spin|p2a: Skarmory","|-resisted|p2a: Skarmory","|-damage|p2a: Skarmory|258/333 par","|-sideend|p1: foultestchallenge1|Spikes|[from] move: Rapid Spin|[of] p1a: Claydol","|move|p2a: Skarmory|Toxic|p1a: Claydol","|-status|p1a: Claydol|tox","|","|-weather|Sandstorm|[upkeep]","|-damage|p1a: Claydol|298/317 tox|[from] psn","|-heal|p2a: Skarmory|278/333 par|[from] item: Leftovers","|upkeep","|turn|33","||adding 10 for new turn","|","|t:|1752918081","|move|p1a: Claydol|Refresh|p1a: Claydol","|-curestatus|p1a: Claydol|tox|[msg]","|cant|p2a: Skarmory|par","|","|-weather|Sandstorm|[upkeep]","|-heal|p1a: Claydol|317/317|[from] item: Leftovers","|-heal|p2a: Skarmory|298/333 par|[from] item: Leftovers","|upkeep","|turn|34","||adding 10 for new turn","|j| thecrusher677","|","|t:|1752918082","|move|p1a: Claydol|Psychic|p2a: Skarmory","|-resisted|p2a: Skarmory","|-crit|p2a: Skarmory","|-damage|p2a: Skarmory|187/333 par","|move|p2a: Skarmory|Spikes|p1a: Claydol","|-sidestart|p1: foultestchallenge1|Spikes","|","|-weather|Sandstorm|[upkeep]","|-heal|p2a: Skarmory|207/333 par|[from] item: Leftovers","|upkeep","|turn|35","||adding 10 for new turn","|","|t:|1752918083","|move|p1a: Claydol|Rapid Spin|p2a: Skarmory","|-resisted|p2a: Skarmory","|-damage|p2a: Skarmory|201/333 par","|-sideend|p1: foultestchallenge1|Spikes|[from] move: Rapid Spin|[of] p1a: Claydol","|cant|p2a: Skarmory|par","|","|-weather|Sandstorm|[upkeep]","|-heal|p2a: Skarmory|221/333 par|[from] item: Leftovers","|upkeep","|turn|36","||adding 10 for new turn","|","|t:|1752918084","|move|p1a: Claydol|Psychic|p2a: Skarmory","|-resisted|p2a: Skarmory","|-damage|p2a: Skarmory|171/333 par","|move|p2a: Skarmory|Spikes|p1a: Claydol","|-sidestart|p1: foultestchallenge1|Spikes","|","|-weather|Sandstorm|[upkeep]","|-heal|p2a: Skarmory|191/333 par|[from] item: Leftovers","|upkeep","|turn|37","||adding 10 for new turn","|","|t:|1752918085","|move|p1a: Claydol|Rapid Spin|p2a: Skarmory","|-resisted|p2a: Skarmory","|-damage|p2a: Skarmory|185/333 par","|-sideend|p1: foultestchallenge1|Spikes|[from] move: Rapid Spin|[of] p1a: Claydol","|move|p2a: Skarmory|Spikes|p1a: Claydol","|-sidestart|p1: foultestchallenge1|Spikes","|","|-weather|Sandstorm|[upkeep]","|-heal|p2a: Skarmory|205/333 par|[from] item: Leftovers","|upkeep","|turn|38","||adding 10 for new turn","|","|t:|1752918086","|move|p1a: Claydol|Rapid Spin|p2a: Skarmory","|-resisted|p2a: Skarmory","|-damage|p2a: Skarmory|199/333 par","|-sideend|p1: foultestchallenge1|Spikes|[from] move: Rapid Spin|[of] p1a: Claydol","|move|p2a: Skarmory|Toxic|p1a: Claydol","|-status|p1a: Claydol|tox","|","|-weather|Sandstorm|[upkeep]","|-damage|p1a: Claydol|298/317 tox|[from] psn","|-heal|p2a: Skarmory|219/333 par|[from] item: Leftovers","|upkeep","|turn|39","||adding 10 for new turn","|","|t:|1752918087","|move|p1a: Claydol|Refresh|p1a: Claydol","|-curestatus|p1a: Claydol|tox|[msg]","|move|p2a: Skarmory|Spikes|p1a: Claydol","|-sidestart|p1: foultestchallenge1|Spikes","|","|-weather|Sandstorm|[upkeep]","|-heal|p1a: Claydol|317/317|[from] item: Leftovers","|-heal|p2a: Skarmory|239/333 par|[from] item: Leftovers","|upkeep","|turn|40","||adding 10 for new turn","|","|t:|1752918088","|move|p1a: Claydol|Rapid Spin|p2a: Skarmory","|-resisted|p2a: Skarmory","|-damage|p2a: Skarmory|233/333 par","|-sideend|p1: foultestchallenge1|Spikes|[from] move: Rapid Spin|[of] p1a: Claydol","|cant|p2a: Skarmory|par","|","|-weather|Sandstorm|[upkeep]","|-heal|p2a: Skarmory|253/333 par|[from] item: Leftovers","|upkeep","|turn|41","||adding 10 for new turn","|","|t:|1752918088","|move|p1a: Claydol|Psychic|p2a: Skarmory","|-resisted|p2a: Skarmory","|-damage|p2a: Skarmory|202/333 par","|move|p2a: Skarmory|Spikes|p1a: Claydol","|-sidestart|p1: foultestchallenge1|Spikes","|","|-weather|Sandstorm|[upkeep]","|-heal|p2a: Skarmory|222/333 par|[from] item: Leftovers","|upkeep","|turn|42","||adding 10 for new turn","|","|t:|1752918089","|move|p1a: Claydol|Rapid Spin|p2a: Skarmory","|-resisted|p2a: Skarmory","|-damage|p2a: Skarmory|216/333 par","|-sideend|p1: foultestchallenge1|Spikes|[from] move: Rapid Spin|[of] p1a: Claydol","|cant|p2a: Skarmory|par","|","|-weather|Sandstorm|[upkeep]","|-heal|p2a: Skarmory|236/333 par|[from] item: Leftovers","|upkeep","|turn|43","||adding 10 for new turn","|","|t:|1752918090","|move|p1a: Claydol|Psychic|p2a: Skarmory","|-resisted|p2a: Skarmory","|-damage|p2a: Skarmory|184/333 par","|move|p2a: Skarmory|Spikes|p1a: Claydol","|-sidestart|p1: foultestchallenge1|Spikes","|","|-weather|Sandstorm|[upkeep]","|-heal|p2a: Skarmory|204/333 par|[from] item: Leftovers","|upkeep","|turn|44","||adding 10 for new turn","|","|t:|1752918091","|move|p1a: Claydol|Rapid Spin|p2a: Skarmory","|-resisted|p2a: Skarmory","|-damage|p2a: Skarmory|198/333 par","|-sideend|p1: foultestchallenge1|Spikes|[from] move: Rapid Spin|[of] p1a: Claydol","|move|p2a: Skarmory|Spikes|p1a: Claydol","|-sidestart|p1: foultestchallenge1|Spikes","|","|-weather|Sandstorm|[upkeep]","|-heal|p2a: Skarmory|218/333 par|[from] item: Leftovers","|upkeep","|turn|45","||adding 10 for new turn","|","|t:|1752918092","|move|p1a: Claydol|Rapid Spin|p2a: Skarmory","|-resisted|p2a: Skarmory","|-damage|p2a: Skarmory|212/333 par","|-sideend|p1: foultestchallenge1|Spikes|[from] move: Rapid Spin|[of] p1a: Claydol","|move|p2a: Skarmory|Spikes|p1a: Claydol","|-sidestart|p1: foultestchallenge1|Spikes","|","|-weather|Sandstorm|[upkeep]","|-heal|p2a: Skarmory|232/333 par|[from] item: Leftovers","|upkeep","|turn|46","||adding 10 for new turn","|","|t:|1752918093","|move|p1a: Claydol|Rapid Spin|p2a: Skarmory","|-resisted|p2a: Skarmory","|-crit|p2a: Skarmory","|-damage|p2a: Skarmory|218/333 par","|-sideend|p1: foultestchallenge1|Spikes|[from] move: Rapid Spin|[of] p1a: Claydol","|cant|p2a: Skarmory|par","|","|-weather|Sandstorm|[upkeep]","|-heal|p2a: Skarmory|238/333 par|[from] item: Leftovers","|upkeep","|turn|47","||adding 10 for new turn","|","|t:|1752918094","|move|p1a: Claydol|Psychic|p2a: Skarmory","|-resisted|p2a: Skarmory","|-damage|p2a: Skarmory|187/333 par","|move|p2a: Skarmory|Spikes|p1a: Claydol","|-sidestart|p1: foultestchallenge1|Spikes","|","|-weather|Sandstorm|[upkeep]","|-heal|p2a: Skarmory|207/333 par|[from] item: Leftovers","|upkeep","|turn|48","||adding 10 for new turn","|","|t:|1752918095","|move|p1a: Claydol|Rapid Spin|p2a: Skarmory","|-resisted|p2a: Skarmory","|-damage|p2a: Skarmory|201/333 par","|-sideend|p1: foultestchallenge1|Spikes|[from] move: Rapid Spin|[of] p1a: Claydol","|move|p2a: Skarmory|Toxic|p1a: Claydol","|-status|p1a: Claydol|tox","|","|-weather|Sandstorm|[upkeep]","|-damage|p1a: Claydol|298/317 tox|[from] psn","|-heal|p2a: Skarmory|221/333 par|[from] item: Leftovers","|upkeep","|turn|49","||adding 10 for new turn","|","|t:|1752918095","|move|p1a: Claydol|Refresh|p1a: Claydol","|-curestatus|p1a: Claydol|tox|[msg]","|move|p2a: Skarmory|Spikes|p1a: Claydol","|-sidestart|p1: foultestchallenge1|Spikes","|","|-weather|Sandstorm|[upkeep]","|-heal|p1a: Claydol|317/317|[from] item: Leftovers","|-heal|p2a: Skarmory|241/333 par|[from] item: Leftovers","|upkeep","|turn|50","||adding 10 for new turn","|","|t:|1752918096","|move|p1a: Claydol|Rapid Spin|p2a: Skarmory","|-resisted|p2a: Skarmory","|-damage|p2a: Skarmory|235/333 par","|-sideend|p1: foultestchallenge1|Spikes|[from] move: Rapid Spin|[of] p1a: Claydol","|move|p2a: Skarmory|Spikes|p1a: Claydol","|-sidestart|p1: foultestchallenge1|Spikes","|","|-weather|Sandstorm|[upkeep]","|-heal|p2a: Skarmory|255/333 par|[from] item: Leftovers","|upkeep","|turn|51","||adding 10 for new turn","|","|t:|1752918097","|move|p1a: Claydol|Rapid Spin|p2a: Skarmory","|-resisted|p2a: Skarmory","|-damage|p2a: Skarmory|249/333 par","|-sideend|p1: foultestchallenge1|Spikes|[from] move: Rapid Spin|[of] p1a: Claydol","|move|p2a: Skarmory|Toxic|p1a: Claydol","|-status|p1a: Claydol|tox","|","|-weather|Sandstorm|[upkeep]","|-damage|p1a: Claydol|298/317 tox|[from] psn","|-heal|p2a: Skarmory|269/333 par|[from] item: Leftovers","|upkeep","|turn|52","||adding 10 for new turn","|","|t:|1752918098","|move|p1a: Claydol|Refresh|p1a: Claydol","|-curestatus|p1a: Claydol|tox|[msg]","|move|p2a: Skarmory|Spikes|p1a: Claydol","|-sidestart|p1: foultestchallenge1|Spikes","|","|-weather|Sandstorm|[upkeep]","|-heal|p1a: Claydol|317/317|[from] item: Leftovers","|-heal|p2a: Skarmory|289/333 par|[from] item: Leftovers","|upkeep","|turn|53","||adding 10 for new turn","|","|t:|1752918099","|move|p1a: Claydol|Rapid Spin|p2a: Skarmory","|-resisted|p2a: Skarmory","|-damage|p2a: Skarmory|283/333 par","|-sideend|p1: foultestchallenge1|Spikes|[from] move: Rapid Spin|[of] p1a: Claydol","|move|p2a: Skarmory|Spikes|p1a: Claydol","|-sidestart|p1: foultestchallenge1|Spikes","|","|-weather|Sandstorm|[upkeep]","|-heal|p2a: Skarmory|303/333 par|[from] item: Leftovers","|upkeep","|turn|54","||adding 10 for new turn","|","|t:|1752918100","|move|p1a: Claydol|Rapid Spin|p2a: Skarmory","|-resisted|p2a: Skarmory","|-damage|p2a: Skarmory|297/333 par","|-sideend|p1: foultestchallenge1|Spikes|[from] move: Rapid Spin|[of] p1a: Claydol","|cant|p2a: Skarmory|par","|","|-weather|Sandstorm|[upkeep]","|-heal|p2a: Skarmory|317/333 par|[from] item: Leftovers","|upkeep","|turn|55","||adding 10 for new turn","|","|t:|1752918101","|move|p1a: Claydol|Psychic|p2a: Skarmory","|-resisted|p2a: Skarmory","|-damage|p2a: Skarmory|271/333 par","|move|p2a: Skarmory|Spikes|p1a: Claydol","|-sidestart|p1: foultestchallenge1|Spikes","|","|-weather|Sandstorm|[upkeep]","|-heal|p2a: Skarmory|291/333 par|[from] item: Leftovers","|upkeep","|turn|56","||adding 10 for new turn","|","|t:|1752918101","|move|p1a: Claydol|Rapid Spin|p2a: Skarmory","|-resisted|p2a: Skarmory","|-damage|p2a: Skarmory|285/333 par","|-sideend|p1: foultestchallenge1|Spikes|[from] move: Rapid Spin|[of] p1a: Claydol","|move|p2a: Skarmory|Spikes|p1a: Claydol","|-sidestart|p1: foultestchallenge1|Spikes","|","|-weather|Sandstorm|[upkeep]","|-heal|p2a: Skarmory|305/333 par|[from] item: Leftovers","|upkeep","|turn|57","||adding 10 for new turn","|","|t:|1752918102","|move|p1a: Claydol|Rapid Spin|p2a: Skarmory","|-resisted|p2a: Skarmory","|-damage|p2a: Skarmory|298/333 par","|-sideend|p1: foultestchallenge1|Spikes|[from] move: Rapid Spin|[of] p1a: Claydol","|move|p2a: Skarmory|Spikes|p1a: Claydol","|-sidestart|p1: foultestchallenge1|Spikes","|","|-weather|Sandstorm|[upkeep]","|-heal|p2a: Skarmory|318/333 par|[from] item: Leftovers","|upkeep","|turn|58","||adding 10 for new turn","|","|t:|1752918103","|move|p1a: Claydol|Rapid Spin|p2a: Skarmory","|-resisted|p2a: Skarmory","|-damage|p2a: Skarmory|312/333 par","|-sideend|p1: foultestchallenge1|Spikes|[from] move: Rapid Spin|[of] p1a: Claydol","|move|p2a: Skarmory|Spikes|p1a: Claydol","|-sidestart|p1: foultestchallenge1|Spikes","|","|-weather|Sandstorm|[upkeep]","|-heal|p2a: Skarmory|332/333 par|[from] item: Leftovers","|upkeep","|turn|59","||adding 10 for new turn","|","|t:|1752918104","|switch|p2a: Milotic|Milotic, F|393/393","|move|p1a: Claydol|Rapid Spin|p2a: Milotic","|-damage|p2a: Milotic|378/393","|-sideend|p1: foultestchallenge1|Spikes|[from] move: Rapid Spin|[of] p1a: Claydol","|","|-weather|Sandstorm|[upkeep]","|-damage|p2a: Milotic|354/393|[from] Sandstorm","|-heal|p2a: Milotic|378/393|[from] item: Leftovers","|upkeep","|turn|60","||adding 10 for new turn","|","|t:|1752918105","|switch|p1a: Blissey|Blissey, F|620/661","|move|p2a: Milotic|Surf|p1a: Blissey","|-damage|p1a: Blissey|538/661","|","|-weather|Sandstorm|[upkeep]","|-damage|p2a: Milotic|354/393|[from] Sandstorm","|-damage|p1a: Blissey|497/661|[from] Sandstorm","|-heal|p2a: Milotic|378/393|[from] item: Leftovers","|-heal|p1a: Blissey|538/661|[from] item: Leftovers","|upkeep","|turn|61","||adding 10 for new turn","|","|t:|1752918106","|move|p2a: Milotic|Toxic|p1a: Blissey","|-status|p1a: Blissey|tox","|move|p1a: Blissey|Seismic Toss|p2a: Milotic","|-damage|p2a: Milotic|278/393","|","|-weather|Sandstorm|[upkeep]","|-damage|p2a: Milotic|254/393|[from] Sandstorm","|-damage|p1a: Blissey|497/661 tox|[from] Sandstorm","|-heal|p2a: Milotic|278/393|[from] item: Leftovers","|-heal|p1a: Blissey|538/661 tox|[from] item: Leftovers","|-damage|p1a: Blissey|497/661 tox|[from] psn","|upkeep","|turn|62","||adding 10 for new turn","|","|t:|1752918108","|-curestatus|p1a: Blissey|tox|[from] ability: Natural Cure","|switch|p1a: Skarmory|Skarmory, F|333/333","|move|p2a: Milotic|Recover|p2a: Milotic","|-heal|p2a: Milotic|393/393","|","|-weather|Sandstorm|[upkeep]","|-damage|p2a: Milotic|369/393|[from] Sandstorm","|-heal|p2a: Milotic|393/393|[from] item: Leftovers","|upkeep","|turn|63","||adding 10 for new turn","|","|t:|1752918109","|move|p2a: Milotic|Surf|p1a: Skarmory","|-damage|p1a: Skarmory|237/333","|move|p1a: Skarmory|Spikes|p2a: Milotic","|-sidestart|p2: foultestacceptor1|Spikes","|","|-weather|Sandstorm|[upkeep]","|-damage|p2a: Milotic|369/393|[from] Sandstorm","|-heal|p2a: Milotic|393/393|[from] item: Leftovers","|-heal|p1a: Skarmory|257/333|[from] item: Leftovers","|upkeep","|turn|64","||adding 10 for new turn","|","|t:|1752918110","|switch|p1a: Blissey|Blissey, F|497/661","|move|p2a: Milotic|Surf|p1a: Blissey","|-damage|p1a: Blissey|407/661","|","|-weather|Sandstorm|[upkeep]","|-damage|p2a: Milotic|369/393|[from] Sandstorm","|-damage|p1a: Blissey|366/661|[from] Sandstorm","|-heal|p2a: Milotic|393/393|[from] item: Leftovers","|-heal|p1a: Blissey|407/661|[from] item: Leftovers","|upkeep","|turn|65","||adding 10 for new turn","|","|t:|1752918111","|move|p2a: Milotic|Toxic|p1a: Blissey","|-status|p1a: Blissey|tox","|move|p1a: Blissey|Soft-Boiled|p1a: Blissey","|-heal|p1a: Blissey|661/661 tox","|","|-weather|Sandstorm|[upkeep]","|-damage|p2a: Milotic|369/393|[from] Sandstorm","|-damage|p1a: Blissey|620/661 tox|[from] Sandstorm","|-heal|p2a: Milotic|393/393|[from] item: Leftovers","|-heal|p1a: Blissey|661/661 tox|[from] item: Leftovers","|-damage|p1a: Blissey|620/661 tox|[from] psn","|upkeep","|turn|66","||adding 10 for new turn","|","|t:|1752918112","|-curestatus|p1a: Blissey|tox|[from] ability: Natural Cure","|switch|p1a: Milotic|Milotic, M|393/393","|move|p2a: Milotic|Surf|p1a: Milotic","|-resisted|p1a: Milotic","|-damage|p1a: Milotic|343/393","|","|-weather|Sandstorm|[upkeep]","|-damage|p2a: Milotic|369/393|[from] Sandstorm","|-damage|p1a: Milotic|319/393|[from] Sandstorm","|-heal|p2a: Milotic|393/393|[from] item: Leftovers","|-heal|p1a: Milotic|343/393|[from] item: Leftovers","|upkeep","|turn|67","||adding 10 for new turn","|","|t:|1752918113","|move|p1a: Milotic|Surf|p2a: Milotic","|-resisted|p2a: Milotic","|-damage|p2a: Milotic|343/393","|move|p2a: Milotic|Surf|p1a: Milotic","|-resisted|p1a: Milotic","|-damage|p1a: Milotic|301/393","|","|-weather|Sandstorm|[upkeep]","|-damage|p1a: Milotic|277/393|[from] Sandstorm","|-damage|p2a: Milotic|319/393|[from] Sandstorm","|-heal|p1a: Milotic|301/393|[from] item: Leftovers","|-heal|p2a: Milotic|343/393|[from] item: Leftovers","|upkeep","|turn|68","||adding 10 for new turn","|","|t:|1752918114","|move|p2a: Milotic|Surf|p1a: Milotic","|-resisted|p1a: Milotic","|-damage|p1a: Milotic|252/393","|move|p1a: Milotic|Recover|p1a: Milotic","|-heal|p1a: Milotic|393/393","|","|-weather|Sandstorm|[upkeep]","|-damage|p1a: Milotic|369/393|[from] Sandstorm","|-damage|p2a: Milotic|319/393|[from] Sandstorm","|-heal|p2a: Milotic|343/393|[from] item: Leftovers","|-heal|p1a: Milotic|393/393|[from] item: Leftovers","|upkeep","|turn|69","||adding 10 for new turn","|","|t:|1752918115","|move|p2a: Milotic|Surf|p1a: Milotic","|-resisted|p1a: Milotic","|-damage|p1a: Milotic|344/393","|move|p1a: Milotic|Surf|p2a: Milotic","|-resisted|p2a: Milotic","|-damage|p2a: Milotic|299/393","|","|-weather|Sandstorm|[upkeep]","|-damage|p2a: Milotic|275/393|[from] Sandstorm","|-damage|p1a: Milotic|320/393|[from] Sandstorm","|-heal|p2a: Milotic|299/393|[from] item: Leftovers","|-heal|p1a: Milotic|344/393|[from] item: Leftovers","|upkeep","|turn|70","||adding 10 for new turn","|","|t:|1752918116","|move|p1a: Milotic|Recover|p1a: Milotic","|-heal|p1a: Milotic|393/393","|move|p2a: Milotic|Recover|p2a: Milotic","|-heal|p2a: Milotic|393/393","|","|-weather|Sandstorm|[upkeep]","|-damage|p1a: Milotic|369/393|[from] Sandstorm","|-damage|p2a: Milotic|369/393|[from] Sandstorm","|-heal|p2a: Milotic|393/393|[from] item: Leftovers","|-heal|p1a: Milotic|393/393|[from] item: Leftovers","|upkeep","|turn|71","||adding 10 for new turn","|","|t:|1752918117","|move|p2a: Milotic|Surf|p1a: Milotic","|-resisted|p1a: Milotic","|-damage|p1a: Milotic|348/393","|move|p1a: Milotic|Surf|p2a: Milotic","|-resisted|p2a: Milotic","|-damage|p2a: Milotic|344/393","|","|-weather|Sandstorm|[upkeep]","|-damage|p2a: Milotic|320/393|[from] Sandstorm","|-damage|p1a: Milotic|324/393|[from] Sandstorm","|-heal|p2a: Milotic|344/393|[from] item: Leftovers","|-heal|p1a: Milotic|348/393|[from] item: Leftovers","|upkeep","|turn|72","||adding 10 for new turn","|","|t:|1752918118","|move|p2a: Milotic|Surf|p1a: Milotic","|-resisted|p1a: Milotic","|-damage|p1a: Milotic|304/393","|move|p1a: Milotic|Surf|p2a: Milotic","|-resisted|p2a: Milotic","|-damage|p2a: Milotic|297/393","|","|-weather|Sandstorm|[upkeep]","|-damage|p2a: Milotic|273/393|[from] Sandstorm","|-damage|p1a: Milotic|280/393|[from] Sandstorm","|-heal|p2a: Milotic|297/393|[from] item: Leftovers","|-heal|p1a: Milotic|304/393|[from] item: Leftovers","|upkeep","|turn|73","||adding 10 for new turn","|","|t:|1752918119","|move|p2a: Milotic|Recover|p2a: Milotic","|-heal|p2a: Milotic|393/393","|move|p1a: Milotic|Recover|p1a: Milotic","|-heal|p1a: Milotic|393/393","|","|-weather|Sandstorm|[upkeep]","|-damage|p1a: Milotic|369/393|[from] Sandstorm","|-damage|p2a: Milotic|369/393|[from] Sandstorm","|-heal|p1a: Milotic|393/393|[from] item: Leftovers","|-heal|p2a: Milotic|393/393|[from] item: Leftovers","|upkeep","|turn|74","||adding 10 for new turn","|","|t:|1752918120","|move|p2a: Milotic|Surf|p1a: Milotic","|-resisted|p1a: Milotic","|-damage|p1a: Milotic|348/393","|move|p1a: Milotic|Surf|p2a: Milotic","|-resisted|p2a: Milotic","|-damage|p2a: Milotic|349/393","|","|-weather|Sandstorm|[upkeep]","|-damage|p1a: Milotic|324/393|[from] Sandstorm","|-damage|p2a: Milotic|325/393|[from] Sandstorm","|-heal|p2a: Milotic|349/393|[from] item: Leftovers","|-heal|p1a: Milotic|348/393|[from] item: Leftovers","|upkeep","|turn|75","||adding 10 for new turn","|","|t:|1752918121","|move|p2a: Milotic|Surf|p1a: Milotic","|-resisted|p1a: Milotic","|-damage|p1a: Milotic|301/393","|move|p1a: Milotic|Surf|p2a: Milotic","|-resisted|p2a: Milotic","|-damage|p2a: Milotic|306/393","|","|-weather|Sandstorm|[upkeep]","|-damage|p2a: Milotic|282/393|[from] Sandstorm","|-damage|p1a: Milotic|277/393|[from] Sandstorm","|-heal|p2a: Milotic|306/393|[from] item: Leftovers","|-heal|p1a: Milotic|301/393|[from] item: Leftovers","|upkeep","|turn|76","||adding 10 for new turn","|","|t:|1752918122","|move|p1a: Milotic|Recover|p1a: Milotic","|-heal|p1a: Milotic|393/393","|move|p2a: Milotic|Recover|p2a: Milotic","|-heal|p2a: Milotic|393/393","|","|-weather|Sandstorm|[upkeep]","|-damage|p2a: Milotic|369/393|[from] Sandstorm","|-damage|p1a: Milotic|369/393|[from] Sandstorm","|-heal|p2a: Milotic|393/393|[from] item: Leftovers","|-heal|p1a: Milotic|393/393|[from] item: Leftovers","|upkeep","|turn|77","||adding 10 for new turn","|","|t:|1752918123","|move|p2a: Milotic|Surf|p1a: Milotic","|-resisted|p1a: Milotic","|-damage|p1a: Milotic|348/393","|move|p1a: Milotic|Surf|p2a: Milotic","|-resisted|p2a: Milotic","|-damage|p2a: Milotic|349/393","|","|-weather|Sandstorm|[upkeep]","|-damage|p1a: Milotic|324/393|[from] Sandstorm","|-damage|p2a: Milotic|325/393|[from] Sandstorm","|-heal|p1a: Milotic|348/393|[from] item: Leftovers","|-heal|p2a: Milotic|349/393|[from] item: Leftovers","|upkeep","|turn|78","||adding 10 for new turn","|","|t:|1752918124","|move|p2a: Milotic|Surf|p1a: Milotic","|-resisted|p1a: Milotic","|-damage|p1a: Milotic|306/393","|move|p1a: Milotic|Surf|p2a: Milotic","|-resisted|p2a: Milotic","|-damage|p2a: Milotic|304/393","|","|-weather|Sandstorm|[upkeep]","|-damage|p1a: Milotic|282/393|[from] Sandstorm","|-damage|p2a: Milotic|280/393|[from] Sandstorm","|-heal|p2a: Milotic|304/393|[from] item: Leftovers","|-heal|p1a: Milotic|306/393|[from] item: Leftovers","|upkeep","|turn|79","||adding 10 for new turn","|","|t:|1752918125","|move|p1a: Milotic|Recover|p1a: Milotic","|-heal|p1a: Milotic|393/393","|move|p2a: Milotic|Recover|p2a: Milotic","|-heal|p2a: Milotic|393/393","|","|-weather|Sandstorm|[upkeep]","|-damage|p1a: Milotic|369/393|[from] Sandstorm","|-damage|p2a: Milotic|369/393|[from] Sandstorm","|-heal|p2a: Milotic|393/393|[from] item: Leftovers","|-heal|p1a: Milotic|393/393|[from] item: Leftovers","|upkeep","|turn|80","||adding 10 for new turn","|","|t:|1752918126","|move|p1a: Milotic|Surf|p2a: Milotic","|-resisted|p2a: Milotic","|-damage|p2a: Milotic|349/393","|move|p2a: Milotic|Surf|p1a: Milotic","|-resisted|p1a: Milotic","|-damage|p1a: Milotic|350/393","|","|-weather|Sandstorm|[upkeep]","|-damage|p2a: Milotic|325/393|[from] Sandstorm","|-damage|p1a: Milotic|326/393|[from] Sandstorm","|-heal|p2a: Milotic|349/393|[from] item: Leftovers","|-heal|p1a: Milotic|350/393|[from] item: Leftovers","|upkeep","|turn|81","||adding 10 for new turn","|","|t:|1752918127","|move|p2a: Milotic|Surf|p1a: Milotic","|-resisted|p1a: Milotic","|-damage|p1a: Milotic|301/393","|move|p1a: Milotic|Surf|p2a: Milotic","|-resisted|p2a: Milotic","|-damage|p2a: Milotic|307/393","|","|-weather|Sandstorm|[upkeep]","|-damage|p2a: Milotic|283/393|[from] Sandstorm","|-damage|p1a: Milotic|277/393|[from] Sandstorm","|-heal|p1a: Milotic|301/393|[from] item: Leftovers","|-heal|p2a: Milotic|307/393|[from] item: Leftovers","|upkeep","|turn|82","||adding 10 for new turn","|","|t:|1752918128","|move|p1a: Milotic|Recover|p1a: Milotic","|-heal|p1a: Milotic|393/393","|move|p2a: Milotic|Recover|p2a: Milotic","|-heal|p2a: Milotic|393/393","|","|-weather|Sandstorm|[upkeep]","|-damage|p2a: Milotic|369/393|[from] Sandstorm","|-damage|p1a: Milotic|369/393|[from] Sandstorm","|-heal|p1a: Milotic|393/393|[from] item: Leftovers","|-heal|p2a: Milotic|393/393|[from] item: Leftovers","|upkeep","|turn|83","||adding 10 for new turn","|","|t:|1752918129","|move|p1a: Milotic|Surf|p2a: Milotic","|-resisted|p2a: Milotic","|-damage|p2a: Milotic|343/393","|move|p2a: Milotic|Surf|p1a: Milotic","|-resisted|p1a: Milotic","|-damage|p1a: Milotic|350/393","|","|-weather|Sandstorm|[upkeep]","|-damage|p2a: Milotic|319/393|[from] Sandstorm","|-damage|p1a: Milotic|326/393|[from] Sandstorm","|-heal|p1a: Milotic|350/393|[from] item: Leftovers","|-heal|p2a: Milotic|343/393|[from] item: Leftovers","|upkeep","|turn|84","||adding 10 for new turn","|","|t:|1752918130","|move|p1a: Milotic|Surf|p2a: Milotic","|-resisted|p2a: Milotic","|-damage|p2a: Milotic|297/393","|move|p2a: Milotic|Surf|p1a: Milotic","|-resisted|p1a: Milotic","|-damage|p1a: Milotic|303/393","|","|-weather|Sandstorm|[upkeep]","|-damage|p1a: Milotic|279/393|[from] Sandstorm","|-damage|p2a: Milotic|273/393|[from] Sandstorm","|-heal|p2a: Milotic|297/393|[from] item: Leftovers","|-heal|p1a: Milotic|303/393|[from] item: Leftovers","|upkeep","|turn|85","||adding 10 for new turn","|","|t:|1752918131","|move|p1a: Milotic|Recover|p1a: Milotic","|-heal|p1a: Milotic|393/393","|move|p2a: Milotic|Recover|p2a: Milotic","|-heal|p2a: Milotic|393/393","|","|-weather|Sandstorm|[upkeep]","|-damage|p2a: Milotic|369/393|[from] Sandstorm","|-damage|p1a: Milotic|369/393|[from] Sandstorm","|-heal|p1a: Milotic|393/393|[from] item: Leftovers","|-heal|p2a: Milotic|393/393|[from] item: Leftovers","|upkeep","|turn|86","||adding 10 for new turn","|","|t:|1752918132","|move|p1a: Milotic|Surf|p2a: Milotic","|-resisted|p2a: Milotic","|-damage|p2a: Milotic|346/393","|move|p2a: Milotic|Surf|p1a: Milotic","|-resisted|p1a: Milotic","|-damage|p1a: Milotic|349/393","|","|-weather|Sandstorm|[upkeep]","|-damage|p1a: Milotic|325/393|[from] Sandstorm","|-damage|p2a: Milotic|322/393|[from] Sandstorm","|-heal|p1a: Milotic|349/393|[from] item: Leftovers","|-heal|p2a: Milotic|346/393|[from] item: Leftovers","|upkeep","|turn|87","||adding 10 for new turn","|","|t:|1752918133","|move|p1a: Milotic|Surf|p2a: Milotic","|-resisted|p2a: Milotic","|-crit|p2a: Milotic","|-damage|p2a: Milotic|259/393","|move|p2a: Milotic|Surf|p1a: Milotic","|-resisted|p1a: Milotic","|-damage|p1a: Milotic|305/393","|","|-weather|Sandstorm|[upkeep]","|-damage|p2a: Milotic|235/393|[from] Sandstorm","|-damage|p1a: Milotic|281/393|[from] Sandstorm","|-heal|p1a: Milotic|305/393|[from] item: Leftovers","|-heal|p2a: Milotic|259/393|[from] item: Leftovers","|upkeep","|turn|88","||adding 10 for new turn","|","|t:|1752918134","|move|p1a: Milotic|Recover|p1a: Milotic","|-heal|p1a: Milotic|393/393","|move|p2a: Milotic|Recover|p2a: Milotic","|-heal|p2a: Milotic|393/393","|","|-weather|Sandstorm|[upkeep]","|-damage|p1a: Milotic|369/393|[from] Sandstorm","|-damage|p2a: Milotic|369/393|[from] Sandstorm","|-heal|p1a: Milotic|393/393|[from] item: Leftovers","|-heal|p2a: Milotic|393/393|[from] item: Leftovers","|upkeep","|turn|89","||adding 10 for new turn","|","|t:|1752918135","|move|p2a: Milotic|Surf|p1a: Milotic","|-resisted|p1a: Milotic","|-damage|p1a: Milotic|344/393","|move|p1a: Milotic|Surf|p2a: Milotic","|-resisted|p2a: Milotic","|-damage|p2a: Milotic|347/393","|","|-weather|Sandstorm|[upkeep]","|-damage|p1a: Milotic|320/393|[from] Sandstorm","|-damage|p2a: Milotic|323/393|[from] Sandstorm","|-heal|p1a: Milotic|344/393|[from] item: Leftovers","|-heal|p2a: Milotic|347/393|[from] item: Leftovers","|upkeep","|turn|90","||adding 10 for new turn","|","|t:|1752918136","|move|p1a: Milotic|Recover|p1a: Milotic","|-heal|p1a: Milotic|393/393","|move|p2a: Milotic|Surf|p1a: Milotic","|-resisted|p1a: Milotic","|-damage|p1a: Milotic|346/393","|","|-weather|Sandstorm|[upkeep]","|-damage|p1a: Milotic|322/393|[from] Sandstorm","|-damage|p2a: Milotic|323/393|[from] Sandstorm","|-heal|p2a: Milotic|347/393|[from] item: Leftovers","|-heal|p1a: Milotic|346/393|[from] item: Leftovers","|upkeep","|turn|91","||adding 10 for new turn","|","|t:|1752918137","|move|p1a: Milotic|Recover|p1a: Milotic","|-heal|p1a: Milotic|393/393","|move|p2a: Milotic|Surf|p1a: Milotic","|-resisted|p1a: Milotic","|-damage|p1a: Milotic|348/393","|","|-weather|Sandstorm|[upkeep]","|-damage|p2a: Milotic|323/393|[from] Sandstorm","|-damage|p1a: Milotic|324/393|[from] Sandstorm","|-heal|p1a: Milotic|348/393|[from] item: Leftovers","|-heal|p2a: Milotic|347/393|[from] item: Leftovers","|upkeep","|turn|92","||adding 10 for new turn","|","|t:|1752918138","|move|p2a: Milotic|Surf|p1a: Milotic","|-resisted|p1a: Milotic","|-damage|p1a: Milotic|301/393","|move|p1a: Milotic|Recover|p1a: Milotic","|-heal|p1a: Milotic|393/393","|","|-weather|Sandstorm|[upkeep]","|-damage|p1a: Milotic|369/393|[from] Sandstorm","|-damage|p2a: Milotic|323/393|[from] Sandstorm","|-heal|p1a: Milotic|393/393|[from] item: Leftovers","|-heal|p2a: Milotic|347/393|[from] item: Leftovers","|upkeep","|turn|93","||adding 10 for new turn","|","|t:|1752918139","|move|p2a: Milotic|Recover|p2a: Milotic","|-heal|p2a: Milotic|393/393","|move|p1a: Milotic|Surf|p2a: Milotic","|-resisted|p2a: Milotic","|-damage|p2a: Milotic|343/393","|","|-weather|Sandstorm|[upkeep]","|-damage|p2a: Milotic|319/393|[from] Sandstorm","|-damage|p1a: Milotic|369/393|[from] Sandstorm","|-heal|p1a: Milotic|393/393|[from] item: Leftovers","|-heal|p2a: Milotic|343/393|[from] item: Leftovers","|upkeep","|turn|94","||adding 10 for new turn","|","|t:|1752918140","|move|p1a: Milotic|Surf|p2a: Milotic","|-resisted|p2a: Milotic","|-damage|p2a: Milotic|296/393","|move|p2a: Milotic|Recover|p2a: Milotic","|-heal|p2a: Milotic|393/393","|","|-weather|Sandstorm|[upkeep]","|-damage|p2a: Milotic|369/393|[from] Sandstorm","|-damage|p1a: Milotic|369/393|[from] Sandstorm","|-heal|p1a: Milotic|393/393|[from] item: Leftovers","|-heal|p2a: Milotic|393/393|[from] item: Leftovers","|upkeep","|turn|95","||adding 10 for new turn","|","|t:|1752918141","|move|p1a: Milotic|Surf|p2a: Milotic","|-resisted|p2a: Milotic","|-crit|p2a: Milotic","|-damage|p2a: Milotic|297/393","|move|p2a: Milotic|Surf|p1a: Milotic","|-resisted|p1a: Milotic","|-damage|p1a: Milotic|348/393","|","|-weather|Sandstorm|[upkeep]","|-damage|p1a: Milotic|324/393|[from] Sandstorm","|-damage|p2a: Milotic|273/393|[from] Sandstorm","|-heal|p2a: Milotic|297/393|[from] item: Leftovers","|-heal|p1a: Milotic|348/393|[from] item: Leftovers","|upkeep","|turn|96","||adding 10 for new turn","|","|t:|1752918142","|switch|p1a: Skarmory|Skarmory, F|257/333","|move|p2a: Milotic|Recover|p2a: Milotic","|-heal|p2a: Milotic|393/393","|","|-weather|Sandstorm|[upkeep]","|-damage|p2a: Milotic|369/393|[from] Sandstorm","|-heal|p2a: Milotic|393/393|[from] item: Leftovers","|-heal|p1a: Skarmory|277/333|[from] item: Leftovers","|upkeep","|turn|97","||adding 10 for new turn","|","|t:|1752918143","|switch|p2a: Claydol|Claydol|317/317","|move|p1a: Skarmory|Spikes|p2a: Claydol","|-sidestart|p2: foultestacceptor1|Spikes","|","|-weather|Sandstorm|[upkeep]","|-heal|p1a: Skarmory|297/333|[from] item: Leftovers","|upkeep","|turn|98","||adding 10 for new turn","|","|t:|1752918144","|move|p2a: Claydol|Rapid Spin|p1a: Skarmory","|-resisted|p1a: Skarmory","|-crit|p1a: Skarmory","|-damage|p1a: Skarmory|284/333","|-sideend|p2: foultestacceptor1|Spikes|[from] move: Rapid Spin|[of] p2a: Claydol","|move|p1a: Skarmory|Toxic|p2a: Claydol","|-status|p2a: Claydol|tox","|","|-weather|Sandstorm|[upkeep]","|-damage|p2a: Claydol|298/317 tox|[from] psn","|-heal|p1a: Skarmory|304/333|[from] item: Leftovers","|upkeep","|turn|99","||adding 10 for new turn","|","|t:|1752918145","|move|p2a: Claydol|Refresh|p2a: Claydol","|-curestatus|p2a: Claydol|tox|[msg]","|move|p1a: Skarmory|Spikes|p2a: Claydol","|-sidestart|p2: foultestacceptor1|Spikes","|","|-weather|Sandstorm|[upkeep]","|-heal|p2a: Claydol|317/317|[from] item: Leftovers","|-heal|p1a: Skarmory|324/333|[from] item: Leftovers","|upkeep","|turn|100","||adding 10 for new turn","|","|t:|1752918145","|move|p2a: Claydol|Rapid Spin|p1a: Skarmory","|-resisted|p1a: Skarmory","|-crit|p1a: Skarmory","|-damage|p1a: Skarmory|311/333","|-sideend|p2: foultestacceptor1|Spikes|[from] move: Rapid Spin|[of] p2a: Claydol","|move|p1a: Skarmory|Toxic|p2a: Claydol","|-status|p2a: Claydol|tox","|","|-weather|Sandstorm|[upkeep]","|-damage|p2a: Claydol|298/317 tox|[from] psn","|-heal|p1a: Skarmory|331/333|[from] item: Leftovers","|upkeep","|turn|101","||adding 10 for new turn","|","|t:|1752918147","|move|p2a: Claydol|Refresh|p2a: Claydol","|-curestatus|p2a: Claydol|tox|[msg]","|move|p1a: Skarmory|Drill Peck|p2a: Claydol","|-damage|p2a: Claydol|224/317","|","|-weather|Sandstorm|[upkeep]","|-heal|p2a: Claydol|243/317|[from] item: Leftovers","|-heal|p1a: Skarmory|333/333|[from] item: Leftovers","|upkeep","|turn|102","||adding 10 for new turn","|","|t:|1752918148","|switch|p2a: Skarmory|Skarmory, F|332/333 par","|move|p1a: Skarmory|Drill Peck|p2a: Skarmory","|-resisted|p2a: Skarmory","|-damage|p2a: Skarmory|305/333 par","|","|-weather|Sandstorm|[upkeep]","|-heal|p2a: Skarmory|325/333 par|[from] item: Leftovers","|upkeep","|turn|103","||adding 10 for new turn","|","|t:|1752918148","|move|p1a: Skarmory|Spikes|p2a: Skarmory","|-sidestart|p2: foultestacceptor1|Spikes","|move|p2a: Skarmory|Drill Peck|p1a: Skarmory","|-resisted|p1a: Skarmory","|-crit|p1a: Skarmory","|-damage|p1a: Skarmory|274/333","|","|-weather|Sandstorm|[upkeep]","|-heal|p1a: Skarmory|294/333|[from] item: Leftovers","|-heal|p2a: Skarmory|333/333 par|[from] item: Leftovers","|upkeep","|turn|104","||adding 10 for new turn","|","|t:|1752918149","|move|p1a: Skarmory|Spikes|p2a: Skarmory","|-sidestart|p2: foultestacceptor1|Spikes","|cant|p2a: Skarmory|par","|","|-weather|Sandstorm|[upkeep]","|-heal|p1a: Skarmory|314/333|[from] item: Leftovers","|upkeep","|turn|105","||adding 10 for new turn","|","|t:|1752918150","|move|p1a: Skarmory|Spikes|p2a: Skarmory","|-sidestart|p2: foultestacceptor1|Spikes","|cant|p2a: Skarmory|par","|","|-weather|Sandstorm|[upkeep]","|-heal|p1a: Skarmory|333/333|[from] item: Leftovers","|upkeep","|turn|106","||adding 10 for new turn","|","|t:|1752918151","|move|p2a: Skarmory|Drill Peck|p1a: Skarmory","|-resisted|p1a: Skarmory","|-damage|p1a: Skarmory|306/333","|move|p1a: Skarmory|Roar|p2a: Skarmory","|drag|p2a: Blissey|Blissey, F|661/661","|-damage|p2a: Blissey|496/661|[from] Spikes","|","|-weather|Sandstorm|[upkeep]","|-damage|p2a: Blissey|455/661|[from] Sandstorm","|-heal|p1a: Skarmory|326/333|[from] item: Leftovers","|-heal|p2a: Blissey|496/661|[from] item: Leftovers","|upkeep","|turn|107","||adding 10 for new turn","|","|t:|1752918152","|move|p1a: Skarmory|Toxic|p2a: Blissey","|-status|p2a: Blissey|tox","|move|p2a: Blissey|Soft-Boiled|p2a: Blissey","|-heal|p2a: Blissey|661/661 tox","|","|-weather|Sandstorm|[upkeep]","|-damage|p2a: Blissey|620/661 tox|[from] Sandstorm","|-heal|p1a: Skarmory|333/333|[from] item: Leftovers","|-heal|p2a: Blissey|661/661 tox|[from] item: Leftovers","|-damage|p2a: Blissey|620/661 tox|[from] psn","|upkeep","|turn|108","||adding 10 for new turn","|","|t:|1752918153","|-curestatus|p2a: Blissey|tox|[from] ability: Natural Cure","|switch|p2a: Claydol|Claydol|243/317","|move|p1a: Skarmory|Drill Peck|p2a: Claydol","|-damage|p2a: Claydol|174/317","|","|-weather|Sandstorm|[upkeep]","|-heal|p2a: Claydol|193/317|[from] item: Leftovers","|upkeep","|turn|109","||adding 10 for new turn","|","|t:|1752918154","|move|p2a: Claydol|Rapid Spin|p1a: Skarmory","|-resisted|p1a: Skarmory","|-damage|p1a: Skarmory|327/333","|-sideend|p2: foultestacceptor1|Spikes|[from] move: Rapid Spin|[of] p2a: Claydol","|move|p1a: Skarmory|Toxic|p2a: Claydol","|-status|p2a: Claydol|tox","|","|-weather|Sandstorm|[upkeep]","|-heal|p2a: Claydol|212/317 tox|[from] item: Leftovers","|-damage|p2a: Claydol|193/317 tox|[from] psn","|-heal|p1a: Skarmory|333/333|[from] item: Leftovers","|upkeep","|turn|110","||adding 10 for new turn","|","|t:|1752918155","|move|p2a: Claydol|Refresh|p2a: Claydol","|-curestatus|p2a: Claydol|tox|[msg]","|move|p1a: Skarmory|Drill Peck|p2a: Claydol","|-crit|p2a: Claydol","|-damage|p2a: Claydol|40/317","|","|-weather|Sandstorm|[upkeep]","|-heal|p2a: Claydol|59/317|[from] item: Leftovers","|upkeep","|turn|111","||adding 10 for new turn","|","|t:|1752918156","|switch|p2a: Blissey|Blissey, F|620/661","|move|p1a: Skarmory|Drill Peck|p2a: Blissey","|-damage|p2a: Blissey|482/661","|","|-weather|Sandstorm|[upkeep]","|-damage|p2a: Blissey|441/661|[from] Sandstorm","|-heal|p2a: Blissey|482/661|[from] item: Leftovers","|upkeep","|turn|112","||adding 10 for new turn","|","|t:|1752918157","|move|p1a: Skarmory|Spikes|p2a: Blissey","|-sidestart|p2: foultestacceptor1|Spikes","|move|p2a: Blissey|Soft-Boiled|p2a: Blissey","|-heal|p2a: Blissey|661/661","|","|-weather|Sandstorm|[upkeep]","|-damage|p2a: Blissey|620/661|[from] Sandstorm","|-heal|p2a: Blissey|661/661|[from] item: Leftovers","|upkeep","|turn|113","||adding 10 for new turn","|","|t:|1752918158","|move|p1a: Skarmory|Toxic|p2a: Blissey","|-status|p2a: Blissey|tox","|move|p2a: Blissey|Thunder Wave|p1a: Skarmory","|-status|p1a: Skarmory|par","|","|-weather|Sandstorm|[upkeep]","|-damage|p2a: Blissey|620/661 tox|[from] Sandstorm","|-heal|p2a: Blissey|661/661 tox|[from] item: Leftovers","|-damage|p2a: Blissey|620/661 tox|[from] psn","|upkeep","|turn|114","||adding 10 for new turn","|","|t:|1752918159","|-curestatus|p2a: Blissey|tox|[from] ability: Natural Cure","|switch|p2a: Skarmory|Skarmory, F|333/333 par","|cant|p1a: Skarmory|par","|","|-weather|Sandstorm|[upkeep]","|upkeep","|turn|115","||adding 10 for new turn","|","|t:|1752918160","|move|p2a: Skarmory|Drill Peck|p1a: Skarmory","|-resisted|p1a: Skarmory","|-damage|p1a: Skarmory|301/333 par","|cant|p1a: Skarmory|par","|","|-weather|Sandstorm|[upkeep]","|-heal|p1a: Skarmory|321/333 par|[from] item: Leftovers","|upkeep","|turn|116","||adding 10 for new turn","|","|t:|1752918161","|move|p2a: Skarmory|Drill Peck|p1a: Skarmory","|-resisted|p1a: Skarmory","|-damage|p1a: Skarmory|292/333 par","|move|p1a: Skarmory|Spikes|p2a: Skarmory","|-sidestart|p2: foultestacceptor1|Spikes","|","|-weather|Sandstorm|[upkeep]","|-heal|p1a: Skarmory|312/333 par|[from] item: Leftovers","|upkeep","|turn|117","||adding 10 for new turn","|","|t:|1752918161","|cant|p1a: Skarmory|par","|move|p2a: Skarmory|Drill Peck|p1a: Skarmory","|-resisted|p1a: Skarmory","|-damage|p1a: Skarmory|284/333 par","|","|-weather|Sandstorm|[upkeep]","|-heal|p1a: Skarmory|304/333 par|[from] item: Leftovers","|upkeep","|turn|118","||adding 10 for new turn","|","|t:|1752918162","|move|p2a: Skarmory|Drill Peck|p1a: Skarmory","|-resisted|p1a: Skarmory","|-damage|p1a: Skarmory|277/333 par","|move|p1a: Skarmory|Spikes|p2a: Skarmory","|-sidestart|p2: foultestacceptor1|Spikes","|","|-weather|Sandstorm|[upkeep]","|-heal|p1a: Skarmory|297/333 par|[from] item: Leftovers","|upkeep","|turn|119","||adding 10 for new turn","|","|t:|1752918163","|move|p2a: Skarmory|Drill Peck|p1a: Skarmory","|-resisted|p1a: Skarmory","|-damage|p1a: Skarmory|267/333 par","|move|p1a: Skarmory|Drill Peck|p2a: Skarmory","|-resisted|p2a: Skarmory","|-damage|p2a: Skarmory|304/333 par","|","|-weather|Sandstorm|[upkeep]","|-heal|p2a: Skarmory|324/333 par|[from] item: Leftovers","|-heal|p1a: Skarmory|287/333 par|[from] item: Leftovers","|upkeep","|turn|120","||adding 10 for new turn","|","|t:|1752918164","|move|p1a: Skarmory|Drill Peck|p2a: Skarmory","|-resisted|p2a: Skarmory","|-crit|p2a: Skarmory","|-damage|p2a: Skarmory|264/333 par","|move|p2a: Skarmory|Drill Peck|p1a: Skarmory","|-resisted|p1a: Skarmory","|-damage|p1a: Skarmory|259/333 par","|","|-weather|Sandstorm|[upkeep]","|-heal|p1a: Skarmory|279/333 par|[from] item: Leftovers","|-heal|p2a: Skarmory|284/333 par|[from] item: Leftovers","|upkeep","|turn|121","||adding 10 for new turn","|","|t:|1752918165","|move|p2a: Skarmory|Drill Peck|p1a: Skarmory","|-resisted|p1a: Skarmory","|-damage|p1a: Skarmory|249/333 par","|move|p1a: Skarmory|Roar|p2a: Skarmory","|drag|p2a: Claydol|Claydol|59/317","|","|-weather|Sandstorm|[upkeep]","|-heal|p2a: Claydol|78/317|[from] item: Leftovers","|-heal|p1a: Skarmory|269/333 par|[from] item: Leftovers","|upkeep","|turn|122","||adding 10 for new turn","|","|t:|1752918166","|move|p2a: Claydol|Rapid Spin|p1a: Skarmory","|-resisted|p1a: Skarmory","|-damage|p1a: Skarmory|262/333 par","|-sideend|p2: foultestacceptor1|Spikes|[from] move: Rapid Spin|[of] p2a: Claydol","|move|p1a: Skarmory|Drill Peck|p2a: Claydol","|-crit|p2a: Claydol","|-damage|p2a: Claydol|0 fnt","|faint|p2a: Claydol","||adding 5 to each for mid turn request","|","|t:|1752918167","|switch|p2a: Blissey|Blissey, F|620/661","|","|-weather|Sandstorm|[upkeep]","|-damage|p2a: Blissey|579/661|[from] Sandstorm","|-heal|p2a: Blissey|620/661|[from] item: Leftovers","|-heal|p1a: Skarmory|282/333 par|[from] item: Leftovers","|upkeep","|turn|123","||adding 10 for new turn","|","|t:|1752918168","|move|p2a: Blissey|Seismic Toss|p1a: Skarmory","|-damage|p1a: Skarmory|182/333 par","|move|p1a: Skarmory|Spikes|p2a: Blissey","|-sidestart|p2: foultestacceptor1|Spikes","|","|-weather|Sandstorm|[upkeep]","|-damage|p2a: Blissey|579/661|[from] Sandstorm","|-heal|p2a: Blissey|620/661|[from] item: Leftovers","|-heal|p1a: Skarmory|202/333 par|[from] item: Leftovers","|upkeep","|turn|124","||adding 10 for new turn","|","|t:|1752918169","|move|p2a: Blissey|Seismic Toss|p1a: Skarmory","|-damage|p1a: Skarmory|102/333 par","|move|p1a: Skarmory|Toxic|p2a: Blissey|[miss]","|-miss|p1a: Skarmory|p2a: Blissey","|","|-weather|Sandstorm|[upkeep]","|-damage|p2a: Blissey|579/661|[from] Sandstorm","|-heal|p2a: Blissey|620/661|[from] item: Leftovers","|-heal|p1a: Skarmory|122/333 par|[from] item: Leftovers","|upkeep","|turn|125","||adding 10 for new turn","|","|t:|1752918170","|move|p2a: Blissey|Seismic Toss|p1a: Skarmory","|-damage|p1a: Skarmory|22/333 par","|move|p1a: Skarmory|Toxic|p2a: Blissey","|-status|p2a: Blissey|tox","|","|-weather|Sandstorm|[upkeep]","|-damage|p2a: Blissey|579/661 tox|[from] Sandstorm","|-heal|p2a: Blissey|620/661 tox|[from] item: Leftovers","|-damage|p2a: Blissey|579/661 tox|[from] psn","|-heal|p1a: Skarmory|42/333 par|[from] item: Leftovers","|upkeep","|turn|126","||adding 10 for new turn","|","|t:|1752918171","|-curestatus|p2a: Blissey|tox|[from] ability: Natural Cure","|switch|p2a: Skarmory|Skarmory, F|284/333 par","|move|p1a: Skarmory|Spikes|p2a: Skarmory","|-sidestart|p2: foultestacceptor1|Spikes","|","|-weather|Sandstorm|[upkeep]","|-heal|p1a: Skarmory|62/333 par|[from] item: Leftovers","|-heal|p2a: Skarmory|304/333 par|[from] item: Leftovers","|upkeep","|turn|127","||adding 10 for new turn","|","|t:|1752918172","|move|p1a: Skarmory|Spikes|p2a: Skarmory","|-sidestart|p2: foultestacceptor1|Spikes","|move|p2a: Skarmory|Roar|p1a: Skarmory","|drag|p1a: Dugtrio|Dugtrio, M|211/211","|","|-weather|Sandstorm|[upkeep]","|-heal|p2a: Skarmory|324/333 par|[from] item: Leftovers","|upkeep","|turn|128","||adding 10 for new turn","|","|t:|1752918173","|switch|p1a: Skarmory|Skarmory, F|62/333 par","|move|p2a: Skarmory|Drill Peck|p1a: Skarmory","|-resisted|p1a: Skarmory","|-crit|p1a: Skarmory","|-damage|p1a: Skarmory|6/333 par","|","|-weather|Sandstorm|[upkeep]","|-heal|p2a: Skarmory|333/333 par|[from] item: Leftovers","|-heal|p1a: Skarmory|26/333 par|[from] item: Leftovers","|upkeep","|turn|129","||adding 10 for new turn","|","|t:|1752918173","|switch|p1a: Milotic|Milotic, M|348/393","|move|p2a: Skarmory|Drill Peck|p1a: Milotic","|-damage|p1a: Milotic|278/393","|","|-weather|Sandstorm|[upkeep]","|-damage|p1a: Milotic|254/393|[from] Sandstorm","|-heal|p1a: Milotic|278/393|[from] item: Leftovers","|upkeep","|turn|130","||adding 10 for new turn","|","|t:|1752918174","|move|p1a: Milotic|Recover|p1a: Milotic","|-heal|p1a: Milotic|393/393","|move|p2a: Skarmory|Drill Peck|p1a: Milotic","|-crit|p1a: Milotic","|-damage|p1a: Milotic|255/393","|","|-weather|Sandstorm|[upkeep]","|-damage|p1a: Milotic|231/393|[from] Sandstorm","|-heal|p1a: Milotic|255/393|[from] item: Leftovers","|upkeep","|turn|131","||adding 10 for new turn","|","|t:|1752918175","|move|p1a: Milotic|Recover|p1a: Milotic","|-heal|p1a: Milotic|393/393","|move|p2a: Skarmory|Drill Peck|p1a: Milotic","|-damage|p1a: Milotic|327/393","|","|-weather|Sandstorm|[upkeep]","|-damage|p1a: Milotic|303/393|[from] Sandstorm","|-heal|p1a: Milotic|327/393|[from] item: Leftovers","|upkeep","|turn|132","||adding 10 for new turn","|","|t:|1752918176","|move|p1a: Milotic|Surf|p2a: Skarmory","|-damage|p2a: Skarmory|224/333 par","|move|p2a: Skarmory|Drill Peck|p1a: Milotic","|-damage|p1a: Milotic|261/393","|","|-weather|Sandstorm|[upkeep]","|-damage|p1a: Milotic|237/393|[from] Sandstorm","|-heal|p1a: Milotic|261/393|[from] item: Leftovers","|-heal|p2a: Skarmory|244/333 par|[from] item: Leftovers","|upkeep","|turn|133","||adding 10 for new turn","|","|t:|1752918177","|move|p1a: Milotic|Recover|p1a: Milotic","|-heal|p1a: Milotic|393/393","|move|p2a: Skarmory|Drill Peck|p1a: Milotic","|-damage|p1a: Milotic|325/393","|","|-weather|Sandstorm|[upkeep]","|-damage|p1a: Milotic|301/393|[from] Sandstorm","|-heal|p1a: Milotic|325/393|[from] item: Leftovers","|-heal|p2a: Skarmory|264/333 par|[from] item: Leftovers","|upkeep","|turn|134","||adding 10 for new turn","|","|t:|1752918178","|move|p1a: Milotic|Surf|p2a: Skarmory","|-damage|p2a: Skarmory|167/333 par","|move|p2a: Skarmory|Drill Peck|p1a: Milotic","|-damage|p1a: Milotic|259/393","|","|-weather|Sandstorm|[upkeep]","|-damage|p1a: Milotic|235/393|[from] Sandstorm","|-heal|p1a: Milotic|259/393|[from] item: Leftovers","|-heal|p2a: Skarmory|187/333 par|[from] item: Leftovers","|upkeep","|turn|135","||adding 10 for new turn","|","|t:|1752918179","|move|p1a: Milotic|Recover|p1a: Milotic","|-heal|p1a: Milotic|393/393","|move|p2a: Skarmory|Drill Peck|p1a: Milotic","|-damage|p1a: Milotic|324/393","|","|-weather|Sandstorm|[upkeep]","|-damage|p1a: Milotic|300/393|[from] Sandstorm","|-heal|p1a: Milotic|324/393|[from] item: Leftovers","|-heal|p2a: Skarmory|207/333 par|[from] item: Leftovers","|upkeep","|turn|136","||adding 10 for new turn","|","|t:|1752918180","|move|p1a: Milotic|Surf|p2a: Skarmory","|-crit|p2a: Skarmory","|-damage|p2a: Skarmory|0 fnt","|faint|p2a: Skarmory","||adding 5 to each for mid turn request","|","|t:|1752918181","|switch|p2a: Blissey|Blissey, F|579/661","|-damage|p2a: Blissey|414/661|[from] Spikes","|","|-weather|Sandstorm|[upkeep]","|-damage|p1a: Milotic|300/393|[from] Sandstorm","|-damage|p2a: Blissey|373/661|[from] Sandstorm","|-heal|p1a: Milotic|324/393|[from] item: Leftovers","|-heal|p2a: Blissey|414/661|[from] item: Leftovers","|upkeep","|turn|137","||adding 10 for new turn","|","|t:|1752918182","|move|p1a: Milotic|Toxic|p2a: Blissey","|-status|p2a: Blissey|tox","|move|p2a: Blissey|Soft-Boiled|p2a: Blissey","|-heal|p2a: Blissey|661/661 tox","|","|-weather|Sandstorm|[upkeep]","|-damage|p1a: Milotic|300/393|[from] Sandstorm","|-damage|p2a: Blissey|620/661 tox|[from] Sandstorm","|-heal|p1a: Milotic|324/393|[from] item: Leftovers","|-heal|p2a: Blissey|661/661 tox|[from] item: Leftovers","|-damage|p2a: Blissey|620/661 tox|[from] psn","|upkeep","|turn|138","||adding 10 for new turn","|","|t:|1752918183","|move|p1a: Milotic|Recover|p1a: Milotic","|-heal|p1a: Milotic|393/393","|move|p2a: Blissey|Seismic Toss|p1a: Milotic","|-damage|p1a: Milotic|293/393","|","|-weather|Sandstorm|[upkeep]","|-damage|p1a: Milotic|269/393|[from] Sandstorm","|-damage|p2a: Blissey|579/661 tox|[from] Sandstorm","|-heal|p1a: Milotic|293/393|[from] item: Leftovers","|-heal|p2a: Blissey|620/661 tox|[from] item: Leftovers","|-damage|p2a: Blissey|538/661 tox|[from] psn","|upkeep","|turn|139","||adding 10 for new turn","|","|t:|1752918184","|-curestatus|p2a: Blissey|tox|[from] ability: Natural Cure","|switch|p2a: Milotic|Milotic, F|393/393","|-damage|p2a: Milotic|295/393|[from] Spikes","|move|p1a: Milotic|Recover|p1a: Milotic","|-heal|p1a: Milotic|393/393","|","|-weather|Sandstorm|[upkeep]","|-damage|p1a: Milotic|369/393|[from] Sandstorm","|-damage|p2a: Milotic|271/393|[from] Sandstorm","|-heal|p1a: Milotic|393/393|[from] item: Leftovers","|-heal|p2a: Milotic|295/393|[from] item: Leftovers","|upkeep","|turn|140","||adding 10 for new turn","|","|t:|1752918185","|switch|p1a: Skarmory|Skarmory, F|26/333 par","|move|p2a: Milotic|Recover|p2a: Milotic","|-heal|p2a: Milotic|393/393","|","|-weather|Sandstorm|[upkeep]","|-damage|p2a: Milotic|369/393|[from] Sandstorm","|-heal|p2a: Milotic|393/393|[from] item: Leftovers","|-heal|p1a: Skarmory|46/333 par|[from] item: Leftovers","|upkeep","|turn|141","||adding 10 for new turn","|","|t:|1752918185","|move|p2a: Milotic|Toxic|p1a: Skarmory|[miss]","|-miss|p2a: Milotic|p1a: Skarmory","|move|p1a: Skarmory|Drill Peck|p2a: Milotic","|-damage|p2a: Milotic|324/393","|","|-weather|Sandstorm|[upkeep]","|-damage|p2a: Milotic|300/393|[from] Sandstorm","|-heal|p2a: Milotic|324/393|[from] item: Leftovers","|-heal|p1a: Skarmory|66/333 par|[from] item: Leftovers","|upkeep","|turn|142","||adding 10 for new turn","|","|t:|1752918186","|move|p2a: Milotic|Recover|p2a: Milotic","|-heal|p2a: Milotic|393/393","|move|p1a: Skarmory|Drill Peck|p2a: Milotic","|-damage|p2a: Milotic|320/393","|","|-weather|Sandstorm|[upkeep]","|-damage|p2a: Milotic|296/393|[from] Sandstorm","|-heal|p2a: Milotic|320/393|[from] item: Leftovers","|-heal|p1a: Skarmory|86/333 par|[from] item: Leftovers","|upkeep","|turn|143","||adding 10 for new turn","|","|t:|1752918187","|move|p2a: Milotic|Recover|p2a: Milotic","|-heal|p2a: Milotic|393/393","|move|p1a: Skarmory|Drill Peck|p2a: Milotic","|-damage|p2a: Milotic|321/393","|","|-weather|Sandstorm|[upkeep]","|-damage|p2a: Milotic|297/393|[from] Sandstorm","|-heal|p2a: Milotic|321/393|[from] item: Leftovers","|-heal|p1a: Skarmory|106/333 par|[from] item: Leftovers","|upkeep","|turn|144","||adding 10 for new turn","|","|t:|1752918188","|move|p2a: Milotic|Recover|p2a: Milotic","|-heal|p2a: Milotic|393/393","|move|p1a: Skarmory|Drill Peck|p2a: Milotic","|-crit|p2a: Milotic","|-damage|p2a: Milotic|246/393","|","|-weather|Sandstorm|[upkeep]","|-damage|p2a: Milotic|222/393|[from] Sandstorm","|-heal|p2a: Milotic|246/393|[from] item: Leftovers","|-heal|p1a: Skarmory|126/333 par|[from] item: Leftovers","|upkeep","|turn|145","||adding 10 for new turn","|","|t:|1752918189","|move|p2a: Milotic|Recover|p2a: Milotic","|-heal|p2a: Milotic|393/393","|cant|p1a: Skarmory|par","|","|-weather|Sandstorm|[upkeep]","|-damage|p2a: Milotic|369/393|[from] Sandstorm","|-heal|p2a: Milotic|393/393|[from] item: Leftovers","|-heal|p1a: Skarmory|146/333 par|[from] item: Leftovers","|upkeep","|turn|146","||adding 10 for new turn","|","|t:|1752918190","|move|p2a: Milotic|Toxic||[still]","|-fail|p2a: Milotic","|cant|p1a: Skarmory|par","|","|-weather|Sandstorm|[upkeep]","|-damage|p2a: Milotic|369/393|[from] Sandstorm","|-heal|p2a: Milotic|393/393|[from] item: Leftovers","|-heal|p1a: Skarmory|166/333 par|[from] item: Leftovers","|upkeep","|turn|147","||adding 10 for new turn","|","|t:|1752918190","|move|p2a: Milotic|Toxic||[still]","|-fail|p2a: Milotic","|move|p1a: Skarmory|Drill Peck|p2a: Milotic","|-damage|p2a: Milotic|322/393","|","|-weather|Sandstorm|[upkeep]","|-damage|p2a: Milotic|298/393|[from] Sandstorm","|-heal|p2a: Milotic|322/393|[from] item: Leftovers","|-heal|p1a: Skarmory|186/333 par|[from] item: Leftovers","|upkeep","|turn|148","||adding 10 for new turn","|","|t:|1752918191","|move|p2a: Milotic|Recover|p2a: Milotic","|-heal|p2a: Milotic|393/393","|move|p1a: Skarmory|Drill Peck|p2a: Milotic","|-damage|p2a: Milotic|328/393","|","|-weather|Sandstorm|[upkeep]","|-damage|p2a: Milotic|304/393|[from] Sandstorm","|-heal|p2a: Milotic|328/393|[from] item: Leftovers","|-heal|p1a: Skarmory|206/333 par|[from] item: Leftovers","|upkeep","|turn|149","||adding 10 for new turn","|","|t:|1752918192","|move|p2a: Milotic|Recover|p2a: Milotic","|-heal|p2a: Milotic|393/393","|move|p1a: Skarmory|Drill Peck|p2a: Milotic","|-damage|p2a: Milotic|321/393","|","|-weather|Sandstorm|[upkeep]","|-damage|p2a: Milotic|297/393|[from] Sandstorm","|-heal|p2a: Milotic|321/393|[from] item: Leftovers","|-heal|p1a: Skarmory|226/333 par|[from] item: Leftovers","|upkeep","|turn|150","||adding 10 for new turn","|","|t:|1752918193","|move|p2a: Milotic|Recover|p2a: Milotic","|-heal|p2a: Milotic|393/393","|move|p1a: Skarmory|Drill Peck|p2a: Milotic","|-damage|p2a: Milotic|322/393","|","|-weather|Sandstorm|[upkeep]","|-damage|p2a: Milotic|298/393|[from] Sandstorm","|-heal|p2a: Milotic|322/393|[from] item: Leftovers","|-heal|p1a: Skarmory|246/333 par|[from] item: Leftovers","|upkeep","|turn|151","||adding 10 for new turn","|","|t:|1752918194","|move|p2a: Milotic|Recover|p2a: Milotic","|-heal|p2a: Milotic|393/393","|move|p1a: Skarmory|Drill Peck|p2a: Milotic","|-damage|p2a: Milotic|325/393","|","|-weather|Sandstorm|[upkeep]","|-damage|p2a: Milotic|301/393|[from] Sandstorm","|-heal|p2a: Milotic|325/393|[from] item: Leftovers","|-heal|p1a: Skarmory|266/333 par|[from] item: Leftovers","|upkeep","|turn|152","||adding 10 for new turn","|","|t:|1752918195","|move|p2a: Milotic|Recover|p2a: Milotic","|-heal|p2a: Milotic|393/393","|move|p1a: Skarmory|Drill Peck|p2a: Milotic","|-crit|p2a: Milotic","|-damage|p2a: Milotic|261/393","|","|-weather|Sandstorm|[upkeep]","|-damage|p2a: Milotic|237/393|[from] Sandstorm","|-heal|p2a: Milotic|261/393|[from] item: Leftovers","|-heal|p1a: Skarmory|286/333 par|[from] item: Leftovers","|upkeep","|turn|153","||adding 10 for new turn","|","|t:|1752918196","|move|p2a: Milotic|Recover|p2a: Milotic","|-heal|p2a: Milotic|393/393","|move|p1a: Skarmory|Drill Peck|p2a: Milotic","|-damage|p2a: Milotic|329/393","|","|-weather|Sandstorm|[upkeep]","|-damage|p2a: Milotic|305/393|[from] Sandstorm","|-heal|p2a: Milotic|329/393|[from] item: Leftovers","|-heal|p1a: Skarmory|306/333 par|[from] item: Leftovers","|upkeep","|turn|154","||adding 10 for new turn","|","|t:|1752918197","|move|p2a: Milotic|Recover|p2a: Milotic","|-heal|p2a: Milotic|393/393","|move|p1a: Skarmory|Drill Peck|p2a: Milotic","|-damage|p2a: Milotic|329/393","|","|-weather|Sandstorm|[upkeep]","|-damage|p2a: Milotic|305/393|[from] Sandstorm","|-heal|p2a: Milotic|329/393|[from] item: Leftovers","|-heal|p1a: Skarmory|326/333 par|[from] item: Leftovers","|upkeep","|turn|155","||adding 10 for new turn","|","|t:|1752918197","|move|p2a: Milotic|Recover|p2a: Milotic","|-heal|p2a: Milotic|393/393","|move|p1a: Skarmory|Drill Peck|p2a: Milotic","|-damage|p2a: Milotic|326/393","|","|-weather|Sandstorm|[upkeep]","|-damage|p2a: Milotic|302/393|[from] Sandstorm","|-heal|p2a: Milotic|326/393|[from] item: Leftovers","|-heal|p1a: Skarmory|333/333 par|[from] item: Leftovers","|upkeep","|turn|156","||adding 10 for new turn","|","|t:|1752918198","|move|p2a: Milotic|Recover|p2a: Milotic","|-heal|p2a: Milotic|393/393","|move|p1a: Skarmory|Drill Peck|p2a: Milotic","|-damage|p2a: Milotic|322/393","|","|-weather|Sandstorm|[upkeep]","|-damage|p2a: Milotic|298/393|[from] Sandstorm","|-heal|p2a: Milotic|322/393|[from] item: Leftovers","|upkeep","|turn|157","||adding 10 for new turn","|","|t:|1752918199","|move|p2a: Milotic|Recover|p2a: Milotic","|-heal|p2a: Milotic|393/393","|cant|p1a: Skarmory|par","|","|-weather|Sandstorm|[upkeep]","|-damage|p2a: Milotic|369/393|[from] Sandstorm","|-heal|p2a: Milotic|393/393|[from] item: Leftovers","|upkeep","|turn|158","||adding 10 for new turn","|","|t:|1752918200","|move|p2a: Milotic|Toxic||[still]","|-fail|p2a: Milotic","|cant|p1a: Skarmory|par","|","|-weather|Sandstorm|[upkeep]","|-damage|p2a: Milotic|369/393|[from] Sandstorm","|-heal|p2a: Milotic|393/393|[from] item: Leftovers","|upkeep","|turn|159","||adding 10 for new turn","|","|t:|1752918201","|move|p2a: Milotic|Toxic||[still]","|-fail|p2a: Milotic","|cant|p1a: Skarmory|par","|","|-weather|Sandstorm|[upkeep]","|-damage|p2a: Milotic|369/393|[from] Sandstorm","|-heal|p2a: Milotic|393/393|[from] item: Leftovers","|upkeep","|turn|160","||adding 10 for new turn","|","|t:|1752918202","|move|p2a: Milotic|Toxic||[still]","|-fail|p2a: Milotic","|move|p1a: Skarmory|Drill Peck|p2a: Milotic","|-damage|p2a: Milotic|326/393","|","|-weather|Sandstorm|[upkeep]","|-damage|p2a: Milotic|302/393|[from] Sandstorm","|-heal|p2a: Milotic|326/393|[from] item: Leftovers","|upkeep","|turn|161","||adding 10 for new turn","|","|t:|1752918202","|move|p2a: Milotic|Recover|p2a: Milotic","|-heal|p2a: Milotic|393/393","|move|p1a: Skarmory|Roar|p2a: Milotic","|drag|p2a: Blissey|Blissey, F|538/661","|-damage|p2a: Blissey|373/661|[from] Spikes","|","|-weather|Sandstorm|[upkeep]","|-damage|p2a: Blissey|332/661|[from] Sandstorm","|-heal|p2a: Blissey|373/661|[from] item: Leftovers","|upkeep","|turn|162","||adding 10 for new turn","|","|t:|1752918203","|move|p2a: Blissey|Soft-Boiled|p2a: Blissey","|-heal|p2a: Blissey|661/661","|move|p1a: Skarmory|Roar|p2a: Blissey","|drag|p2a: Milotic|Milotic, F|393/393","|-damage|p2a: Milotic|295/393|[from] Spikes","|","|-weather|Sandstorm|[upkeep]","|-damage|p2a: Milotic|271/393|[from] Sandstorm","|-heal|p2a: Milotic|295/393|[from] item: Leftovers","|upkeep","|turn|163","||adding 10 for new turn","|","|t:|1752918204","|move|p2a: Milotic|Recover|p2a: Milotic","|-heal|p2a: Milotic|393/393","|move|p1a: Skarmory|Roar|p2a: Milotic","|drag|p2a: Blissey|Blissey, F|661/661","|-damage|p2a: Blissey|496/661|[from] Spikes","|","|-weather|Sandstorm|[upkeep]","|-damage|p2a: Blissey|455/661|[from] Sandstorm","|-heal|p2a: Blissey|496/661|[from] item: Leftovers","|upkeep","|turn|164","||adding 10 for new turn","|","|t:|1752918205","|move|p2a: Blissey|Seismic Toss|p1a: Skarmory","|-damage|p1a: Skarmory|233/333 par","|move|p1a: Skarmory|Roar|p2a: Blissey","|drag|p2a: Milotic|Milotic, F|393/393","|-damage|p2a: Milotic|295/393|[from] Spikes","|","|-weather|Sandstorm|[upkeep]","|-damage|p2a: Milotic|271/393|[from] Sandstorm","|-heal|p2a: Milotic|295/393|[from] item: Leftovers","|-heal|p1a: Skarmory|253/333 par|[from] item: Leftovers","|upkeep","|turn|165","||adding 10 for new turn","|","|t:|1752918206","|move|p2a: Milotic|Recover|p2a: Milotic","|-heal|p2a: Milotic|393/393","|move|p1a: Skarmory|Drill Peck|p2a: Milotic","|-damage|p2a: Milotic|321/393","|","|-weather|Sandstorm|[upkeep]","|-damage|p2a: Milotic|297/393|[from] Sandstorm","|-heal|p2a: Milotic|321/393|[from] item: Leftovers","|-heal|p1a: Skarmory|273/333 par|[from] item: Leftovers","|upkeep","|turn|166","||adding 10 for new turn","|","|t:|1752918207","|move|p2a: Milotic|Recover|p2a: Milotic","|-heal|p2a: Milotic|393/393","|move|p1a: Skarmory|Drill Peck|p2a: Milotic","|-damage|p2a: Milotic|327/393","|","|-weather|Sandstorm|[upkeep]","|-damage|p2a: Milotic|303/393|[from] Sandstorm","|-heal|p2a: Milotic|327/393|[from] item: Leftovers","|-heal|p1a: Skarmory|293/333 par|[from] item: Leftovers","|upkeep","|turn|167","||adding 10 for new turn","|","|t:|1752918208","|move|p2a: Milotic|Recover|p2a: Milotic","|-heal|p2a: Milotic|393/393","|move|p1a: Skarmory|Roar|p2a: Milotic","|drag|p2a: Blissey|Blissey, F|496/661","|-damage|p2a: Blissey|331/661|[from] Spikes","|","|-weather|Sandstorm|[upkeep]","|-damage|p2a: Blissey|290/661|[from] Sandstorm","|-heal|p2a: Blissey|331/661|[from] item: Leftovers","|-heal|p1a: Skarmory|313/333 par|[from] item: Leftovers","|upkeep","|turn|168","||adding 10 for new turn","|","|t:|1752918208","|move|p2a: Blissey|Soft-Boiled|p2a: Blissey","|-heal|p2a: Blissey|661/661","|move|p1a: Skarmory|Roar|p2a: Blissey","|drag|p2a: Milotic|Milotic, F|393/393","|-damage|p2a: Milotic|295/393|[from] Spikes","|","|-weather|Sandstorm|[upkeep]","|-damage|p2a: Milotic|271/393|[from] Sandstorm","|-heal|p2a: Milotic|295/393|[from] item: Leftovers","|-heal|p1a: Skarmory|333/333 par|[from] item: Leftovers","|upkeep","|turn|169","||adding 10 for new turn","|","|t:|1752918209","|move|p2a: Milotic|Recover|p2a: Milotic","|-heal|p2a: Milotic|393/393","|move|p1a: Skarmory|Roar|p2a: Milotic","|drag|p2a: Blissey|Blissey, F|661/661","|-damage|p2a: Blissey|496/661|[from] Spikes","|","|-weather|Sandstorm|[upkeep]","|-damage|p2a: Blissey|455/661|[from] Sandstorm","|-heal|p2a: Blissey|496/661|[from] item: Leftovers","|upkeep","|turn|170","||adding 10 for new turn","|","|t:|1752918210","|move|p2a: Blissey|Soft-Boiled|p2a: Blissey","|-heal|p2a: Blissey|661/661","|move|p1a: Skarmory|Roar|p2a: Blissey","|drag|p2a: Milotic|Milotic, F|393/393","|-damage|p2a: Milotic|295/393|[from] Spikes","|","|-weather|Sandstorm|[upkeep]","|-damage|p2a: Milotic|271/393|[from] Sandstorm","|-heal|p2a: Milotic|295/393|[from] item: Leftovers","|upkeep","|turn|171","||adding 10 for new turn","|","|t:|1752918211","|move|p2a: Milotic|Toxic||[still]","|-fail|p2a: Milotic","|move|p1a: Skarmory|Roar|p2a: Milotic","|drag|p2a: Blissey|Blissey, F|661/661","|-damage|p2a: Blissey|496/661|[from] Spikes","|","|-weather|Sandstorm|[upkeep]","|-damage|p2a: Blissey|455/661|[from] Sandstorm","|-heal|p2a: Blissey|496/661|[from] item: Leftovers","|upkeep","|turn|172","||adding 10 for new turn","|","|t:|1752918211","|move|p2a: Blissey|Soft-Boiled|p2a: Blissey","|-heal|p2a: Blissey|661/661","|move|p1a: Skarmory|Roar|p2a: Blissey","|drag|p2a: Milotic|Milotic, F|295/393","|-damage|p2a: Milotic|197/393|[from] Spikes","|","|-weather|Sandstorm|[upkeep]","|-damage|p2a: Milotic|173/393|[from] Sandstorm","|-heal|p2a: Milotic|197/393|[from] item: Leftovers","|upkeep","|turn|173","||adding 10 for new turn","|","|t:|1752918212","|move|p2a: Milotic|Toxic||[still]","|-fail|p2a: Milotic","|cant|p1a: Skarmory|par","|","|-weather|Sandstorm|[upkeep]","|-damage|p2a: Milotic|173/393|[from] Sandstorm","|-heal|p2a: Milotic|197/393|[from] item: Leftovers","|upkeep","|turn|174","||adding 10 for new turn","|","|t:|1752918213","|move|p2a: Milotic|Toxic||[still]","|-fail|p2a: Milotic","|cant|p1a: Skarmory|par","|","|-weather|Sandstorm|[upkeep]","|-damage|p2a: Milotic|173/393|[from] Sandstorm","|-heal|p2a: Milotic|197/393|[from] item: Leftovers","|upkeep","|turn|175","||adding 10 for new turn","|","|t:|1752918214","|move|p2a: Milotic|Toxic||[still]","|-fail|p2a: Milotic","|move|p1a: Skarmory|Roar|p2a: Milotic","|drag|p2a: Blissey|Blissey, F|661/661","|-damage|p2a: Blissey|496/661|[from] Spikes","|","|-weather|Sandstorm|[upkeep]","|-damage|p2a: Blissey|455/661|[from] Sandstorm","|-heal|p2a: Blissey|496/661|[from] item: Leftovers","|upkeep","|turn|176","||adding 10 for new turn","|","|t:|1752918215","|move|p2a: Blissey|Seismic Toss|p1a: Skarmory","|-damage|p1a: Skarmory|233/333 par","|move|p1a: Skarmory|Roar|p2a: Blissey","|drag|p2a: Milotic|Milotic, F|197/393","|-damage|p2a: Milotic|99/393|[from] Spikes","|","|-weather|Sandstorm|[upkeep]","|-damage|p2a: Milotic|75/393|[from] Sandstorm","|-heal|p2a: Milotic|99/393|[from] item: Leftovers","|-heal|p1a: Skarmory|253/333 par|[from] item: Leftovers","|upkeep","|turn|177","||adding 10 for new turn","|","|t:|1752918216","|switch|p1a: Dugtrio|Dugtrio, M|211/211","|move|p2a: Milotic|Toxic|p1a: Dugtrio","|-status|p1a: Dugtrio|tox","|","|-weather|Sandstorm|[upkeep]","|-damage|p2a: Milotic|75/393|[from] Sandstorm","|-damage|p1a: Dugtrio|198/211 tox|[from] psn","|-heal|p2a: Milotic|99/393|[from] item: Leftovers","|upkeep","|turn|178","||adding 10 for new turn","|","|t:|1752918217","|move|p1a: Dugtrio|Earthquake|p2a: Milotic","|-damage|p2a: Milotic|0 fnt","|faint|p2a: Milotic","||adding 5 to each for mid turn request","|","|t:|1752918217","|switch|p2a: Blissey|Blissey, F|496/661","|-damage|p2a: Blissey|331/661|[from] Spikes","|","|-weather|Sandstorm|[upkeep]","|-damage|p2a: Blissey|290/661|[from] Sandstorm","|-damage|p1a: Dugtrio|172/211 tox|[from] psn","|-heal|p2a: Blissey|331/661|[from] item: Leftovers","|upkeep","|turn|179","||adding 10 for new turn","|","|t:|1752918218","|move|p1a: Dugtrio|Earthquake|p2a: Blissey","|-damage|p2a: Blissey|0 fnt","|faint|p2a: Blissey","|","|win|foultestchallenge1",""],"p1rating":null,"p2rating":null,"endType":"normal","ladderError":true,"timestamp":"Sat Jul 19 2025 02:43:38 GMT-0700 (アメリカ太平洋夏時間)","roomid":"battle-gen3ou-889","format":"gen3ou"}