{"winner":"foultestchallenge1","seed":"sodium,f58bf4979b142263bfd7cddfbb127107","turns":134,"p1":"foultestchallenge1","p2":"foultestacceptor1","p1team":[{"name":"Dugtrio","species":"Dugtrio","item":"Choice Band","ability":"Arena Trap","moves":["Earthquake","Hidden Power Bug","Aerial Ace","Sunny Day"],"nature":"Adamant","evs":{"hp":96,"atk":168,"def":20,"spa":0,"spd":0,"spe":224},"gender":"F","ivs":{"hp":31,"atk":30,"def":30,"spa":31,"spd":30,"spe":31},"happiness":255,"hpType":"Bug","pokeball":"","gigantamax":false,"dynamaxLevel":10,"teraType":"","level":100},{"name":"Forretress","species":"Forretress","item":"Leftovers","ability":"Sturdy","moves":["Spikes","Zap Cannon","Explosion","Hidden Power Bug"],"nature":"Careful","evs":{"hp":252,"atk":0,"def":4,"spa":0,"spd":252,"spe":0},"gender":"F","ivs":{"hp":31,"atk":30,"def":30,"spa":31,"spd":30,"spe":31},"happiness":255,"hpType":"Bug","pokeball":"","gigantamax":false,"dynamaxLevel":10,"teraType":"","level":100},{"name":"Snorlax","species":"Snorlax","item":"Leftovers","ability":"Immunity","moves":["Return","Curse","Rest","Shadow Ball"],"nature":"Careful","evs":{"hp":144,"atk":96,"def":132,"spa":0,"spd":136,"spe":0},"gender":"M","level":100,"ivs":{"hp":31,"atk":31,"def":31,"spa":31,"spd":31,"spe":31}},{"name":"Suicune","species":"Suicune","item":"Leftovers","ability":"Pressure","moves":["Calm Mind","Rest","Ice Beam","Surf"],"nature":"Bold","evs":{"hp":240,"atk":0,"def":252,"spa":0,"spd":0,"spe":16},"gender":"N","ivs":{"hp":31,"atk":0,"def":31,"spa":31,"spd":31,"spe":31},"level":100},{"name":"Claydol","species":"Claydol","item":"Leftovers","ability":"Levitate","moves":["Earthquake","Psychic","Rapid Spin","Rest"],"nature":"Lonely","evs":{"hp":252,"atk":224,"def":0,"spa":24,"spd":0,"spe":8},"gender":"N","level":100,"ivs":{"hp":31,"atk":31,"def":31,"spa":31,"spd":31,"spe":31}},{"name":"Blissey","species":"Blissey","item":"Leftovers","ability":"Natural Cure","moves":["Soft-Boiled","Seismic Toss","Thunder Wave","Aromatherapy"],"nature":"Bold","evs":{"hp":252,"atk":0,"def":252,"spa":0,"spd":0,"spe":4},"gender":"F","ivs":{"hp":31,"atk":0,"def":31,"spa":31,"spd":31,"spe":31},"level":100}],"p2team":[{"name":"Skarmory","species":"Skarmory","item":"Leftovers","ability":"Keen Eye","moves":["Spikes","Protect","Roar","Toxic"],"nature":"Careful","evs":{"hp":252,"atk":0,"def":8,"spa":0,"spd":248,"spe":0},"gender":"F","ivs":{"hp":31,"atk":0,"def":31,"spa":31,"spd":31,"spe":31},"level":100},{"name":"Blissey","species":"Blissey","item":"Leftovers","ability":"Natural Cure","moves":["Soft-Boiled","Ice Beam","Toxic","Fire Blast"],"nature":"Modest","evs":{"hp":0,"atk":0,"def":252,"spa":252,"spd":0,"spe":4},"gender":"F","ivs":{"hp":31,"atk":0,"def":31,"spa":31,"spd":31,"spe":31},"shiny":true,"level":100},{"name":"Tyranitar","species":"Tyranitar","item":"Leftovers","ability":"Sand Stream","moves":["Focus Punch","Rock Slide","Hidden Power Bug","Earthquake"],"nature":"Adamant","evs":{"hp":248,"atk":196,"def":12,"spa":0,"spd":52,"spe":0},"gender":"F","ivs":{"hp":31,"atk":30,"def":30,"spa":31,"spd":30,"spe":31},"happiness":255,"hpType":"Bug","pokeball":"","gigantamax":false,"dynamaxLevel":10,"teraType":"","level":100},{"name":"Swampert","species":"Swampert","item":"Leftovers","ability":"Torrent","moves":["Earthquake","Ice Beam","Hydro Pump","Protect"],"nature":"Relaxed","evs":{"hp":240,"atk":0,"def":136,"spa":40,"spd":48,"spe":44},"gender":"F","level":100,"ivs":{"hp":31,"atk":31,"def":31,"spa":31,"spd":31,"spe":31}},{"name":"Gengar","species":"Gengar","item":"Leftovers","ability":"Levitate","moves":["Will-O-Wisp","Thunderbolt","Ice Punch","Explosion"],"nature":"Timid","evs":{"hp":168,"atk":0,"def":0,"spa":0,"spd":164,"spe":176},"gender":"F","level":100,"ivs":{"hp":31,"atk":31,"def":31,"spa":31,"spd":31,"spe":31}},{"name":"Starmie","species":"Starmie","item":"Leftovers","ability":"Natural Cure","moves":["Hydro Pump","Ice Beam","Thunderbolt","Rapid Spin"],"nature":"Timid","evs":{"hp":4,"atk":0,"def":0,"spa":252,"spd":0,"spe":252},"gender":"N","ivs":{"hp":31,"atk":0,"def":31,"spa":31,"spd":31,"spe":31},"level":100}],"score":[1,0],"inputLog":[">version 372d05e49c92a79eecdf6c8dddb208bd1765c00f",">start {\"formatid\":\"gen3ou\",\"seed\":\"sodium,f58bf4979b142263bfd7cddfbb127107\"}",">player p1 {\"name\":\"foultestchallenge1\",\"avatar\":\"1\",\"team\":\"Dugtrio||ChoiceBand|ArenaTrap|Earthquake,HiddenPowerBug,AerialAce,SunnyDay|Adamant|96,168,20,,,224|F|,30,30,,30,|||,Bug,,,,]Forretress||Leftovers|Sturdy|Spikes,ZapCannon,Explosion,HiddenPowerBug|Careful|252,,4,,252,|F|,30,30,,30,|||,Bug,,,,]Snorlax||Leftovers|Immunity|Return,Curse,Rest,ShadowBall|Careful|144,96,132,,136,|M||||]Suicune||Leftovers|Pressure|CalmMind,Rest,IceBeam,Surf|Bold|240,,252,,,16|N|,0,,,,|||]Claydol||Leftovers|Levitate|Earthquake,Psychic,RapidSpin,Rest|Lonely|252,224,,24,,8|N||||]Blissey||Leftovers|NaturalCure|SoftBoiled,SeismicToss,ThunderWave,Aromatherapy|Bold|252,,252,,,4|F|,0,,,,|||\",\"rating\":0}",">player p2 {\"name\":\"foultestacceptor1\",\"avatar\":\"1\",\"team\":\"Skarmory||Leftovers|KeenEye|Spikes,Protect,Roar,Toxic|Careful|252,,8,,248,|F|,0,,,,|||]Blissey||Leftovers|NaturalCure|SoftBoiled,IceBeam,Toxic,FireBlast|Modest|,,252,252,,4|F|,0,,,,|S||]Tyranitar||Leftovers|SandStream|FocusPunch,RockSlide,HiddenPowerBug,Earthquake|Adamant|248,196,12,,52,|F|,30,30,,30,|||,Bug,,,,]Swampert||Leftovers|Torrent|Earthquake,IceBeam,HydroPump,Protect|Relaxed|240,,136,40,48,44|F||||]Gengar||Leftovers|Levitate|WillOWisp,Thunderbolt,IcePunch,Explosion|Timid|168,,,,164,176|F||||]Starmie||Leftovers|NaturalCure|HydroPump,IceBeam,Thunderbolt,RapidSpin|Timid|4,,,252,,252|N|,0,,,,|||\",\"rating\":0}",">p1 switch 2",">p2 move spikes",">p1 move spikes",">p2 switch 5",">p1 switch 4",">p2 move willowisp",">p1 move calmmind",">p2 move thunderbolt",">p1 move rest",">p2 move thunderbolt",">p1 move icebeam",">p2 move thunderbolt",">p1 switch 5",">p2 move thunderbolt",">p1 move psychic",">p2 move willowisp",">p1 move psychic",">p2 switch 3",">p1 move rapidspin",">p2 move hiddenpower",">p1 move rest",">p2 move rockslide",">p1 switch 4",">p2 move focuspunch",">p1 move hiddenpower",">p2 move rockslide",">p1 move hiddenpower",">p2 move rockslide",">p1 move hiddenpower",">p2 move earthquake",">p1 switch 2",">p1 move earthquake",">p2 move earthquake",">p2 switch 4",">p1 switch 6",">p2 move icebeam",">p1 move aromatherapy",">p2 move earthquake",">p1 move softboiled",">p2 move earthquake",">p1 move softboiled",">p2 move earthquake",">p1 move softboiled",">p2 move earthquake",">p1 move seismictoss",">p2 move earthquake",">p1 move softboiled",">p2 move earthquake",">p1 move softboiled",">p2 move earthquake",">p1 move seismictoss",">p2 move earthquake",">p1 move softboiled",">p2 move earthquake",">p1 move softboiled",">p2 move earthquake",">p1 move seismictoss",">p2 move earthquake",">p1 move softboiled",">p2 move earthquake",">p1 move seismictoss",">p2 move earthquake",">p1 switch 4",">p2 move earthquake",">p1 switch 5",">p2 move hydropump",">p1 move rest",">p2 move earthquake",">p1 move icebeam",">p2 move hydropump",">p1 move rest",">p2 move icebeam",">p1 move calmmind",">p2 move icebeam",">p1 move surf",">p2 move protect",">p1 move surf",">p2 switch 5",">p1 move surf",">p2 move spikes",">p1 move surf",">p2 move protect",">p1 move surf",">p2 switch 2",">p1 move calmmind",">p2 move toxic",">p1 move rest",">p2 move softboiled",">p1 move surf",">p2 switch 2",">p1 move rest",">p2 move roar",">p1 switch 4",">p1 move surf",">p2 move toxic",">p1 move surf",">p2 move protect",">p1 move rest",">p2 move spikes",">p1 move surf",">p2 move spikes",">p1 move calmmind",">p2 move roar",">p1 move rapidspin",">p2 move toxic",">p1 move rest",">p2 move spikes",">p1 switch 5",">p2 move spikes",">p1 move surf",">p2 move toxic",">p1 move surf",">p2 move spikes",">p1 move surf",">p2 move protect",">p1 move rest",">p2 move roar",">p1 switch 5",">p2 move toxic",">p1 move rest",">p2 move roar",">p1 move calmmind",">p2 move roar",">p1 move rapidspin",">p2 move roar",">p1 switch 5",">p2 move roar",">p1 move icebeam",">p2 move roar",">p1 switch 6",">p2 move roar",">p1 move return",">p2 move roar",">p1 move rest",">p2 move roar",">p1 move rapidspin",">p2 switch 3",">p1 move psychic",">p2 move icepunch",">p2 switch 6",">p1 switch 5",">p2 move icebeam",">p1 move shadowball",">p2 move hydropump",">p2 switch 5",">p1 move rest",">p2 move icebeam",">p1 switch 5",">p1 move rapidspin",">p2 move hydropump",">p1 switch 3",">p1 move calmmind",">p2 switch 3",">p1 move rest",">p2 move spikes",">p1 move surf",">p2 move roar",">p1 move aerialace",">p2 move spikes",">p1 move aerialace",">p2 move spikes",">p1 move aerialace",">p2 move protect",">p1 move aerialace",">p2 move toxic",">p1 move aerialace",">p2 move roar",">p1 move surf",">p2 move toxic",">p1 move rest",">p2 move roar",">p1 switch 6",">p1 move icebeam",">p2 move protect",">p1 move icebeam",">p2 move protect",">p1 move calmmind",">p2 move toxic",">p1 move calmmind",">p2 move toxic",">p1 move rest",">p2 move protect",">p1 move icebeam",">p2 move spikes",">p1 move surf",">p2 switch 2",">p1 move calmmind",">p2 move toxic",">p1 move rest",">p2 move softboiled",">p1 move surf",">p2 move icebeam",">p1 move calmmind",">p2 move icebeam",">p1 move calmmind",">p2 move toxic",">p1 move rest",">p2 move icebeam",">p1 move surf",">p2 move icebeam",">p1 move icebeam",">p2 move softboiled",">p1 move surf",">p2 move toxic",">p1 move rest",">p2 move softboiled",">p1 move icebeam",">p2 switch 2",">p1 move icebeam",">p2 switch 2",">p1 move surf",">p2 move toxic",">p1 move surf",">p2 move softboiled",">p1 move surf",">p2 move softboiled",">p1 move icebeam",">p2 move toxic",">p1 move rest",">p2 move softboiled",">p1 move calmmind",">p2 move fireblast",">p1 move icebeam",">p2 move softboiled",">p1 move surf",">p2 move toxic",">p1 move surf",">p2 move toxic",">p1 move rest",">p2 move softboiled",">p1 move calmmind",">p2 move softboiled",">p1 move icebeam",">p2 switch 2",">p1 move surf",">p2 switch 2",">p1 move calmmind",">p2 move softboiled",">p1 move surf",">p2 move softboiled",">p1 move surf",">p2 move softboiled",">p1 move surf",">p2 move softboiled",">p1 move surf",">p2 move softboiled",">p1 move icebeam",">p2 move icebeam",">p1 move icebeam",">p2 move softboiled",">p1 move icebeam",">p2 move icebeam",">p1 move icebeam",">p2 move fireblast",">p1 move icebeam",">p2 move icebeam",">p1 move icebeam",">p2 move fireblast",">p2 switch 3",">p1 move icebeam",">p2 move protect",">p1 move icebeam",">p2 move protect",">p1 move icebeam",">p2 move protect",">p1 move icebeam",">p2 move protect",">p1 move icebeam",">p2 switch 2",">p2 switch 2",">p1 move surf",">p2 move protect",">p1 move icebeam",">p2 move protect",">p1 move icebeam",">p2 move protect",">p1 move icebeam",">p2 move protect"],"log":["|j|☆foultestchallenge1","|j|☆foultestacceptor1","|t:|1752925458","|gametype|singles","|player|p1|foultestchallenge1|1|","|player|p2|foultestacceptor1|1|","|teamsize|p1|6","|teamsize|p2|6","|gen|3","|tier|[Gen 3] OU","|rule|Sleep Clause Mod: Limit one foe put to sleep","|rule|Switch Priority Clause Mod: Faster Pokémon switch first","|rule|Species Clause: Limit one of each Pokémon","|rule|OHKO Clause: OHKO moves are banned","|rule|Evasion Items Clause: Evasion items are banned","|rule|Evasion Moves Clause: Evasion moves are banned","|rule|Endless Battle Clause: Forcing endless battles is banned","|rule|HP Percentage Mod: HP is shown in percentages","|rule|One Boost Passer Clause: Limit one Baton Passer that has a way to boost its stats","|rule|Freeze Clause Mod: Limit one foe frozen","|","|t:|1752925458","|start","|switch|p1a: Dugtrio|Dugtrio, F|235/235","|switch|p2a: Skarmory|Skarmory, F|334/334","|turn|1","|inactive|Battle timer is ON: inactive players will automatically lose when time's up. (requested by foultestchallenge1)","|inactive|foultestacceptor1 also wants the timer to be on.","|","|t:|1752925460","|switch|p1a: Forretress|Forretress, F|354/354","|move|p2a: Skarmory|Spikes|p1a: Forretress","|-sidestart|p1: foultestchallenge1|Spikes","|","|upkeep","|turn|2","||adding 10 for new turn","|","|t:|1752925461","|switch|p2a: Gengar|Gengar, F|303/303","|move|p1a: Forretress|Spikes|p2a: Gengar","|-sidestart|p2: foultestacceptor1|Spikes","|","|upkeep","|turn|3","||adding 10 for new turn","|","|t:|1752925462","|switch|p1a: Suicune|Suicune|401/401","|-damage|p1a: Suicune|351/401|[from] Spikes","|-ability|p1a: Suicune|Pressure|[silent]","|move|p2a: Gengar|Will-O-Wisp|p1a: Suicune","|-status|p1a: Suicune|brn","|","|-heal|p1a: Suicune|376/401 brn|[from] item: Leftovers","|-damage|p1a: Suicune|326/401 brn|[from] brn","|upkeep","|turn|4","||adding 10 for new turn","|","|t:|1752925462","|move|p2a: Gengar|Thunderbolt|p1a: Suicune","|-supereffective|p1a: Suicune","|-damage|p1a: Suicune|152/401 brn","|move|p1a: Suicune|Calm Mind|p1a: Suicune","|-boost|p1a: Suicune|spa|1","|-boost|p1a: Suicune|spd|1","|","|-heal|p1a: Suicune|177/401 brn|[from] item: Leftovers","|-damage|p1a: Suicune|127/401 brn|[from] brn","|upkeep","|turn|5","||adding 10 for new turn","|","|t:|1752925464","|move|p2a: Gengar|Thunderbolt|p1a: Suicune","|-supereffective|p1a: Suicune","|-damage|p1a: Suicune|15/401 brn","|move|p1a: Suicune|Rest|p1a: Suicune","|-status|p1a: Suicune|slp|[from] move: Rest","|-heal|p1a: Suicune|401/401 slp|[silent]","|","|upkeep","|turn|6","||adding 10 for new turn","|","|t:|1752925465","|move|p2a: Gengar|Thunderbolt|p1a: Suicune","|-supereffective|p1a: Suicune","|-crit|p1a: Suicune","|-damage|p1a: Suicune|59/401 slp","|cant|p1a: Suicune|slp","|","|-heal|p1a: Suicune|84/401 slp|[from] item: Leftovers","|upkeep","|turn|7","||adding 10 for new turn","|","|t:|1752925466","|switch|p1a: Claydol|Claydol|324/324","|move|p2a: Gengar|Thunderbolt|p1a: Claydol","|-immune|p1a: Claydol","|","|upkeep","|turn|8","||adding 10 for new turn","|","|t:|1752925467","|move|p2a: Gengar|Will-O-Wisp|p1a: Claydol","|-status|p1a: Claydol|brn","|move|p1a: Claydol|Psychic|p2a: Gengar","|-supereffective|p2a: Gengar","|-damage|p2a: Gengar|121/303","|","|-heal|p2a: Gengar|139/303|[from] item: Leftovers","|-damage|p1a: Claydol|284/324 brn|[from] brn","|upkeep","|turn|9","||adding 10 for new turn","|","|t:|1752925468","|switch|p2a: Tyranitar|Tyranitar, F|403/403","|-damage|p2a: Tyranitar|353/403|[from] Spikes","|-weather|Sandstorm|[from] ability: Sand Stream|[of] p2a: Tyranitar","|move|p1a: Claydol|Psychic|p2a: Tyranitar","|-immune|p2a: Tyranitar","|","|-weather|Sandstorm|[upkeep]","|-heal|p1a: Claydol|304/324 brn|[from] item: Leftovers","|-damage|p1a: Claydol|264/324 brn|[from] brn","|-heal|p2a: Tyranitar|378/403|[from] item: Leftovers","|upkeep","|turn|10","||adding 10 for new turn","|","|t:|1752925469","|move|p1a: Claydol|Rapid Spin|p2a: Tyranitar","|-resisted|p2a: Tyranitar","|-damage|p2a: Tyranitar|374/403","|-sideend|p1: foultestchallenge1|Spikes|[from] move: Rapid Spin|[of] p1a: Claydol","|move|p2a: Tyranitar|Hidden Power|p1a: Claydol","|-supereffective|p1a: Claydol","|-damage|p1a: Claydol|88/324 brn","|","|-weather|Sandstorm|[upkeep]","|-heal|p1a: Claydol|108/324 brn|[from] item: Leftovers","|-damage|p1a: Claydol|68/324 brn|[from] brn","|-heal|p2a: Tyranitar|399/403|[from] item: Leftovers","|upkeep","|turn|11","||adding 10 for new turn","|","|t:|1752925470","|move|p1a: Claydol|Rest|p1a: Claydol","|-status|p1a: Claydol|slp|[from] move: Rest","|-heal|p1a: Claydol|324/324 slp|[silent]","|move|p2a: Tyranitar|Rock Slide|p1a: Claydol","|-resisted|p1a: Claydol","|-crit|p1a: Claydol","|-damage|p1a: Claydol|163/324 slp","|","|-weather|Sandstorm|[upkeep]","|-heal|p1a: Claydol|183/324 slp|[from] item: Leftovers","|-heal|p2a: Tyranitar|403/403|[from] item: Leftovers","|upkeep","|turn|12","||adding 10 for new turn","|","|t:|1752925471","|-singleturn|p2a: Tyranitar|move: Focus Punch","|switch|p1a: Forretress|Forretress, F|354/354","|move|p2a: Tyranitar|Focus Punch|p1a: Forretress","|-damage|p1a: Forretress|203/354","|","|-weather|Sandstorm|[upkeep]","|-heal|p1a: Forretress|225/354|[from] item: Leftovers","|upkeep","|turn|13","||adding 10 for new turn","|","|t:|1752925472","|move|p2a: Tyranitar|Rock Slide|p1a: Forretress","|-damage|p1a: Forretress|125/354","|move|p1a: Forretress|Hidden Power|p2a: Tyranitar","|-supereffective|p2a: Tyranitar","|-damage|p2a: Tyranitar|255/403","|","|-weather|Sandstorm|[upkeep]","|-heal|p2a: Tyranitar|280/403|[from] item: Leftovers","|-heal|p1a: Forretress|147/354|[from] item: Leftovers","|upkeep","|turn|14","||adding 10 for new turn","|","|t:|1752925473","|move|p2a: Tyranitar|Rock Slide|p1a: Forretress","|-damage|p1a: Forretress|32/354","|move|p1a: Forretress|Hidden Power|p2a: Tyranitar","|-supereffective|p2a: Tyranitar","|-damage|p2a: Tyranitar|135/403","|","|-weather|Sandstorm|[upkeep]","|-heal|p2a: Tyranitar|160/403|[from] item: Leftovers","|-heal|p1a: Forretress|54/354|[from] item: Leftovers","|upkeep","|turn|15","||adding 10 for new turn","|","|t:|1752925474","|move|p2a: Tyranitar|Earthquake|p1a: Forretress","|-damage|p1a: Forretress|0 fnt","|faint|p1a: Forretress","||adding 5 to each for mid turn request","|","|t:|1752925475","|switch|p1a: Dugtrio|Dugtrio, F|235/235","|","|-weather|Sandstorm|[upkeep]","|-heal|p2a: Tyranitar|185/403|[from] item: Leftovers","|upkeep","|turn|16","||adding 10 for new turn","|","|t:|1752925475","|move|p1a: Dugtrio|Earthquake|p2a: Tyranitar","|-supereffective|p2a: Tyranitar","|-damage|p2a: Tyranitar|0 fnt","|faint|p2a: Tyranitar","||adding 5 to each for mid turn request","|","|t:|1752925476","|switch|p2a: Swampert|Swampert, F|401/401","|-damage|p2a: Swampert|351/401|[from] Spikes","|","|-weather|Sandstorm|[upkeep]","|-heal|p2a: Swampert|376/401|[from] item: Leftovers","|upkeep","|turn|17","||adding 10 for new turn","|","|t:|1752925477","|switch|p1a: Blissey|Blissey, F|714/714","|move|p2a: Swampert|Ice Beam|p1a: Blissey","|-crit|p1a: Blissey","|-damage|p1a: Blissey|601/714","|","|-weather|Sandstorm|[upkeep]","|-damage|p1a: Blissey|557/714|[from] Sandstorm","|-heal|p2a: Swampert|401/401|[from] item: Leftovers","|-heal|p1a: Blissey|601/714|[from] item: Leftovers","|upkeep","|turn|18","||adding 10 for new turn","|","|t:|1752925478","|move|p2a: Swampert|Earthquake|p1a: Blissey","|-damage|p1a: Blissey|374/714","|move|p1a: Blissey|Aromatherapy|p1a: Blissey","|-cureteam|p1a: Blissey|[from] move: Aromatherapy","|","|-weather|Sandstorm|[upkeep]","|-damage|p1a: Blissey|330/714|[from] Sandstorm","|-heal|p1a: Blissey|374/714|[from] item: Leftovers","|upkeep","|turn|19","||adding 10 for new turn","|","|t:|1752925480","|move|p2a: Swampert|Earthquake|p1a: Blissey","|-damage|p1a: Blissey|157/714","|move|p1a: Blissey|Soft-Boiled|p1a: Blissey","|-heal|p1a: Blissey|514/714","|","|-weather|Sandstorm|[upkeep]","|-damage|p1a: Blissey|470/714|[from] Sandstorm","|-heal|p1a: Blissey|514/714|[from] item: Leftovers","|upkeep","|turn|20","||adding 10 for new turn","|","|t:|1752925481","|move|p2a: Swampert|Earthquake|p1a: Blissey","|-damage|p1a: Blissey|299/714","|move|p1a: Blissey|Soft-Boiled|p1a: Blissey","|-heal|p1a: Blissey|656/714","|","|-weather|Sandstorm|[upkeep]","|-damage|p1a: Blissey|612/714|[from] Sandstorm","|-heal|p1a: Blissey|656/714|[from] item: Leftovers","|upkeep","|turn|21","||adding 10 for new turn","|","|t:|1752925482","|move|p2a: Swampert|Earthquake|p1a: Blissey","|-damage|p1a: Blissey|421/714","|move|p1a: Blissey|Soft-Boiled|p1a: Blissey","|-heal|p1a: Blissey|714/714","|","|-weather|Sandstorm|[upkeep]","|-damage|p1a: Blissey|670/714|[from] Sandstorm","|-heal|p1a: Blissey|714/714|[from] item: Leftovers","|upkeep","|turn|22","||adding 10 for new turn","|","|t:|1752925483","|move|p2a: Swampert|Earthquake|p1a: Blissey","|-damage|p1a: Blissey|477/714","|move|p1a: Blissey|Seismic Toss|p2a: Swampert","|-damage|p2a: Swampert|301/401","|","|-weather|Sandstorm|[upkeep]","|-damage|p1a: Blissey|433/714|[from] Sandstorm","|-heal|p2a: Swampert|326/401|[from] item: Leftovers","|-heal|p1a: Blissey|477/714|[from] item: Leftovers","|upkeep","|turn|23","||adding 10 for new turn","|","|t:|1752925484","|move|p2a: Swampert|Earthquake|p1a: Blissey","|-damage|p1a: Blissey|230/714","|move|p1a: Blissey|Soft-Boiled|p1a: Blissey","|-heal|p1a: Blissey|587/714","|","|-weather|Sandstorm|[upkeep]","|-damage|p1a: Blissey|543/714|[from] Sandstorm","|-heal|p2a: Swampert|351/401|[from] item: Leftovers","|-heal|p1a: Blissey|587/714|[from] item: Leftovers","|upkeep","|turn|24","||adding 10 for new turn","|","|t:|1752925485","|move|p2a: Swampert|Earthquake|p1a: Blissey","|-damage|p1a: Blissey|337/714","|move|p1a: Blissey|Soft-Boiled|p1a: Blissey","|-heal|p1a: Blissey|694/714","|","|-weather|Sandstorm|[upkeep]","|-damage|p1a: Blissey|650/714|[from] Sandstorm","|-heal|p2a: Swampert|376/401|[from] item: Leftovers","|-heal|p1a: Blissey|694/714|[from] item: Leftovers","|upkeep","|turn|25","||adding 10 for new turn","|","|t:|1752925486","|move|p2a: Swampert|Earthquake|p1a: Blissey","|-damage|p1a: Blissey|472/714","|move|p1a: Blissey|Seismic Toss|p2a: Swampert","|-damage|p2a: Swampert|276/401","|","|-weather|Sandstorm|[upkeep]","|-damage|p1a: Blissey|428/714|[from] Sandstorm","|-heal|p2a: Swampert|301/401|[from] item: Leftovers","|-heal|p1a: Blissey|472/714|[from] item: Leftovers","|upkeep","|turn|26","||adding 10 for new turn","|","|t:|1752925487","|move|p2a: Swampert|Earthquake|p1a: Blissey","|-damage|p1a: Blissey|235/714","|move|p1a: Blissey|Soft-Boiled|p1a: Blissey","|-heal|p1a: Blissey|592/714","|","|-weather|Sandstorm|[upkeep]","|-damage|p1a: Blissey|548/714|[from] Sandstorm","|-heal|p2a: Swampert|326/401|[from] item: Leftovers","|-heal|p1a: Blissey|592/714|[from] item: Leftovers","|upkeep","|turn|27","||adding 10 for new turn","|","|t:|1752925488","|move|p2a: Swampert|Earthquake|p1a: Blissey","|-damage|p1a: Blissey|360/714","|move|p1a: Blissey|Soft-Boiled|p1a: Blissey","|-heal|p1a: Blissey|714/714","|","|-weather|Sandstorm|[upkeep]","|-damage|p1a: Blissey|670/714|[from] Sandstorm","|-heal|p2a: Swampert|351/401|[from] item: Leftovers","|-heal|p1a: Blissey|714/714|[from] item: Leftovers","|upkeep","|turn|28","||adding 10 for new turn","|","|t:|1752925489","|move|p2a: Swampert|Earthquake|p1a: Blissey","|-damage|p1a: Blissey|484/714","|move|p1a: Blissey|Seismic Toss|p2a: Swampert","|-damage|p2a: Swampert|251/401","|","|-weather|Sandstorm|[upkeep]","|-damage|p1a: Blissey|440/714|[from] Sandstorm","|-heal|p2a: Swampert|276/401|[from] item: Leftovers","|-heal|p1a: Blissey|484/714|[from] item: Leftovers","|upkeep","|turn|29","||adding 10 for new turn","|","|t:|1752925490","|move|p2a: Swampert|Earthquake|p1a: Blissey","|-damage|p1a: Blissey|239/714","|move|p1a: Blissey|Soft-Boiled|p1a: Blissey","|-heal|p1a: Blissey|596/714","|","|-weather|Sandstorm|[upkeep]","|-damage|p1a: Blissey|552/714|[from] Sandstorm","|-heal|p2a: Swampert|301/401|[from] item: Leftovers","|-heal|p1a: Blissey|596/714|[from] item: Leftovers","|upkeep","|turn|30","||adding 10 for new turn","|","|t:|1752925491","|move|p2a: Swampert|Earthquake|p1a: Blissey","|-crit|p1a: Blissey","|-damage|p1a: Blissey|111/714","|move|p1a: Blissey|Seismic Toss|p2a: Swampert","|-damage|p2a: Swampert|201/401","|","|-weather|Sandstorm|[upkeep]","|-damage|p1a: Blissey|67/714|[from] Sandstorm","|-heal|p2a: Swampert|226/401|[from] item: Leftovers","|-heal|p1a: Blissey|111/714|[from] item: Leftovers","|upkeep","|turn|31","||adding 10 for new turn","|","|t:|1752925492","|switch|p1a: Claydol|Claydol|183/324","|move|p2a: Swampert|Earthquake|p1a: Claydol","|-immune|p1a: Claydol","|","|-weather|Sandstorm|[upkeep]","|-heal|p1a: Claydol|203/324|[from] item: Leftovers","|-heal|p2a: Swampert|251/401|[from] item: Leftovers","|upkeep","|turn|32","||adding 10 for new turn","|","|t:|1752925493","|switch|p1a: Suicune|Suicune|84/401","|-ability|p1a: Suicune|Pressure|[silent]","|move|p2a: Swampert|Hydro Pump|p1a: Suicune|[miss]","|-miss|p2a: Swampert|p1a: Suicune","|","|-weather|Sandstorm|[upkeep]","|-damage|p1a: Suicune|59/401|[from] Sandstorm","|-heal|p1a: Suicune|84/401|[from] item: Leftovers","|-heal|p2a: Swampert|276/401|[from] item: Leftovers","|upkeep","|turn|33","||adding 10 for new turn","|","|t:|1752925493","|move|p1a: Suicune|Rest|p1a: Suicune","|-status|p1a: Suicune|slp|[from] move: Rest","|-heal|p1a: Suicune|401/401 slp|[silent]","|move|p2a: Swampert|Earthquake|p1a: Suicune","|-damage|p1a: Suicune|319/401 slp","|","|-weather|Sandstorm|[upkeep]","|-damage|p1a: Suicune|294/401 slp|[from] Sandstorm","|-heal|p1a: Suicune|319/401 slp|[from] item: Leftovers","|-heal|p2a: Swampert|301/401|[from] item: Leftovers","|upkeep","|turn|34","||adding 10 for new turn","|","|t:|1752925494","|cant|p1a: Suicune|slp","|move|p2a: Swampert|Hydro Pump|p1a: Suicune|[miss]","|-miss|p2a: Swampert|p1a: Suicune","|","|-weather|Sandstorm|[upkeep]","|-damage|p1a: Suicune|294/401 slp|[from] Sandstorm","|-heal|p1a: Suicune|319/401 slp|[from] item: Leftovers","|-heal|p2a: Swampert|326/401|[from] item: Leftovers","|upkeep","|turn|35","||adding 10 for new turn","|","|t:|1752925495","|cant|p1a: Suicune|slp","|move|p2a: Swampert|Ice Beam|p1a: Suicune","|-resisted|p1a: Suicune","|-damage|p1a: Suicune|288/401 slp","|","|-weather|Sandstorm|[upkeep]","|-damage|p1a: Suicune|263/401 slp|[from] Sandstorm","|-heal|p1a: Suicune|288/401 slp|[from] item: Leftovers","|-heal|p2a: Swampert|351/401|[from] item: Leftovers","|upkeep","|turn|36","||adding 10 for new turn","|","|t:|1752925496","|-curestatus|p1a: Suicune|slp|[msg]","|move|p1a: Suicune|Calm Mind|p1a: Suicune","|-boost|p1a: Suicune|spa|1","|-boost|p1a: Suicune|spd|1","|move|p2a: Swampert|Ice Beam|p1a: Suicune","|-resisted|p1a: Suicune","|-damage|p1a: Suicune|269/401","|","|-weather|Sandstorm|[upkeep]","|-damage|p1a: Suicune|244/401|[from] Sandstorm","|-heal|p1a: Suicune|269/401|[from] item: Leftovers","|-heal|p2a: Swampert|376/401|[from] item: Leftovers","|upkeep","|turn|37","||adding 10 for new turn","|","|t:|1752925497","|move|p2a: Swampert|Protect|p2a: Swampert","|-singleturn|p2a: Swampert|Protect","|move|p1a: Suicune|Surf|p2a: Swampert","|-activate|p2a: Swampert|Protect","|","|-weather|Sandstorm|[upkeep]","|-damage|p1a: Suicune|244/401|[from] Sandstorm","|-heal|p1a: Suicune|269/401|[from] item: Leftovers","|-heal|p2a: Swampert|401/401|[from] item: Leftovers","|upkeep","|turn|38","||adding 10 for new turn","|","|t:|1752925498","|switch|p2a: Skarmory|Skarmory, F|334/334","|move|p1a: Suicune|Surf|p2a: Skarmory","|-damage|p2a: Skarmory|196/334","|","|-weather|Sandstorm|[upkeep]","|-damage|p1a: Suicune|244/401|[from] Sandstorm","|-heal|p1a: Suicune|269/401|[from] item: Leftovers","|-heal|p2a: Skarmory|216/334|[from] item: Leftovers","|upkeep","|turn|39","||adding 10 for new turn","|","|t:|1752925499","|move|p1a: Suicune|Surf|p2a: Skarmory","|-damage|p2a: Skarmory|81/334","|move|p2a: Skarmory|Spikes|p1a: Suicune","|-sidestart|p1: foultestchallenge1|Spikes","|","|-weather|Sandstorm|[upkeep]","|-damage|p1a: Suicune|244/401|[from] Sandstorm","|-heal|p1a: Suicune|269/401|[from] item: Leftovers","|-heal|p2a: Skarmory|101/334|[from] item: Leftovers","|upkeep","|turn|40","||adding 10 for new turn","|","|t:|1752925500","|move|p2a: Skarmory|Protect|p2a: Skarmory","|-singleturn|p2a: Skarmory|Protect","|move|p1a: Suicune|Surf|p2a: Skarmory","|-activate|p2a: Skarmory|Protect","|","|-weather|Sandstorm|[upkeep]","|-damage|p1a: Suicune|244/401|[from] Sandstorm","|-heal|p1a: Suicune|269/401|[from] item: Leftovers","|-heal|p2a: Skarmory|121/334|[from] item: Leftovers","|upkeep","|turn|41","||adding 10 for new turn","|","|t:|1752925501","|switch|p2a: Blissey|Blissey, F, shiny|651/651","|-damage|p2a: Blissey|570/651|[from] Spikes","|move|p1a: Suicune|Surf|p2a: Blissey","|-damage|p2a: Blissey|449/651","|","|-weather|Sandstorm|[upkeep]","|-damage|p1a: Suicune|244/401|[from] Sandstorm","|-damage|p2a: Blissey|409/651|[from] Sandstorm","|-heal|p1a: Suicune|269/401|[from] item: Leftovers","|-heal|p2a: Blissey|449/651|[from] item: Leftovers","|upkeep","|turn|42","||adding 10 for new turn","|","|t:|1752925502","|move|p1a: Suicune|Calm Mind|p1a: Suicune","|-boost|p1a: Suicune|spa|1","|-boost|p1a: Suicune|spd|1","|move|p2a: Blissey|Toxic|p1a: Suicune","|-status|p1a: Suicune|tox","|","|-weather|Sandstorm|[upkeep]","|-damage|p1a: Suicune|244/401 tox|[from] Sandstorm","|-damage|p2a: Blissey|409/651|[from] Sandstorm","|-heal|p1a: Suicune|269/401 tox|[from] item: Leftovers","|-damage|p1a: Suicune|244/401 tox|[from] psn","|-heal|p2a: Blissey|449/651|[from] item: Leftovers","|upkeep","|turn|43","||adding 10 for new turn","|","|t:|1752925503","|move|p1a: Suicune|Rest|p1a: Suicune","|-status|p1a: Suicune|slp|[from] move: Rest","|-heal|p1a: Suicune|401/401 slp|[silent]","|move|p2a: Blissey|Soft-Boiled|p2a: Blissey","|-heal|p2a: Blissey|651/651","|","|-weather|Sandstorm|[upkeep]","|-damage|p1a: Suicune|376/401 slp|[from] Sandstorm","|-damage|p2a: Blissey|611/651|[from] Sandstorm","|-heal|p1a: Suicune|401/401 slp|[from] item: Leftovers","|-heal|p2a: Blissey|651/651|[from] item: Leftovers","|upkeep","|turn|44","||adding 10 for new turn","|","|t:|1752925503","|switch|p2a: Skarmory|Skarmory, F|121/334","|cant|p1a: Suicune|slp","|","|-weather|Sandstorm|[upkeep]","|-damage|p1a: Suicune|376/401 slp|[from] Sandstorm","|-heal|p1a: Suicune|401/401 slp|[from] item: Leftovers","|-heal|p2a: Skarmory|141/334|[from] item: Leftovers","|upkeep","|turn|45","||adding 10 for new turn","|","|t:|1752925504","|cant|p1a: Suicune|slp","|move|p2a: Skarmory|Roar|p1a: Suicune","|drag|p1a: Blissey|Blissey, F|111/714","|-damage|p1a: Blissey|22/714|[from] Spikes","|","|-weather|Sandstorm|[upkeep]","|-damage|p1a: Blissey|0 fnt|[from] Sandstorm","|faint|p1a: Blissey","|-heal|p2a: Skarmory|161/334|[from] item: Leftovers","|upkeep","||adding 5 to each for mid turn request","|","|t:|1752925505","|switch|p1a: Suicune|Suicune|401/401 slp","|-damage|p1a: Suicune|351/401 slp|[from] Spikes","|-ability|p1a: Suicune|Pressure|[silent]","|turn|46","||adding 10 for new turn","|","|t:|1752925506","|-curestatus|p1a: Suicune|slp|[msg]","|move|p1a: Suicune|Surf|p2a: Skarmory","|-damage|p2a: Skarmory|73/334","|move|p2a: Skarmory|Toxic|p1a: Suicune","|-status|p1a: Suicune|tox","|","|-weather|Sandstorm|[upkeep]","|-damage|p1a: Suicune|326/401 tox|[from] Sandstorm","|-heal|p1a: Suicune|351/401 tox|[from] item: Leftovers","|-damage|p1a: Suicune|326/401 tox|[from] psn","|-heal|p2a: Skarmory|93/334|[from] item: Leftovers","|upkeep","|turn|47","||adding 10 for new turn","|","|t:|1752925506","|move|p2a: Skarmory|Protect|p2a: Skarmory","|-singleturn|p2a: Skarmory|Protect","|move|p1a: Suicune|Surf|p2a: Skarmory","|-activate|p2a: Skarmory|Protect","|","|-weather|Sandstorm|[upkeep]","|-damage|p1a: Suicune|301/401 tox|[from] Sandstorm","|-heal|p1a: Suicune|326/401 tox|[from] item: Leftovers","|-damage|p1a: Suicune|276/401 tox|[from] psn","|-heal|p2a: Skarmory|113/334|[from] item: Leftovers","|upkeep","|turn|48","||adding 10 for new turn","|","|t:|1752925507","|move|p1a: Suicune|Rest|p1a: Suicune","|-status|p1a: Suicune|slp|[from] move: Rest","|-heal|p1a: Suicune|401/401 slp|[silent]","|move|p2a: Skarmory|Spikes|p1a: Suicune","|-sidestart|p1: foultestchallenge1|Spikes","|","|-weather|Sandstorm|[upkeep]","|-damage|p1a: Suicune|376/401 slp|[from] Sandstorm","|-heal|p1a: Suicune|401/401 slp|[from] item: Leftovers","|-heal|p2a: Skarmory|133/334|[from] item: Leftovers","|upkeep","|turn|49","||adding 10 for new turn","|","|t:|1752925508","|cant|p1a: Suicune|slp","|move|p2a: Skarmory|Spikes|p1a: Suicune","|-sidestart|p1: foultestchallenge1|Spikes","|","|-weather|Sandstorm|[upkeep]","|-damage|p1a: Suicune|376/401 slp|[from] Sandstorm","|-heal|p1a: Suicune|401/401 slp|[from] item: Leftovers","|-heal|p2a: Skarmory|153/334|[from] item: Leftovers","|upkeep","|turn|50","||adding 10 for new turn","|","|t:|1752925509","|cant|p1a: Suicune|slp","|move|p2a: Skarmory|Roar|p1a: Suicune","|drag|p1a: Claydol|Claydol|203/324","|","|-weather|Sandstorm|[upkeep]","|-heal|p1a: Claydol|223/324|[from] item: Leftovers","|-heal|p2a: Skarmory|173/334|[from] item: Leftovers","|upkeep","|turn|51","||adding 10 for new turn","|","|t:|1752925509","|move|p1a: Claydol|Rapid Spin|p2a: Skarmory","|-resisted|p2a: Skarmory","|-damage|p2a: Skarmory|167/334","|-sideend|p1: foultestchallenge1|Spikes|[from] move: Rapid Spin|[of] p1a: Claydol","|move|p2a: Skarmory|Toxic|p1a: Claydol","|-status|p1a: Claydol|tox","|","|-weather|Sandstorm|[upkeep]","|-heal|p1a: Claydol|243/324 tox|[from] item: Leftovers","|-damage|p1a: Claydol|223/324 tox|[from] psn","|-heal|p2a: Skarmory|187/334|[from] item: Leftovers","|upkeep","|turn|52","||adding 10 for new turn","|","|t:|1752925510","|move|p1a: Claydol|Rest|p1a: Claydol","|-status|p1a: Claydol|slp|[from] move: Rest","|-heal|p1a: Claydol|324/324 slp|[silent]","|move|p2a: Skarmory|Spikes|p1a: Claydol","|-sidestart|p1: foultestchallenge1|Spikes","|","|-weather|Sandstorm|[upkeep]","|-heal|p2a: Skarmory|207/334|[from] item: Leftovers","|upkeep","|turn|53","||adding 10 for new turn","|","|t:|1752925511","|switch|p1a: Suicune|Suicune|401/401 slp","|-damage|p1a: Suicune|351/401 slp|[from] Spikes","|-ability|p1a: Suicune|Pressure|[silent]","|move|p2a: Skarmory|Spikes|p1a: Suicune","|-sidestart|p1: foultestchallenge1|Spikes","|","|-weather|Sandstorm|[upkeep]","|-damage|p1a: Suicune|326/401 slp|[from] Sandstorm","|-heal|p1a: Suicune|351/401 slp|[from] item: Leftovers","|-heal|p2a: Skarmory|227/334|[from] item: Leftovers","|upkeep","|turn|54","||adding 10 for new turn","|","|t:|1752925512","|-curestatus|p1a: Suicune|slp|[msg]","|move|p1a: Suicune|Surf|p2a: Skarmory","|-damage|p2a: Skarmory|131/334","|move|p2a: Skarmory|Toxic|p1a: Suicune","|-status|p1a: Suicune|tox","|","|-weather|Sandstorm|[upkeep]","|-damage|p1a: Suicune|326/401 tox|[from] Sandstorm","|-heal|p1a: Suicune|351/401 tox|[from] item: Leftovers","|-damage|p1a: Suicune|326/401 tox|[from] psn","|-heal|p2a: Skarmory|151/334|[from] item: Leftovers","|upkeep","|turn|55","||adding 10 for new turn","|","|t:|1752925512","|move|p1a: Suicune|Surf|p2a: Skarmory","|-damage|p2a: Skarmory|60/334","|move|p2a: Skarmory|Spikes|p1a: Suicune","|-sidestart|p1: foultestchallenge1|Spikes","|","|-weather|Sandstorm|[upkeep]","|-damage|p1a: Suicune|301/401 tox|[from] Sandstorm","|-heal|p1a: Suicune|326/401 tox|[from] item: Leftovers","|-damage|p1a: Suicune|276/401 tox|[from] psn","|-heal|p2a: Skarmory|80/334|[from] item: Leftovers","|upkeep","|turn|56","||adding 10 for new turn","|","|t:|1752925513","|move|p2a: Skarmory|Protect|p2a: Skarmory","|-singleturn|p2a: Skarmory|Protect","|move|p1a: Suicune|Surf|p2a: Skarmory","|-activate|p2a: Skarmory|Protect","|","|-weather|Sandstorm|[upkeep]","|-damage|p1a: Suicune|251/401 tox|[from] Sandstorm","|-heal|p1a: Suicune|276/401 tox|[from] item: Leftovers","|-damage|p1a: Suicune|201/401 tox|[from] psn","|-heal|p2a: Skarmory|100/334|[from] item: Leftovers","|upkeep","|turn|57","||adding 10 for new turn","|","|t:|1752925514","|move|p1a: Suicune|Rest|p1a: Suicune","|-status|p1a: Suicune|slp|[from] move: Rest","|-heal|p1a: Suicune|401/401 slp|[silent]","|move|p2a: Skarmory|Roar|p1a: Suicune","|drag|p1a: Dugtrio|Dugtrio, F|235/235","|-damage|p1a: Dugtrio|177/235|[from] Spikes","|","|-weather|Sandstorm|[upkeep]","|-heal|p2a: Skarmory|120/334|[from] item: Leftovers","|upkeep","|turn|58","||adding 10 for new turn","|","|t:|1752925515","|switch|p1a: Claydol|Claydol|324/324 slp","|move|p2a: Skarmory|Toxic||[still]","|-fail|p2a: Skarmory","|","|-weather|Sandstorm|[upkeep]","|-heal|p2a: Skarmory|140/334|[from] item: Leftovers","|upkeep","|turn|59","||adding 10 for new turn","|","|t:|1752925515","|cant|p1a: Claydol|slp","|move|p2a: Skarmory|Roar|p1a: Claydol","|drag|p1a: Suicune|Suicune|401/401 slp","|-damage|p1a: Suicune|301/401 slp|[from] Spikes","|-ability|p1a: Suicune|Pressure|[silent]","|","|-weather|Sandstorm|[upkeep]","|-damage|p1a: Suicune|276/401 slp|[from] Sandstorm","|-heal|p1a: Suicune|301/401 slp|[from] item: Leftovers","|-heal|p2a: Skarmory|160/334|[from] item: Leftovers","|upkeep","|turn|60","||adding 10 for new turn","|","|t:|1752925516","|cant|p1a: Suicune|slp","|move|p2a: Skarmory|Roar|p1a: Suicune","|drag|p1a: Claydol|Claydol|324/324 slp","|","|-weather|Sandstorm|[upkeep]","|-heal|p2a: Skarmory|180/334|[from] item: Leftovers","|upkeep","|turn|61","||adding 10 for new turn","|","|t:|1752925517","|cant|p1a: Claydol|slp","|move|p2a: Skarmory|Roar|p1a: Claydol","|drag|p1a: Dugtrio|Dugtrio, F|177/235","|-damage|p1a: Dugtrio|119/235|[from] Spikes","|","|-weather|Sandstorm|[upkeep]","|-heal|p2a: Skarmory|200/334|[from] item: Leftovers","|upkeep","|turn|62","||adding 10 for new turn","|","|t:|1752925518","|switch|p1a: Claydol|Claydol|324/324 slp","|move|p2a: Skarmory|Roar|p1a: Claydol","|drag|p1a: Suicune|Suicune|301/401 slp","|-damage|p1a: Suicune|201/401 slp|[from] Spikes","|-ability|p1a: Suicune|Pressure|[silent]","|","|-weather|Sandstorm|[upkeep]","|-damage|p1a: Suicune|176/401 slp|[from] Sandstorm","|-heal|p1a: Suicune|201/401 slp|[from] item: Leftovers","|-heal|p2a: Skarmory|220/334|[from] item: Leftovers","|upkeep","|turn|63","||adding 10 for new turn","|","|t:|1752925518","|cant|p1a: Suicune|slp","|move|p2a: Skarmory|Roar|p1a: Suicune","|drag|p1a: Dugtrio|Dugtrio, F|119/235","|-damage|p1a: Dugtrio|61/235|[from] Spikes","|","|-weather|Sandstorm|[upkeep]","|-heal|p2a: Skarmory|240/334|[from] item: Leftovers","|upkeep","|turn|64","||adding 10 for new turn","|","|t:|1752925519","|switch|p1a: Claydol|Claydol|324/324 slp","|move|p2a: Skarmory|Roar|p1a: Claydol","|drag|p1a: Snorlax|Snorlax, M|497/497","|-damage|p1a: Snorlax|373/497|[from] Spikes","|","|-weather|Sandstorm|[upkeep]","|-damage|p1a: Snorlax|342/497|[from] Sandstorm","|-heal|p2a: Skarmory|260/334|[from] item: Leftovers","|-heal|p1a: Snorlax|373/497|[from] item: Leftovers","|upkeep","|turn|65","||adding 10 for new turn","|","|t:|1752925520","|move|p1a: Snorlax|Return|p2a: Skarmory","|-resisted|p2a: Skarmory","|-damage|p2a: Skarmory|206/334","|move|p2a: Skarmory|Roar|p1a: Snorlax","|drag|p1a: Suicune|Suicune|201/401 slp","|-damage|p1a: Suicune|101/401 slp|[from] Spikes","|-ability|p1a: Suicune|Pressure|[silent]","|","|-weather|Sandstorm|[upkeep]","|-damage|p1a: Suicune|76/401 slp|[from] Sandstorm","|-heal|p1a: Suicune|101/401 slp|[from] item: Leftovers","|-heal|p2a: Skarmory|226/334|[from] item: Leftovers","|upkeep","|turn|66","||adding 10 for new turn","|","|t:|1752925521","|-curestatus|p1a: Suicune|slp|[msg]","|move|p1a: Suicune|Rest|p1a: Suicune","|-status|p1a: Suicune|slp|[from] move: Rest","|-heal|p1a: Suicune|401/401 slp|[silent]","|move|p2a: Skarmory|Roar|p1a: Suicune","|drag|p1a: Claydol|Claydol|324/324 slp","|","|-weather|Sandstorm|[upkeep]","|-heal|p2a: Skarmory|246/334|[from] item: Leftovers","|upkeep","|turn|67","||adding 10 for new turn","|","|t:|1752925522","|switch|p2a: Gengar|Gengar, F|139/303","|-curestatus|p1a: Claydol|slp|[msg]","|move|p1a: Claydol|Rapid Spin|p2a: Gengar","|-immune|p2a: Gengar","|","|-weather|Sandstorm|[upkeep]","|-damage|p2a: Gengar|121/303|[from] Sandstorm","|-heal|p2a: Gengar|139/303|[from] item: Leftovers","|upkeep","|turn|68","||adding 10 for new turn","|","|t:|1752925523","|move|p2a: Gengar|Ice Punch|p1a: Claydol","|-supereffective|p1a: Claydol","|-crit|p1a: Claydol","|-damage|p1a: Claydol|87/324","|move|p1a: Claydol|Psychic|p2a: Gengar","|-supereffective|p2a: Gengar","|-damage|p2a: Gengar|0 fnt","|faint|p2a: Gengar","||adding 5 to each for mid turn request","|","|t:|1752925523","|switch|p2a: Starmie|Starmie|262/262","|-damage|p2a: Starmie|230/262|[from] Spikes","|","|-weather|Sandstorm|[upkeep]","|-damage|p2a: Starmie|214/262|[from] Sandstorm","|-heal|p2a: Starmie|230/262|[from] item: Leftovers","|-heal|p1a: Claydol|107/324|[from] item: Leftovers","|upkeep","|turn|69","||adding 10 for new turn","|","|t:|1752925524","|switch|p1a: Snorlax|Snorlax, M|373/497","|-damage|p1a: Snorlax|249/497|[from] Spikes","|move|p2a: Starmie|Ice Beam|p1a: Snorlax","|-damage|p1a: Snorlax|180/497","|","|-weather|Sandstorm|[upkeep]","|-damage|p2a: Starmie|214/262|[from] Sandstorm","|-damage|p1a: Snorlax|149/497|[from] Sandstorm","|-heal|p2a: Starmie|230/262|[from] item: Leftovers","|-heal|p1a: Snorlax|180/497|[from] item: Leftovers","|upkeep","|turn|70","||adding 10 for new turn","|","|t:|1752925525","|move|p2a: Starmie|Hydro Pump|p1a: Snorlax","|-damage|p1a: Snorlax|41/497","|move|p1a: Snorlax|Shadow Ball|p2a: Starmie","|-supereffective|p2a: Starmie","|-crit|p2a: Starmie","|-damage|p2a: Starmie|0 fnt","|faint|p2a: Starmie","||adding 5 to each for mid turn request","|","|t:|1752925526","|switch|p2a: Swampert|Swampert, F|401/401","|-damage|p2a: Swampert|351/401|[from] Spikes","|","|-weather|Sandstorm|[upkeep]","|-damage|p1a: Snorlax|10/497|[from] Sandstorm","|-heal|p2a: Swampert|376/401|[from] item: Leftovers","|-heal|p1a: Snorlax|41/497|[from] item: Leftovers","|upkeep","|turn|71","||adding 10 for new turn","|","|t:|1752925527","|move|p2a: Swampert|Ice Beam|p1a: Snorlax","|-damage|p1a: Snorlax|0 fnt","|faint|p1a: Snorlax","||adding 5 to each for mid turn request","|","|t:|1752925528","|switch|p1a: Claydol|Claydol|107/324","|","|-weather|Sandstorm|[upkeep]","|-heal|p1a: Claydol|127/324|[from] item: Leftovers","|-heal|p2a: Swampert|401/401|[from] item: Leftovers","|upkeep","|turn|72","||adding 10 for new turn","|","|t:|1752925529","|move|p1a: Claydol|Rapid Spin|p2a: Swampert","|-damage|p2a: Swampert|386/401","|-sideend|p1: foultestchallenge1|Spikes|[from] move: Rapid Spin|[of] p1a: Claydol","|move|p2a: Swampert|Hydro Pump|p1a: Claydol","|-supereffective|p1a: Claydol","|-damage|p1a: Claydol|0 fnt","|faint|p1a: Claydol","||adding 5 to each for mid turn request","|","|t:|1752925529","|switch|p1a: Suicune|Suicune|401/401 slp","|-ability|p1a: Suicune|Pressure|[silent]","|","|-weather|Sandstorm|[upkeep]","|-damage|p1a: Suicune|376/401 slp|[from] Sandstorm","|-heal|p1a: Suicune|401/401 slp|[from] item: Leftovers","|-heal|p2a: Swampert|401/401|[from] item: Leftovers","|upkeep","|turn|73","||adding 10 for new turn","|","|t:|1752925530","|switch|p2a: Skarmory|Skarmory, F|246/334","|cant|p1a: Suicune|slp","|","|-weather|Sandstorm|[upkeep]","|-damage|p1a: Suicune|376/401 slp|[from] Sandstorm","|-heal|p1a: Suicune|401/401 slp|[from] item: Leftovers","|-heal|p2a: Skarmory|266/334|[from] item: Leftovers","|upkeep","|turn|74","||adding 10 for new turn","|","|t:|1752925531","|cant|p1a: Suicune|slp","|move|p2a: Skarmory|Spikes|p1a: Suicune","|-sidestart|p1: foultestchallenge1|Spikes","|","|-weather|Sandstorm|[upkeep]","|-damage|p1a: Suicune|376/401 slp|[from] Sandstorm","|-heal|p1a: Suicune|401/401 slp|[from] item: Leftovers","|-heal|p2a: Skarmory|286/334|[from] item: Leftovers","|upkeep","|turn|75","||adding 10 for new turn","|","|t:|1752925531","|-curestatus|p1a: Suicune|slp|[msg]","|move|p1a: Suicune|Surf|p2a: Skarmory","|-damage|p2a: Skarmory|199/334","|move|p2a: Skarmory|Roar|p1a: Suicune","|drag|p1a: Dugtrio|Dugtrio, F|61/235","|-damage|p1a: Dugtrio|32/235|[from] Spikes","|","|-weather|Sandstorm|[upkeep]","|-heal|p2a: Skarmory|219/334|[from] item: Leftovers","|upkeep","|turn|76","||adding 10 for new turn","|","|t:|1752925532","|move|p1a: Dugtrio|Aerial Ace|p2a: Skarmory","|-resisted|p2a: Skarmory","|-damage|p2a: Skarmory|189/334","|move|p2a: Skarmory|Spikes|p1a: Dugtrio","|-sidestart|p1: foultestchallenge1|Spikes","|","|-weather|Sandstorm|[upkeep]","|-heal|p2a: Skarmory|209/334|[from] item: Leftovers","|upkeep","|turn|77","||adding 10 for new turn","|","|t:|1752925533","|move|p1a: Dugtrio|Aerial Ace|p2a: Skarmory","|-resisted|p2a: Skarmory","|-damage|p2a: Skarmory|182/334","|move|p2a: Skarmory|Spikes|p1a: Dugtrio","|-sidestart|p1: foultestchallenge1|Spikes","|","|-weather|Sandstorm|[upkeep]","|-heal|p2a: Skarmory|202/334|[from] item: Leftovers","|upkeep","|turn|78","||adding 10 for new turn","|","|t:|1752925534","|move|p2a: Skarmory|Protect|p2a: Skarmory","|-singleturn|p2a: Skarmory|Protect","|move|p1a: Dugtrio|Aerial Ace|p2a: Skarmory","|-activate|p2a: Skarmory|Protect","|","|-weather|Sandstorm|[upkeep]","|-heal|p2a: Skarmory|222/334|[from] item: Leftovers","|upkeep","|turn|79","||adding 10 for new turn","|","|t:|1752925535","|move|p1a: Dugtrio|Aerial Ace|p2a: Skarmory","|-resisted|p2a: Skarmory","|-damage|p2a: Skarmory|196/334","|move|p2a: Skarmory|Toxic|p1a: Dugtrio","|-status|p1a: Dugtrio|tox","|","|-weather|Sandstorm|[upkeep]","|-damage|p1a: Dugtrio|18/235 tox|[from] psn","|-heal|p2a: Skarmory|216/334|[from] item: Leftovers","|upkeep","|turn|80","||adding 10 for new turn","|","|t:|1752925536","|move|p1a: Dugtrio|Aerial Ace|p2a: Skarmory","|-resisted|p2a: Skarmory","|-damage|p2a: Skarmory|190/334","|move|p2a: Skarmory|Roar|p1a: Dugtrio","|drag|p1a: Suicune|Suicune|401/401","|-damage|p1a: Suicune|301/401|[from] Spikes","|-ability|p1a: Suicune|Pressure|[silent]","|","|-weather|Sandstorm|[upkeep]","|-damage|p1a: Suicune|276/401|[from] Sandstorm","|-heal|p1a: Suicune|301/401|[from] item: Leftovers","|-heal|p2a: Skarmory|210/334|[from] item: Leftovers","|upkeep","|turn|81","||adding 10 for new turn","|","|t:|1752925537","|move|p1a: Suicune|Surf|p2a: Skarmory","|-damage|p2a: Skarmory|108/334","|move|p2a: Skarmory|Toxic|p1a: Suicune","|-status|p1a: Suicune|tox","|","|-weather|Sandstorm|[upkeep]","|-damage|p1a: Suicune|276/401 tox|[from] Sandstorm","|-heal|p1a: Suicune|301/401 tox|[from] item: Leftovers","|-damage|p1a: Suicune|276/401 tox|[from] psn","|-heal|p2a: Skarmory|128/334|[from] item: Leftovers","|upkeep","|turn|82","||adding 10 for new turn","|","|t:|1752925537","|move|p1a: Suicune|Rest|p1a: Suicune","|-status|p1a: Suicune|slp|[from] move: Rest","|-heal|p1a: Suicune|401/401 slp|[silent]","|move|p2a: Skarmory|Roar|p1a: Suicune","|drag|p1a: Dugtrio|Dugtrio, F|18/235 tox","|-damage|p1a: Dugtrio|0 fnt|[from] Spikes","|faint|p1a: Dugtrio","||adding 5 to each for mid turn request","|","|t:|1752925538","|switch|p1a: Suicune|Suicune|401/401 slp","|-damage|p1a: Suicune|301/401 slp|[from] Spikes","|-ability|p1a: Suicune|Pressure|[silent]","|","|-weather|Sandstorm|[upkeep]","|-damage|p1a: Suicune|276/401 slp|[from] Sandstorm","|-heal|p1a: Suicune|301/401 slp|[from] item: Leftovers","|-heal|p2a: Skarmory|148/334|[from] item: Leftovers","|upkeep","|turn|83","||adding 10 for new turn","|","|t:|1752925539","|move|p2a: Skarmory|Protect|p2a: Skarmory","|-singleturn|p2a: Skarmory|Protect","|cant|p1a: Suicune|slp","|","|-weather|Sandstorm|[upkeep]","|-damage|p1a: Suicune|276/401 slp|[from] Sandstorm","|-heal|p1a: Suicune|301/401 slp|[from] item: Leftovers","|-heal|p2a: Skarmory|168/334|[from] item: Leftovers","|upkeep","|turn|84","||adding 10 for new turn","|","|t:|1752925539","|move|p2a: Skarmory|Protect||[still]","|-fail|p2a: Skarmory","|cant|p1a: Suicune|slp","|","|-weather|Sandstorm|[upkeep]","|-damage|p1a: Suicune|276/401 slp|[from] Sandstorm","|-heal|p1a: Suicune|301/401 slp|[from] item: Leftovers","|-heal|p2a: Skarmory|188/334|[from] item: Leftovers","|upkeep","|turn|85","||adding 10 for new turn","|","|t:|1752925540","|-curestatus|p1a: Suicune|slp|[msg]","|move|p1a: Suicune|Calm Mind|p1a: Suicune","|-boost|p1a: Suicune|spa|1","|-boost|p1a: Suicune|spd|1","|move|p2a: Skarmory|Toxic|p1a: Suicune|[miss]","|-miss|p2a: Skarmory|p1a: Suicune","|","|-weather|Sandstorm|[upkeep]","|-damage|p1a: Suicune|276/401|[from] Sandstorm","|-heal|p1a: Suicune|301/401|[from] item: Leftovers","|-heal|p2a: Skarmory|208/334|[from] item: Leftovers","|upkeep","|turn|86","||adding 10 for new turn","|","|t:|1752925541","|move|p1a: Suicune|Calm Mind|p1a: Suicune","|-boost|p1a: Suicune|spa|1","|-boost|p1a: Suicune|spd|1","|move|p2a: Skarmory|Toxic|p1a: Suicune","|-status|p1a: Suicune|tox","|","|-weather|Sandstorm|[upkeep]","|-damage|p1a: Suicune|276/401 tox|[from] Sandstorm","|-heal|p1a: Suicune|301/401 tox|[from] item: Leftovers","|-damage|p1a: Suicune|276/401 tox|[from] psn","|-heal|p2a: Skarmory|228/334|[from] item: Leftovers","|upkeep","|turn|87","||adding 10 for new turn","|","|t:|1752925541","|move|p2a: Skarmory|Protect|p2a: Skarmory","|-singleturn|p2a: Skarmory|Protect","|move|p1a: Suicune|Rest|p1a: Suicune","|-status|p1a: Suicune|slp|[from] move: Rest","|-heal|p1a: Suicune|401/401 slp|[silent]","|","|-weather|Sandstorm|[upkeep]","|-damage|p1a: Suicune|376/401 slp|[from] Sandstorm","|-heal|p1a: Suicune|401/401 slp|[from] item: Leftovers","|-heal|p2a: Skarmory|248/334|[from] item: Leftovers","|upkeep","|turn|88","||adding 10 for new turn","|","|t:|1752925542","|cant|p1a: Suicune|slp","|move|p2a: Skarmory|Spikes||[still]","|-fail|p2a: Skarmory","|","|-weather|Sandstorm|[upkeep]","|-damage|p1a: Suicune|376/401 slp|[from] Sandstorm","|-heal|p1a: Suicune|401/401 slp|[from] item: Leftovers","|-heal|p2a: Skarmory|268/334|[from] item: Leftovers","|upkeep","|turn|89","||adding 10 for new turn","|","|t:|1752925543","|switch|p2a: Blissey|Blissey, F, shiny|651/651","|-damage|p2a: Blissey|570/651|[from] Spikes","|cant|p1a: Suicune|slp","|","|-weather|Sandstorm|[upkeep]","|-damage|p1a: Suicune|376/401 slp|[from] Sandstorm","|-damage|p2a: Blissey|530/651|[from] Sandstorm","|-heal|p1a: Suicune|401/401 slp|[from] item: Leftovers","|-heal|p2a: Blissey|570/651|[from] item: Leftovers","|upkeep","|turn|90","||adding 10 for new turn","|","|t:|1752925544","|-curestatus|p1a: Suicune|slp|[msg]","|move|p1a: Suicune|Calm Mind|p1a: Suicune","|-boost|p1a: Suicune|spa|1","|-boost|p1a: Suicune|spd|1","|move|p2a: Blissey|Toxic|p1a: Suicune","|-status|p1a: Suicune|tox","|","|-weather|Sandstorm|[upkeep]","|-damage|p1a: Suicune|376/401 tox|[from] Sandstorm","|-damage|p2a: Blissey|530/651|[from] Sandstorm","|-heal|p1a: Suicune|401/401 tox|[from] item: Leftovers","|-damage|p1a: Suicune|376/401 tox|[from] psn","|-heal|p2a: Blissey|570/651|[from] item: Leftovers","|upkeep","|turn|91","||adding 10 for new turn","|","|t:|1752925545","|move|p1a: Suicune|Rest|p1a: Suicune","|-status|p1a: Suicune|slp|[from] move: Rest","|-heal|p1a: Suicune|401/401 slp|[silent]","|move|p2a: Blissey|Soft-Boiled|p2a: Blissey","|-heal|p2a: Blissey|651/651","|","|-weather|Sandstorm|[upkeep]","|-damage|p1a: Suicune|376/401 slp|[from] Sandstorm","|-damage|p2a: Blissey|611/651|[from] Sandstorm","|-heal|p1a: Suicune|401/401 slp|[from] item: Leftovers","|-heal|p2a: Blissey|651/651|[from] item: Leftovers","|upkeep","|turn|92","||adding 10 for new turn","|","|t:|1752925545","|cant|p1a: Suicune|slp","|move|p2a: Blissey|Ice Beam|p1a: Suicune","|-resisted|p1a: Suicune","|-crit|p1a: Suicune","|-damage|p1a: Suicune|321/401 slp","|","|-weather|Sandstorm|[upkeep]","|-damage|p1a: Suicune|296/401 slp|[from] Sandstorm","|-damage|p2a: Blissey|611/651|[from] Sandstorm","|-heal|p1a: Suicune|321/401 slp|[from] item: Leftovers","|-heal|p2a: Blissey|651/651|[from] item: Leftovers","|upkeep","|turn|93","||adding 10 for new turn","|","|t:|1752925546","|cant|p1a: Suicune|slp","|move|p2a: Blissey|Ice Beam|p1a: Suicune","|-resisted|p1a: Suicune","|-damage|p1a: Suicune|305/401 slp","|","|-weather|Sandstorm|[upkeep]","|-damage|p1a: Suicune|280/401 slp|[from] Sandstorm","|-damage|p2a: Blissey|611/651|[from] Sandstorm","|-heal|p1a: Suicune|305/401 slp|[from] item: Leftovers","|-heal|p2a: Blissey|651/651|[from] item: Leftovers","|upkeep","|turn|94","||adding 10 for new turn","|","|t:|1752925547","|-curestatus|p1a: Suicune|slp|[msg]","|move|p1a: Suicune|Calm Mind|p1a: Suicune","|-boost|p1a: Suicune|spa|1","|-boost|p1a: Suicune|spd|1","|move|p2a: Blissey|Toxic|p1a: Suicune","|-status|p1a: Suicune|tox","|","|-weather|Sandstorm|[upkeep]","|-damage|p1a: Suicune|280/401 tox|[from] Sandstorm","|-damage|p2a: Blissey|611/651|[from] Sandstorm","|-heal|p1a: Suicune|305/401 tox|[from] item: Leftovers","|-damage|p1a: Suicune|280/401 tox|[from] psn","|-heal|p2a: Blissey|651/651|[from] item: Leftovers","|upkeep","|turn|95","||adding 10 for new turn","|","|t:|1752925548","|move|p1a: Suicune|Rest|p1a: Suicune","|-status|p1a: Suicune|slp|[from] move: Rest","|-heal|p1a: Suicune|401/401 slp|[silent]","|move|p2a: Blissey|Ice Beam|p1a: Suicune","|-resisted|p1a: Suicune","|-damage|p1a: Suicune|388/401 slp","|","|-weather|Sandstorm|[upkeep]","|-damage|p1a: Suicune|363/401 slp|[from] Sandstorm","|-damage|p2a: Blissey|611/651|[from] Sandstorm","|-heal|p1a: Suicune|388/401 slp|[from] item: Leftovers","|-heal|p2a: Blissey|651/651|[from] item: Leftovers","|upkeep","|turn|96","||adding 10 for new turn","|","|t:|1752925549","|cant|p1a: Suicune|slp","|move|p2a: Blissey|Ice Beam|p1a: Suicune","|-resisted|p1a: Suicune","|-crit|p1a: Suicune","|-damage|p1a: Suicune|318/401 slp","|","|-weather|Sandstorm|[upkeep]","|-damage|p1a: Suicune|293/401 slp|[from] Sandstorm","|-damage|p2a: Blissey|611/651|[from] Sandstorm","|-heal|p1a: Suicune|318/401 slp|[from] item: Leftovers","|-heal|p2a: Blissey|651/651|[from] item: Leftovers","|upkeep","|turn|97","||adding 10 for new turn","|","|t:|1752925549","|cant|p1a: Suicune|slp","|move|p2a: Blissey|Soft-Boiled||[still]","|-fail|p2a: Blissey|heal","|","|-weather|Sandstorm|[upkeep]","|-damage|p1a: Suicune|293/401 slp|[from] Sandstorm","|-damage|p2a: Blissey|611/651|[from] Sandstorm","|-heal|p1a: Suicune|318/401 slp|[from] item: Leftovers","|-heal|p2a: Blissey|651/651|[from] item: Leftovers","|upkeep","|turn|98","||adding 10 for new turn","|","|t:|1752925550","|-curestatus|p1a: Suicune|slp|[msg]","|move|p1a: Suicune|Surf|p2a: Blissey","|-damage|p2a: Blissey|407/651","|move|p2a: Blissey|Toxic|p1a: Suicune","|-status|p1a: Suicune|tox","|","|-weather|Sandstorm|[upkeep]","|-damage|p1a: Suicune|293/401 tox|[from] Sandstorm","|-damage|p2a: Blissey|367/651|[from] Sandstorm","|-heal|p1a: Suicune|318/401 tox|[from] item: Leftovers","|-damage|p1a: Suicune|293/401 tox|[from] psn","|-heal|p2a: Blissey|407/651|[from] item: Leftovers","|upkeep","|turn|99","||adding 10 for new turn","|","|t:|1752925551","|move|p1a: Suicune|Rest|p1a: Suicune","|-status|p1a: Suicune|slp|[from] move: Rest","|-heal|p1a: Suicune|401/401 slp|[silent]","|move|p2a: Blissey|Soft-Boiled|p2a: Blissey","|-heal|p2a: Blissey|651/651","|","|-weather|Sandstorm|[upkeep]","|-damage|p1a: Suicune|376/401 slp|[from] Sandstorm","|-damage|p2a: Blissey|611/651|[from] Sandstorm","|-heal|p1a: Suicune|401/401 slp|[from] item: Leftovers","|-heal|p2a: Blissey|651/651|[from] item: Leftovers","|upkeep","|turn|100","||adding 10 for new turn","|","|t:|1752925552","|switch|p2a: Skarmory|Skarmory, F|268/334","|cant|p1a: Suicune|slp","|","|-weather|Sandstorm|[upkeep]","|-damage|p1a: Suicune|376/401 slp|[from] Sandstorm","|-heal|p1a: Suicune|401/401 slp|[from] item: Leftovers","|-heal|p2a: Skarmory|288/334|[from] item: Leftovers","|upkeep","|turn|101","||adding 10 for new turn","|","|t:|1752925552","|switch|p2a: Blissey|Blissey, F, shiny|651/651","|-damage|p2a: Blissey|570/651|[from] Spikes","|cant|p1a: Suicune|slp","|","|-weather|Sandstorm|[upkeep]","|-damage|p1a: Suicune|376/401 slp|[from] Sandstorm","|-damage|p2a: Blissey|530/651|[from] Sandstorm","|-heal|p1a: Suicune|401/401 slp|[from] item: Leftovers","|-heal|p2a: Blissey|570/651|[from] item: Leftovers","|upkeep","|turn|102","||adding 10 for new turn","|","|t:|1752925553","|-curestatus|p1a: Suicune|slp|[msg]","|move|p1a: Suicune|Surf|p2a: Blissey","|-damage|p2a: Blissey|349/651","|move|p2a: Blissey|Toxic|p1a: Suicune|[miss]","|-miss|p2a: Blissey|p1a: Suicune","|","|-weather|Sandstorm|[upkeep]","|-damage|p1a: Suicune|376/401|[from] Sandstorm","|-damage|p2a: Blissey|309/651|[from] Sandstorm","|-heal|p1a: Suicune|401/401|[from] item: Leftovers","|-heal|p2a: Blissey|349/651|[from] item: Leftovers","|upkeep","|turn|103","||adding 10 for new turn","|","|t:|1752925554","|move|p1a: Suicune|Surf|p2a: Blissey","|-damage|p2a: Blissey|107/651","|move|p2a: Blissey|Soft-Boiled|p2a: Blissey","|-heal|p2a: Blissey|432/651","|","|-weather|Sandstorm|[upkeep]","|-damage|p1a: Suicune|376/401|[from] Sandstorm","|-damage|p2a: Blissey|392/651|[from] Sandstorm","|-heal|p1a: Suicune|401/401|[from] item: Leftovers","|-heal|p2a: Blissey|432/651|[from] item: Leftovers","|upkeep","|turn|104","||adding 10 for new turn","|","|t:|1752925555","|move|p1a: Suicune|Surf|p2a: Blissey","|-damage|p2a: Blissey|206/651","|move|p2a: Blissey|Soft-Boiled|p2a: Blissey","|-heal|p2a: Blissey|531/651","|","|-weather|Sandstorm|[upkeep]","|-damage|p1a: Suicune|376/401|[from] Sandstorm","|-damage|p2a: Blissey|491/651|[from] Sandstorm","|-heal|p1a: Suicune|401/401|[from] item: Leftovers","|-heal|p2a: Blissey|531/651|[from] item: Leftovers","|upkeep","|turn|105","||adding 10 for new turn","|","|t:|1752925556","|move|p1a: Suicune|Ice Beam|p2a: Blissey","|-damage|p2a: Blissey|380/651","|move|p2a: Blissey|Toxic|p1a: Suicune","|-status|p1a: Suicune|tox","|","|-weather|Sandstorm|[upkeep]","|-damage|p1a: Suicune|376/401 tox|[from] Sandstorm","|-damage|p2a: Blissey|340/651|[from] Sandstorm","|-heal|p1a: Suicune|401/401 tox|[from] item: Leftovers","|-damage|p1a: Suicune|376/401 tox|[from] psn","|-heal|p2a: Blissey|380/651|[from] item: Leftovers","|upkeep","|turn|106","||adding 10 for new turn","|","|t:|1752925557","|move|p1a: Suicune|Rest|p1a: Suicune","|-status|p1a: Suicune|slp|[from] move: Rest","|-heal|p1a: Suicune|401/401 slp|[silent]","|move|p2a: Blissey|Soft-Boiled|p2a: Blissey","|-heal|p2a: Blissey|651/651","|","|-weather|Sandstorm|[upkeep]","|-damage|p1a: Suicune|376/401 slp|[from] Sandstorm","|-damage|p2a: Blissey|611/651|[from] Sandstorm","|-heal|p1a: Suicune|401/401 slp|[from] item: Leftovers","|-heal|p2a: Blissey|651/651|[from] item: Leftovers","|upkeep","|turn|107","||adding 10 for new turn","|","|t:|1752925557","|cant|p1a: Suicune|slp","|move|p2a: Blissey|Fire Blast|p1a: Suicune|[miss]","|-miss|p2a: Blissey|p1a: Suicune","|","|-weather|Sandstorm|[upkeep]","|-damage|p1a: Suicune|376/401 slp|[from] Sandstorm","|-damage|p2a: Blissey|611/651|[from] Sandstorm","|-heal|p1a: Suicune|401/401 slp|[from] item: Leftovers","|-heal|p2a: Blissey|651/651|[from] item: Leftovers","|upkeep","|turn|108","||adding 10 for new turn","|","|t:|1752925558","|cant|p1a: Suicune|slp","|move|p2a: Blissey|Soft-Boiled||[still]","|-fail|p2a: Blissey|heal","|","|-weather|Sandstorm|[upkeep]","|-damage|p1a: Suicune|376/401 slp|[from] Sandstorm","|-damage|p2a: Blissey|611/651|[from] Sandstorm","|-heal|p1a: Suicune|401/401 slp|[from] item: Leftovers","|-heal|p2a: Blissey|651/651|[from] item: Leftovers","|upkeep","|turn|109","||adding 10 for new turn","|","|t:|1752925559","|-curestatus|p1a: Suicune|slp|[msg]","|move|p1a: Suicune|Surf|p2a: Blissey","|-damage|p2a: Blissey|419/651","|move|p2a: Blissey|Toxic|p1a: Suicune|[miss]","|-miss|p2a: Blissey|p1a: Suicune","|","|-weather|Sandstorm|[upkeep]","|-damage|p1a: Suicune|376/401|[from] Sandstorm","|-damage|p2a: Blissey|379/651|[from] Sandstorm","|-heal|p1a: Suicune|401/401|[from] item: Leftovers","|-heal|p2a: Blissey|419/651|[from] item: Leftovers","|upkeep","|turn|110","||adding 10 for new turn","|","|t:|1752925560","|move|p1a: Suicune|Surf|p2a: Blissey","|-damage|p2a: Blissey|200/651","|move|p2a: Blissey|Toxic|p1a: Suicune","|-status|p1a: Suicune|tox","|","|-weather|Sandstorm|[upkeep]","|-damage|p1a: Suicune|376/401 tox|[from] Sandstorm","|-damage|p2a: Blissey|160/651|[from] Sandstorm","|-heal|p1a: Suicune|401/401 tox|[from] item: Leftovers","|-damage|p1a: Suicune|376/401 tox|[from] psn","|-heal|p2a: Blissey|200/651|[from] item: Leftovers","|upkeep","|turn|111","||adding 10 for new turn","|","|t:|1752925561","|move|p1a: Suicune|Rest|p1a: Suicune","|-status|p1a: Suicune|slp|[from] move: Rest","|-heal|p1a: Suicune|401/401 slp|[silent]","|move|p2a: Blissey|Soft-Boiled|p2a: Blissey","|-heal|p2a: Blissey|525/651","|","|-weather|Sandstorm|[upkeep]","|-damage|p1a: Suicune|376/401 slp|[from] Sandstorm","|-damage|p2a: Blissey|485/651|[from] Sandstorm","|-heal|p1a: Suicune|401/401 slp|[from] item: Leftovers","|-heal|p2a: Blissey|525/651|[from] item: Leftovers","|upkeep","|turn|112","||adding 10 for new turn","|","|t:|1752925562","|cant|p1a: Suicune|slp","|move|p2a: Blissey|Soft-Boiled|p2a: Blissey","|-heal|p2a: Blissey|651/651","|","|-weather|Sandstorm|[upkeep]","|-damage|p1a: Suicune|376/401 slp|[from] Sandstorm","|-damage|p2a: Blissey|611/651|[from] Sandstorm","|-heal|p1a: Suicune|401/401 slp|[from] item: Leftovers","|-heal|p2a: Blissey|651/651|[from] item: Leftovers","|upkeep","|turn|113","||adding 10 for new turn","|","|t:|1752925562","|switch|p2a: Skarmory|Skarmory, F|288/334","|cant|p1a: Suicune|slp","|","|-weather|Sandstorm|[upkeep]","|-damage|p1a: Suicune|376/401 slp|[from] Sandstorm","|-heal|p1a: Suicune|401/401 slp|[from] item: Leftovers","|-heal|p2a: Skarmory|308/334|[from] item: Leftovers","|upkeep","|turn|114","||adding 10 for new turn","|","|t:|1752925563","|switch|p2a: Blissey|Blissey, F, shiny|651/651","|-damage|p2a: Blissey|570/651|[from] Spikes","|-curestatus|p1a: Suicune|slp|[msg]","|move|p1a: Suicune|Surf|p2a: Blissey","|-damage|p2a: Blissey|351/651","|","|-weather|Sandstorm|[upkeep]","|-damage|p1a: Suicune|376/401|[from] Sandstorm","|-damage|p2a: Blissey|311/651|[from] Sandstorm","|-heal|p1a: Suicune|401/401|[from] item: Leftovers","|-heal|p2a: Blissey|351/651|[from] item: Leftovers","|upkeep","|turn|115","||adding 10 for new turn","|","|t:|1752925564","|move|p1a: Suicune|Calm Mind|p1a: Suicune","|-boost|p1a: Suicune|spa|1","|-boost|p1a: Suicune|spd|1","|move|p2a: Blissey|Soft-Boiled|p2a: Blissey","|-heal|p2a: Blissey|651/651","|","|-weather|Sandstorm|[upkeep]","|-damage|p1a: Suicune|376/401|[from] Sandstorm","|-damage|p2a: Blissey|611/651|[from] Sandstorm","|-heal|p1a: Suicune|401/401|[from] item: Leftovers","|-heal|p2a: Blissey|651/651|[from] item: Leftovers","|upkeep","|turn|116","||adding 10 for new turn","|","|t:|1752925565","|move|p1a: Suicune|Surf|p2a: Blissey","|-crit|p2a: Blissey","|-damage|p2a: Blissey|54/651","|move|p2a: Blissey|Soft-Boiled|p2a: Blissey","|-heal|p2a: Blissey|379/651","|","|-weather|Sandstorm|[upkeep]","|-damage|p1a: Suicune|376/401|[from] Sandstorm","|-damage|p2a: Blissey|339/651|[from] Sandstorm","|-heal|p1a: Suicune|401/401|[from] item: Leftovers","|-heal|p2a: Blissey|379/651|[from] item: Leftovers","|upkeep","|turn|117","||adding 10 for new turn","|","|t:|1752925565","|move|p1a: Suicune|Surf|p2a: Blissey","|-damage|p2a: Blissey|111/651","|move|p2a: Blissey|Soft-Boiled|p2a: Blissey","|-heal|p2a: Blissey|436/651","|","|-weather|Sandstorm|[upkeep]","|-damage|p1a: Suicune|376/401|[from] Sandstorm","|-damage|p2a: Blissey|396/651|[from] Sandstorm","|-heal|p1a: Suicune|401/401|[from] item: Leftovers","|-heal|p2a: Blissey|436/651|[from] item: Leftovers","|upkeep","|turn|118","||adding 10 for new turn","|","|t:|1752925566","|move|p1a: Suicune|Surf|p2a: Blissey","|-damage|p2a: Blissey|180/651","|move|p2a: Blissey|Soft-Boiled|p2a: Blissey","|-heal|p2a: Blissey|505/651","|","|-weather|Sandstorm|[upkeep]","|-damage|p1a: Suicune|376/401|[from] Sandstorm","|-damage|p2a: Blissey|465/651|[from] Sandstorm","|-heal|p1a: Suicune|401/401|[from] item: Leftovers","|-heal|p2a: Blissey|505/651|[from] item: Leftovers","|upkeep","|turn|119","||adding 10 for new turn","|","|t:|1752925567","|move|p1a: Suicune|Surf|p2a: Blissey","|-damage|p2a: Blissey|240/651","|move|p2a: Blissey|Soft-Boiled|p2a: Blissey","|-heal|p2a: Blissey|565/651","|","|-weather|Sandstorm|[upkeep]","|-damage|p1a: Suicune|376/401|[from] Sandstorm","|-damage|p2a: Blissey|525/651|[from] Sandstorm","|-heal|p1a: Suicune|401/401|[from] item: Leftovers","|-heal|p2a: Blissey|565/651|[from] item: Leftovers","|upkeep","|turn|120","||adding 10 for new turn","|","|t:|1752925568","|move|p1a: Suicune|Ice Beam|p2a: Blissey","|-damage|p2a: Blissey|386/651","|move|p2a: Blissey|Ice Beam|p1a: Suicune","|-resisted|p1a: Suicune","|-damage|p1a: Suicune|390/401","|","|-weather|Sandstorm|[upkeep]","|-damage|p1a: Suicune|365/401|[from] Sandstorm","|-damage|p2a: Blissey|346/651|[from] Sandstorm","|-heal|p1a: Suicune|390/401|[from] item: Leftovers","|-heal|p2a: Blissey|386/651|[from] item: Leftovers","|upkeep","|turn|121","||adding 10 for new turn","|","|t:|1752925569","|move|p1a: Suicune|Ice Beam|p2a: Blissey","|-damage|p2a: Blissey|207/651","|move|p2a: Blissey|Soft-Boiled|p2a: Blissey","|-heal|p2a: Blissey|532/651","|","|-weather|Sandstorm|[upkeep]","|-damage|p1a: Suicune|365/401|[from] Sandstorm","|-damage|p2a: Blissey|492/651|[from] Sandstorm","|-heal|p1a: Suicune|390/401|[from] item: Leftovers","|-heal|p2a: Blissey|532/651|[from] item: Leftovers","|upkeep","|turn|122","||adding 10 for new turn","|","|t:|1752925570","|move|p1a: Suicune|Ice Beam|p2a: Blissey","|-damage|p2a: Blissey|355/651","|move|p2a: Blissey|Ice Beam|p1a: Suicune","|-resisted|p1a: Suicune","|-damage|p1a: Suicune|380/401","|-status|p1a: Suicune|frz","|","|-weather|Sandstorm|[upkeep]","|-damage|p1a: Suicune|355/401 frz|[from] Sandstorm","|-damage|p2a: Blissey|315/651|[from] Sandstorm","|-heal|p1a: Suicune|380/401 frz|[from] item: Leftovers","|-heal|p2a: Blissey|355/651|[from] item: Leftovers","|upkeep","|turn|123","||adding 10 for new turn","|","|t:|1752925571","|cant|p1a: Suicune|frz","|move|p2a: Blissey|Fire Blast|p1a: Suicune","|-resisted|p1a: Suicune","|-damage|p1a: Suicune|366/401 frz","|-curestatus|p1a: Suicune|frz|[msg]","|","|-weather|Sandstorm|[upkeep]","|-damage|p1a: Suicune|341/401|[from] Sandstorm","|-damage|p2a: Blissey|315/651|[from] Sandstorm","|-heal|p1a: Suicune|366/401|[from] item: Leftovers","|-heal|p2a: Blissey|355/651|[from] item: Leftovers","|upkeep","|turn|124","||adding 10 for new turn","|","|t:|1752925572","|move|p1a: Suicune|Ice Beam|p2a: Blissey","|-damage|p2a: Blissey|174/651","|-status|p2a: Blissey|frz","|-curestatus|p2a: Blissey|frz|[msg]","|move|p2a: Blissey|Ice Beam|p1a: Suicune","|-resisted|p1a: Suicune","|-damage|p1a: Suicune|355/401","|","|-weather|Sandstorm|[upkeep]","|-damage|p1a: Suicune|330/401|[from] Sandstorm","|-damage|p2a: Blissey|134/651|[from] Sandstorm","|-heal|p1a: Suicune|355/401|[from] item: Leftovers","|-heal|p2a: Blissey|174/651|[from] item: Leftovers","|upkeep","|turn|125","||adding 10 for new turn","|","|t:|1752925573","|move|p1a: Suicune|Ice Beam|p2a: Blissey","|-damage|p2a: Blissey|0 fnt","|faint|p2a: Blissey","||adding 5 to each for mid turn request","|","|t:|1752925573","|switch|p2a: Swampert|Swampert, F|401/401","|-damage|p2a: Swampert|351/401|[from] Spikes","|","|-weather|Sandstorm|[upkeep]","|-damage|p1a: Suicune|330/401|[from] Sandstorm","|-heal|p1a: Suicune|355/401|[from] item: Leftovers","|-heal|p2a: Swampert|376/401|[from] item: Leftovers","|upkeep","|turn|126","||adding 10 for new turn","|","|t:|1752925574","|move|p2a: Swampert|Protect|p2a: Swampert","|-singleturn|p2a: Swampert|Protect","|move|p1a: Suicune|Ice Beam|p2a: Swampert","|-activate|p2a: Swampert|Protect","|","|-weather|Sandstorm|[upkeep]","|-damage|p1a: Suicune|330/401|[from] Sandstorm","|-heal|p1a: Suicune|355/401|[from] item: Leftovers","|-heal|p2a: Swampert|401/401|[from] item: Leftovers","|upkeep","|turn|127","||adding 10 for new turn","|","|t:|1752925575","|move|p2a: Swampert|Protect|p2a: Swampert","|-singleturn|p2a: Swampert|Protect","|move|p1a: Suicune|Ice Beam|p2a: Swampert","|-activate|p2a: Swampert|Protect","|","|-weather|Sandstorm|[upkeep]","|-damage|p1a: Suicune|330/401|[from] Sandstorm","|-heal|p1a: Suicune|355/401|[from] item: Leftovers","|upkeep","|turn|128","||adding 10 for new turn","|","|t:|1752925576","|move|p2a: Swampert|Protect||[still]","|-fail|p2a: Swampert","|move|p1a: Suicune|Ice Beam|p2a: Swampert","|-damage|p2a: Swampert|146/401","|","|-weather|Sandstorm|[upkeep]","|-damage|p1a: Suicune|330/401|[from] Sandstorm","|-heal|p1a: Suicune|355/401|[from] item: Leftovers","|-heal|p2a: Swampert|171/401|[from] item: Leftovers","|upkeep","|turn|129","||adding 10 for new turn","|","|t:|1752925577","|move|p2a: Swampert|Protect|p2a: Swampert","|-singleturn|p2a: Swampert|Protect","|move|p1a: Suicune|Ice Beam|p2a: Swampert","|-activate|p2a: Swampert|Protect","|","|-weather|Sandstorm|[upkeep]","|-damage|p1a: Suicune|330/401|[from] Sandstorm","|-heal|p1a: Suicune|355/401|[from] item: Leftovers","|-heal|p2a: Swampert|196/401|[from] item: Leftovers","|upkeep","|turn|130","||adding 10 for new turn","|","|t:|1752925577","|switch|p2a: Skarmory|Skarmory, F|308/334","|move|p1a: Suicune|Ice Beam|p2a: Skarmory","|-crit|p2a: Skarmory","|-damage|p2a: Skarmory|0 fnt","|faint|p2a: Skarmory","||adding 5 to each for mid turn request","|","|t:|1752925578","|switch|p2a: Swampert|Swampert, F|196/401","|-damage|p2a: Swampert|146/401|[from] Spikes","|","|-weather|Sandstorm|[upkeep]","|-damage|p1a: Suicune|330/401|[from] Sandstorm","|-heal|p1a: Suicune|355/401|[from] item: Leftovers","|-heal|p2a: Swampert|171/401|[from] item: Leftovers","|upkeep","|turn|131","||adding 10 for new turn","|","|t:|1752925579","|move|p2a: Swampert|Protect|p2a: Swampert","|-singleturn|p2a: Swampert|Protect","|move|p1a: Suicune|Surf|p2a: Swampert","|-activate|p2a: Swampert|Protect","|","|-weather|Sandstorm|[upkeep]","|-damage|p1a: Suicune|330/401|[from] Sandstorm","|-heal|p1a: Suicune|355/401|[from] item: Leftovers","|-heal|p2a: Swampert|196/401|[from] item: Leftovers","|upkeep","|turn|132","||adding 10 for new turn","|","|t:|1752925580","|move|p2a: Swampert|Protect|p2a: Swampert","|-singleturn|p2a: Swampert|Protect","|move|p1a: Suicune|Ice Beam|p2a: Swampert","|-activate|p2a: Swampert|Protect","|","|-weather|Sandstorm|[upkeep]","|-damage|p1a: Suicune|330/401|[from] Sandstorm","|-heal|p1a: Suicune|355/401|[from] item: Leftovers","|-heal|p2a: Swampert|221/401|[from] item: Leftovers","|upkeep","|turn|133","||adding 10 for new turn","|","|t:|1752925580","|move|p2a: Swampert|Protect|p2a: Swampert","|-singleturn|p2a: Swampert|Protect","|move|p1a: Suicune|Ice Beam|p2a: Swampert","|-activate|p2a: Swampert|Protect","|","|-weather|Sandstorm|[upkeep]","|-damage|p1a: Suicune|330/401|[from] Sandstorm","|-heal|p1a: Suicune|355/401|[from] item: Leftovers","|-heal|p2a: Swampert|246/401|[from] item: Leftovers","|upkeep","|turn|134","||adding 10 for new turn","|","|t:|1752925581","|move|p2a: Swampert|Protect||[still]","|-fail|p2a: Swampert","|move|p1a: Suicune|Ice Beam|p2a: Swampert","|-damage|p2a: Swampert|0 fnt","|faint|p2a: Swampert","|","|win|foultestchallenge1",""],"p1rating":null,"p2rating":null,"endType":"normal","ladderError":true,"timestamp":"Sat Jul 19 2025 04:46:21 GMT-0700 (アメリカ太平洋夏時間)","roomid":"battle-gen3ou-968","format":"gen3ou"}