{"winner":"foultestchallenge1","seed":"sodium,b645b13b2799da2d63aae7efdf07bd0b","turns":51,"p1":"foultestchallenge1","p2":"foultestacceptor1","p1team":[{"name":"Skarmory","species":"Skarmory","item":"Leftovers","ability":"Keen Eye","moves":["Spikes","Roar","Toxic","Protect"],"nature":"Careful","evs":{"hp":252,"atk":0,"def":0,"spa":0,"spd":252,"spe":4},"gender":"F","ivs":{"hp":31,"atk":0,"def":31,"spa":31,"spd":31,"spe":31},"level":100},{"name":"Jolteon","species":"Jolteon","item":"Leftovers","ability":"Volt Absorb","moves":["Thunderbolt","Thunder Wave","Hidden Power Grass","Baton Pass"],"nature":"Timid","evs":{"hp":4,"atk":0,"def":0,"spa":252,"spd":0,"spe":252},"gender":"F","ivs":{"hp":31,"atk":2,"def":31,"spa":30,"spd":31,"spe":31},"happiness":255,"hpType":"Grass","pokeball":"","gigantamax":false,"dynamaxLevel":10,"teraType":"","level":100},{"name":"Tyranitar","species":"Tyranitar","item":"Leftovers","ability":"Sand Stream","moves":["Focus Punch","Earthquake","Hidden Power Bug","Rock Slide"],"nature":"Adamant","evs":{"hp":252,"atk":252,"def":4,"spa":0,"spd":0,"spe":0},"gender":"F","ivs":{"hp":31,"atk":31,"def":31,"spa":31,"spd":30,"spe":30},"happiness":255,"hpType":"Bug","pokeball":"","gigantamax":false,"dynamaxLevel":10,"teraType":"","level":100},{"name":"Gengar","species":"Gengar","item":"Leftovers","ability":"Levitate","moves":["Ice Punch","Fire Punch","Hidden Power Grass","Explosion"],"nature":"Hasty","evs":{"hp":40,"atk":0,"def":0,"spa":252,"spd":0,"spe":216},"gender":"M","ivs":{"hp":31,"atk":30,"def":31,"spa":30,"spd":31,"spe":31},"happiness":255,"hpType":"Grass","pokeball":"","gigantamax":false,"dynamaxLevel":10,"teraType":"","level":100},{"name":"Metagross","species":"Metagross","item":"Choice Band","ability":"Clear Body","moves":["Meteor Mash","Earthquake","Rock Slide","Explosion"],"nature":"Adamant","evs":{"hp":68,"atk":252,"def":0,"spa":0,"spd":0,"spe":188},"gender":"N","level":100,"ivs":{"hp":31,"atk":31,"def":31,"spa":31,"spd":31,"spe":31}},{"name":"Starmie","species":"Starmie","item":"Leftovers","ability":"Natural Cure","moves":["Hydro Pump","Thunderbolt","Ice Beam","Psychic"],"nature":"Timid","evs":{"hp":4,"atk":0,"def":0,"spa":252,"spd":0,"spe":252},"gender":"N","ivs":{"hp":31,"atk":0,"def":31,"spa":31,"spd":31,"spe":31},"level":100}],"p2team":[{"name":"Metagross","species":"Metagross","item":"Leftovers","ability":"Clear Body","moves":["Meteor Mash","Earthquake","Agility","Explosion"],"nature":"Adamant","evs":{"hp":152,"atk":252,"def":0,"spa":0,"spd":0,"spe":104},"gender":"N","level":100,"ivs":{"hp":31,"atk":31,"def":31,"spa":31,"spd":31,"spe":31}},{"name":"Milotic","species":"Milotic","item":"Leftovers","ability":"Marvel Scale","moves":["Hypnosis","Surf","Ice Beam","Recover"],"nature":"Bold","evs":{"hp":248,"atk":0,"def":212,"spa":0,"spd":0,"spe":48},"gender":"M","ivs":{"hp":31,"atk":0,"def":31,"spa":31,"spd":31,"spe":31},"level":100},{"name":"Celebi","species":"Celebi","item":"Leftovers","ability":"Natural Cure","moves":["Swords Dance","Hidden Power Rock","Baton Pass","Recover"],"nature":"Jolly","evs":{"hp":240,"atk":0,"def":44,"spa":0,"spd":4,"spe":220},"gender":"N","ivs":{"hp":31,"atk":31,"def":30,"spa":31,"spd":30,"spe":30},"happiness":255,"hpType":"Rock","pokeball":"","gigantamax":false,"dynamaxLevel":10,"teraType":"","level":100},{"name":"Magneton","species":"Magneton","item":"Leftovers","ability":"Magnet Pull","moves":["Thunderbolt","Hidden Power Fire","Thunder Wave","Toxic"],"nature":"Timid","evs":{"hp":144,"atk":0,"def":0,"spa":112,"spd":0,"spe":252},"gender":"N","ivs":{"hp":31,"atk":2,"def":31,"spa":30,"spd":31,"spe":30},"happiness":255,"hpType":"Fire","pokeball":"","gigantamax":false,"dynamaxLevel":10,"teraType":"","level":100},{"name":"Heracross","species":"Heracross","item":"Leftovers","ability":"Guts","moves":["Megahorn","Rock Slide","Hidden Power Ghost","Brick Break"],"nature":"Adamant","evs":{"hp":144,"atk":16,"def":0,"spa":0,"spd":184,"spe":164},"gender":"M","ivs":{"hp":31,"atk":31,"def":30,"spa":31,"spd":30,"spe":31},"happiness":255,"hpType":"Ghost","pokeball":"","gigantamax":false,"dynamaxLevel":10,"teraType":"","level":100},{"name":"Gyarados","species":"Gyarados","item":"Leftovers","ability":"Intimidate","moves":["Hidden Power Flying","Double-Edge","Earthquake","Dragon Dance"],"nature":"Jolly","evs":{"hp":0,"atk":252,"def":4,"spa":0,"spd":0,"spe":252},"gender":"M","ivs":{"hp":30,"atk":30,"def":30,"spa":30,"spd":30,"spe":31},"happiness":255,"hpType":"Flying","pokeball":"","gigantamax":false,"dynamaxLevel":10,"teraType":"","level":100}],"score":[3,0],"inputLog":[">version 372d05e49c92a79eecdf6c8dddb208bd1765c00f",">start {\"formatid\":\"gen3ou\",\"seed\":\"sodium,b645b13b2799da2d63aae7efdf07bd0b\"}",">player p1 {\"name\":\"foultestchallenge1\",\"avatar\":\"1\",\"team\":\"Skarmory||Leftovers|KeenEye|Spikes,Roar,Toxic,Protect|Careful|252,,,,252,4|F|,0,,,,|||]Jolteon||Leftovers|VoltAbsorb|Thunderbolt,ThunderWave,HiddenPowerGrass,BatonPass|Timid|4,,,252,,252|F|,2,,30,,|||,Grass,,,,]Tyranitar||Leftovers|SandStream|FocusPunch,Earthquake,HiddenPowerBug,RockSlide|Adamant|252,252,4,,,|F|,,,,30,30|||,Bug,,,,]Gengar||Leftovers|Levitate|IcePunch,FirePunch,HiddenPowerGrass,Explosion|Hasty|40,,,252,,216|M|,30,,30,,|||,Grass,,,,]Metagross||ChoiceBand|ClearBody|MeteorMash,Earthquake,RockSlide,Explosion|Adamant|68,252,,,,188|N||||]Starmie||Leftovers|NaturalCure|HydroPump,Thunderbolt,IceBeam,Psychic|Timid|4,,,252,,252|N|,0,,,,|||\",\"rating\":0}",">player p2 {\"name\":\"foultestacceptor1\",\"avatar\":\"1\",\"team\":\"Metagross||Leftovers|ClearBody|MeteorMash,Earthquake,Agility,Explosion|Adamant|152,252,,,,104|N||||]Milotic||Leftovers|MarvelScale|Hypnosis,Surf,IceBeam,Recover|Bold|248,,212,,,48|M|,0,,,,|||]Celebi||Leftovers|NaturalCure|SwordsDance,HiddenPowerRock,BatonPass,Recover|Jolly|240,,44,,4,220|N|,,30,,30,30|||,Rock,,,,]Magneton||Leftovers|MagnetPull|Thunderbolt,HiddenPowerFire,ThunderWave,Toxic|Timid|144,,,112,,252|N|,2,,30,,30|||,Fire,,,,]Heracross||Leftovers|Guts|Megahorn,RockSlide,HiddenPowerGhost,BrickBreak|Adamant|144,16,,,184,164|M|,,30,,30,|||,Ghost,,,,]Gyarados||Leftovers|Intimidate|HiddenPowerFlying,DoubleEdge,Earthquake,DragonDance|Jolly|,252,4,,,252|M|30,30,30,30,30,|||,Flying,,,,\",\"rating\":0}",">p1 move spikes",">p2 switch 4",">p1 move protect",">p2 move thunderbolt",">p1 move protect",">p2 move thunderbolt",">p1 move protect",">p2 move hiddenpower",">p1 move protect",">p2 move hiddenpower",">p1 move protect",">p2 move thunderbolt",">p1 switch 5",">p1 move earthquake",">p2 switch 6",">p1 switch 6",">p2 move earthquake",">p1 move thunderbolt",">p2 switch 5",">p1 move psychic",">p2 move megahorn",">p2 switch 4",">p1 move hydropump",">p2 move earthquake",">p2 switch 6",">p1 switch 2",">p2 move thunderbolt",">p1 move thunderbolt",">p2 move thunderwave",">p1 move thunderbolt",">p2 move hiddenpower",">p1 move thunderbolt",">p2 move hiddenpower",">p1 move thunderbolt",">p2 move hiddenpower",">p2 switch 5",">p1 move thunderbolt",">p2 move earthquake",">p1 switch 2",">p1 move thunderbolt",">p2 switch 3",">p1 move icebeam",">p2 move recover",">p1 switch 6",">p2 move recover",">p1 move meteormash",">p2 move swordsdance",">p1 move meteormash",">p2 move batonpass",">p2 switch 3",">p1 move meteormash",">p2 move earthquake",">p1 switch 6",">p1 move thunderbolt",">p2 switch 3",">p1 move icebeam",">p2 switch 2",">p1 move thunderbolt",">p2 move recover",">p1 move thunderbolt",">p2 move hypnosis",">p1 move icebeam",">p2 move recover",">p1 move thunderbolt",">p2 switch 3",">p1 move thunderbolt",">p2 move dragondance",">p2 switch 3",">p1 move thunderbolt",">p2 move recover",">p1 move thunderbolt",">p2 move hypnosis",">p1 move thunderbolt",">p2 move recover",">p1 move thunderbolt",">p2 move recover",">p1 move thunderbolt",">p2 move hypnosis",">p1 move thunderbolt",">p2 move recover",">p1 move thunderbolt",">p2 move recover",">p1 move thunderbolt",">p2 move hypnosis",">p1 switch 4",">p2 move recover",">p1 move hiddenpower",">p2 move recover",">p1 switch 4",">p2 move surf",">p1 move thunderbolt",">p2 move surf",">p1 move thunderbolt",">p2 move recover",">p1 move thunderbolt",">p2 move recover",">p1 move thunderbolt",">p2 move surf",">p1 move thunderbolt",">p2 move recover",">p1 move thunderbolt",">p2 move recover",">p1 move thunderbolt",">p2 move recover",">p1 move thunderbolt",">p2 move surf",">p1 move thunderbolt",">p2 move recover",">p2 switch 2",">p1 move icebeam",">p2 move recover"],"log":["|j|☆foultestchallenge1","|j|☆foultestacceptor1","|t:|1752924593","|gametype|singles","|player|p1|foultestchallenge1|1|","|player|p2|foultestacceptor1|1|","|teamsize|p1|6","|teamsize|p2|6","|gen|3","|tier|[Gen 3] OU","|rule|Sleep Clause Mod: Limit one foe put to sleep","|rule|Switch Priority Clause Mod: Faster Pokémon switch first","|rule|Species Clause: Limit one of each Pokémon","|rule|OHKO Clause: OHKO moves are banned","|rule|Evasion Items Clause: Evasion items are banned","|rule|Evasion Moves Clause: Evasion moves are banned","|rule|Endless Battle Clause: Forcing endless battles is banned","|rule|HP Percentage Mod: HP is shown in percentages","|rule|One Boost Passer Clause: Limit one Baton Passer that has a way to boost its stats","|rule|Freeze Clause Mod: Limit one foe frozen","|","|t:|1752924593","|start","|switch|p1a: Skarmory|Skarmory, F|334/334","|switch|p2a: Metagross|Metagross|339/339","|turn|1","|inactive|Battle timer is ON: inactive players will automatically lose when time's up. (requested by foultestacceptor1)","|inactive|foultestchallenge1 also wants the timer to be on.","|","|t:|1752924594","|switch|p2a: Magneton|Magneton|277/277","|move|p1a: Skarmory|Spikes|p2a: Magneton","|-sidestart|p2: foultestacceptor1|Spikes","|","|upkeep","|turn|2","||adding 10 for new turn","|","|t:|1752924595","|move|p1a: Skarmory|Protect|p1a: Skarmory","|-singleturn|p1a: Skarmory|Protect","|move|p2a: Magneton|Thunderbolt|p1a: Skarmory","|-activate|p1a: Skarmory|Protect","|","|upkeep","|turn|3","||adding 10 for new turn","|","|t:|1752924596","|move|p1a: Skarmory|Protect||[still]","|-fail|p1a: Skarmory","|move|p2a: Magneton|Thunderbolt|p1a: Skarmory","|-supereffective|p1a: Skarmory","|-damage|p1a: Skarmory|75/334","|","|-heal|p1a: Skarmory|95/334|[from] item: Leftovers","|upkeep","|turn|4","||adding 10 for new turn","|","|t:|1752924597","|move|p1a: Skarmory|Protect|p1a: Skarmory","|-singleturn|p1a: Skarmory|Protect","|move|p2a: Magneton|Hidden Power|p1a: Skarmory","|-activate|p1a: Skarmory|Protect","|","|-heal|p1a: Skarmory|115/334|[from] item: Leftovers","|upkeep","|turn|5","||adding 10 for new turn","|","|t:|1752924598","|move|p1a: Skarmory|Protect|p1a: Skarmory","|-singleturn|p1a: Skarmory|Protect","|move|p2a: Magneton|Hidden Power|p1a: Skarmory","|-activate|p1a: Skarmory|Protect","|","|-heal|p1a: Skarmory|135/334|[from] item: Leftovers","|upkeep","|turn|6","||adding 10 for new turn","|","|t:|1752924599","|move|p1a: Skarmory|Protect||[still]","|-fail|p1a: Skarmory","|move|p2a: Magneton|Thunderbolt|p1a: Skarmory","|-supereffective|p1a: Skarmory","|-damage|p1a: Skarmory|0 fnt","|faint|p1a: Skarmory","||adding 5 to each for mid turn request","|","|t:|1752924600","|switch|p1a: Metagross|Metagross|318/318","|","|upkeep","|turn|7","||adding 10 for new turn","|","|t:|1752924601","|switch|p2a: Gyarados|Gyarados, M|330/330","|-ability|p2a: Gyarados|Intimidate|boost","|-fail|p1a: Metagross|unboost|[from] ability: Clear Body|[of] p1a: Metagross","|move|p1a: Metagross|Earthquake|p2a: Gyarados","|-immune|p2a: Gyarados","|","|upkeep","|turn|8","||adding 10 for new turn","|","|t:|1752924602","|switch|p1a: Starmie|Starmie|262/262","|move|p2a: Gyarados|Earthquake|p1a: Starmie","|-damage|p1a: Starmie|134/262","|","|-heal|p1a: Starmie|150/262|[from] item: Leftovers","|upkeep","|turn|9","||adding 10 for new turn","|","|t:|1752924603","|switch|p2a: Heracross|Heracross, M|337/337","|-damage|p2a: Heracross|295/337|[from] Spikes","|move|p1a: Starmie|Thunderbolt|p2a: Heracross","|-damage|p2a: Heracross|213/337","|","|-heal|p1a: Starmie|166/262|[from] item: Leftovers","|-heal|p2a: Heracross|234/337|[from] item: Leftovers","|upkeep","|turn|10","||adding 10 for new turn","|","|t:|1752924604","|move|p1a: Starmie|Psychic|p2a: Heracross","|-supereffective|p2a: Heracross","|-damage|p2a: Heracross|0 fnt","|faint|p2a: Heracross","||adding 5 to each for mid turn request","|","|t:|1752924605","|switch|p2a: Metagross|Metagross|339/339","|-damage|p2a: Metagross|297/339|[from] Spikes","|","|-heal|p1a: Starmie|182/262|[from] item: Leftovers","|-heal|p2a: Metagross|318/339|[from] item: Leftovers","|upkeep","|turn|11","||adding 10 for new turn","|","|t:|1752924606","|move|p1a: Starmie|Hydro Pump|p2a: Metagross","|-crit|p2a: Metagross","|-damage|p2a: Metagross|0 fnt","|faint|p2a: Metagross","||adding 5 to each for mid turn request","|","|t:|1752924607","|switch|p2a: Magneton|Magneton|277/277","|-damage|p2a: Magneton|243/277|[from] Spikes","|","|-heal|p1a: Starmie|198/262|[from] item: Leftovers","|-heal|p2a: Magneton|260/277|[from] item: Leftovers","|upkeep","|turn|12","||adding 10 for new turn","|","|t:|1752924607","|switch|p1a: Jolteon|Jolteon, F|272/272","|move|p2a: Magneton|Thunderbolt|p1a: Jolteon","|-immune|p1a: Jolteon|[from] ability: Volt Absorb","|","|-heal|p2a: Magneton|277/277|[from] item: Leftovers","|upkeep","|turn|13","||adding 10 for new turn","|","|t:|1752924608","|move|p1a: Jolteon|Thunderbolt|p2a: Magneton","|-resisted|p2a: Magneton","|-damage|p2a: Magneton|176/277","|move|p2a: Magneton|Thunder Wave|p1a: Jolteon","|-status|p1a: Jolteon|par","|","|-heal|p2a: Magneton|193/277|[from] item: Leftovers","|upkeep","|turn|14","||adding 10 for new turn","|","|t:|1752924609","|move|p2a: Magneton|Hidden Power|p1a: Jolteon","|-damage|p1a: Jolteon|202/272 par","|move|p1a: Jolteon|Thunderbolt|p2a: Magneton","|-resisted|p2a: Magneton","|-damage|p2a: Magneton|93/277","|-status|p2a: Magneton|par","|","|-heal|p1a: Jolteon|219/272 par|[from] item: Leftovers","|-heal|p2a: Magneton|110/277 par|[from] item: Leftovers","|upkeep","|turn|15","||adding 10 for new turn","|","|t:|1752924610","|move|p1a: Jolteon|Thunderbolt|p2a: Magneton","|-resisted|p2a: Magneton","|-damage|p2a: Magneton|11/277 par","|move|p2a: Magneton|Hidden Power|p1a: Jolteon","|-damage|p1a: Jolteon|148/272 par","|","|-heal|p1a: Jolteon|165/272 par|[from] item: Leftovers","|-heal|p2a: Magneton|28/277 par|[from] item: Leftovers","|upkeep","|turn|16","||adding 10 for new turn","|","|t:|1752924611","|move|p1a: Jolteon|Thunderbolt|p2a: Magneton","|-resisted|p2a: Magneton","|-damage|p2a: Magneton|0 fnt","|faint|p2a: Magneton","||adding 5 to each for mid turn request","|","|t:|1752924612","|switch|p2a: Gyarados|Gyarados, M|330/330","|-ability|p2a: Gyarados|Intimidate|boost","|-unboost|p1a: Jolteon|atk|1","|","|-heal|p1a: Jolteon|182/272 par|[from] item: Leftovers","|upkeep","|turn|17","||adding 10 for new turn","|","|t:|1752924613","|move|p2a: Gyarados|Earthquake|p1a: Jolteon","|-supereffective|p1a: Jolteon","|-damage|p1a: Jolteon|0 fnt","|faint|p1a: Jolteon","||adding 5 to each for mid turn request","|","|t:|1752924614","|switch|p1a: Starmie|Starmie|198/262","|","|-heal|p1a: Starmie|214/262|[from] item: Leftovers","|upkeep","|turn|18","||adding 10 for new turn","|","|t:|1752924614","|switch|p2a: Celebi|Celebi|401/401","|-damage|p2a: Celebi|351/401|[from] Spikes","|move|p1a: Starmie|Thunderbolt|p2a: Celebi","|-resisted|p2a: Celebi","|-damage|p2a: Celebi|307/401","|","|-heal|p1a: Starmie|230/262|[from] item: Leftovers","|-heal|p2a: Celebi|332/401|[from] item: Leftovers","|upkeep","|turn|19","||adding 10 for new turn","|","|t:|1752924615","|move|p1a: Starmie|Ice Beam|p2a: Celebi","|-supereffective|p2a: Celebi","|-damage|p2a: Celebi|143/401","|move|p2a: Celebi|Recover|p2a: Celebi","|-heal|p2a: Celebi|343/401","|","|-heal|p1a: Starmie|246/262|[from] item: Leftovers","|-heal|p2a: Celebi|368/401|[from] item: Leftovers","|upkeep","|turn|20","||adding 10 for new turn","|","|t:|1752924616","|switch|p1a: Metagross|Metagross|318/318","|move|p2a: Celebi|Recover|p2a: Celebi","|-heal|p2a: Celebi|401/401","|","|upkeep","|turn|21","||adding 10 for new turn","|","|t:|1752924617","|move|p2a: Celebi|Swords Dance|p2a: Celebi","|-boost|p2a: Celebi|atk|2","|move|p1a: Metagross|Meteor Mash|p2a: Celebi","|-damage|p2a: Celebi|120/401","|","|-heal|p2a: Celebi|145/401|[from] item: Leftovers","|upkeep","|turn|22","||adding 10 for new turn","|","|t:|1752924618","|move|p2a: Celebi|Baton Pass|p2a: Celebi","||adding 5 to each for mid turn request","|","|t:|1752924619","|switch|p2a: Gyarados|Gyarados, M|330/330|[from] Baton Pass","|-ability|p2a: Gyarados|Intimidate|boost","|-fail|p1a: Metagross|unboost|[from] ability: Clear Body|[of] p1a: Metagross","|move|p1a: Metagross|Meteor Mash|p2a: Gyarados","|-resisted|p2a: Gyarados","|-damage|p2a: Gyarados|154/330","|-boost|p1a: Metagross|atk|1","|","|-heal|p2a: Gyarados|174/330|[from] item: Leftovers","|upkeep","|turn|23","||adding 10 for new turn","|","|t:|1752924620","|move|p2a: Gyarados|Earthquake|p1a: Metagross","|-supereffective|p1a: Metagross","|-damage|p1a: Metagross|0 fnt","|faint|p1a: Metagross","||adding 5 to each for mid turn request","|","|t:|1752924621","|switch|p1a: Starmie|Starmie|246/262","|","|-heal|p1a: Starmie|262/262|[from] item: Leftovers","|-heal|p2a: Gyarados|194/330|[from] item: Leftovers","|upkeep","|turn|24","||adding 10 for new turn","|","|t:|1752924622","|switch|p2a: Celebi|Celebi|145/401","|-damage|p2a: Celebi|95/401|[from] Spikes","|move|p1a: Starmie|Thunderbolt|p2a: Celebi","|-resisted|p2a: Celebi","|-damage|p2a: Celebi|47/401","|","|-heal|p2a: Celebi|72/401|[from] item: Leftovers","|upkeep","|turn|25","||adding 10 for new turn","|","|t:|1752924623","|switch|p2a: Milotic|Milotic, M|393/393","|-damage|p2a: Milotic|344/393|[from] Spikes","|move|p1a: Starmie|Ice Beam|p2a: Milotic","|-resisted|p2a: Milotic","|-damage|p2a: Milotic|308/393","|","|-heal|p2a: Milotic|332/393|[from] item: Leftovers","|upkeep","|turn|26","||adding 10 for new turn","|","|t:|1752924624","|move|p1a: Starmie|Thunderbolt|p2a: Milotic","|-supereffective|p2a: Milotic","|-damage|p2a: Milotic|162/393","|move|p2a: Milotic|Recover|p2a: Milotic","|-heal|p2a: Milotic|358/393","|","|-heal|p2a: Milotic|382/393|[from] item: Leftovers","|upkeep","|turn|27","||adding 10 for new turn","|","|t:|1752924625","|move|p1a: Starmie|Thunderbolt|p2a: Milotic","|-supereffective|p2a: Milotic","|-damage|p2a: Milotic|214/393","|move|p2a: Milotic|Hypnosis|p1a: Starmie","|-status|p1a: Starmie|slp|[from] move: Hypnosis","|","|-heal|p2a: Milotic|238/393|[from] item: Leftovers","|upkeep","|turn|28","||adding 10 for new turn","|","|t:|1752924626","|cant|p1a: Starmie|slp","|move|p2a: Milotic|Recover|p2a: Milotic","|-heal|p2a: Milotic|393/393","|","|upkeep","|turn|29","||adding 10 for new turn","|","|t:|1752924627","|switch|p2a: Gyarados|Gyarados, M|194/330","|-ability|p2a: Gyarados|Intimidate|boost","|-unboost|p1a: Starmie|atk|1","|cant|p1a: Starmie|slp","|","|-heal|p2a: Gyarados|214/330|[from] item: Leftovers","|upkeep","|turn|30","||adding 10 for new turn","|","|t:|1752924627","|-curestatus|p1a: Starmie|slp|[msg]","|move|p1a: Starmie|Thunderbolt|p2a: Gyarados","|-supereffective|p2a: Gyarados","|-damage|p2a: Gyarados|0 fnt","|faint|p2a: Gyarados","||adding 5 to each for mid turn request","|","|t:|1752924628","|switch|p2a: Milotic|Milotic, M|393/393","|-damage|p2a: Milotic|344/393|[from] Spikes","|","|-heal|p2a: Milotic|368/393|[from] item: Leftovers","|upkeep","|turn|31","||adding 10 for new turn","|","|t:|1752924629","|move|p1a: Starmie|Thunderbolt|p2a: Milotic","|-supereffective|p2a: Milotic","|-damage|p2a: Milotic|224/393","|move|p2a: Milotic|Recover|p2a: Milotic","|-heal|p2a: Milotic|393/393","|","|upkeep","|turn|32","||adding 10 for new turn","|","|t:|1752924630","|move|p1a: Starmie|Thunderbolt|p2a: Milotic","|-supereffective|p2a: Milotic","|-damage|p2a: Milotic|240/393","|move|p2a: Milotic|Hypnosis|p1a: Starmie|[miss]","|-miss|p2a: Milotic|p1a: Starmie","|","|-heal|p2a: Milotic|264/393|[from] item: Leftovers","|upkeep","|turn|33","||adding 10 for new turn","|","|t:|1752924631","|move|p1a: Starmie|Thunderbolt|p2a: Milotic","|-supereffective|p2a: Milotic","|-damage|p2a: Milotic|118/393","|move|p2a: Milotic|Recover|p2a: Milotic","|-heal|p2a: Milotic|314/393","|","|-heal|p2a: Milotic|338/393|[from] item: Leftovers","|upkeep","|turn|34","||adding 10 for new turn","|","|t:|1752924632","|move|p1a: Starmie|Thunderbolt|p2a: Milotic","|-supereffective|p2a: Milotic","|-damage|p2a: Milotic|192/393","|move|p2a: Milotic|Recover|p2a: Milotic","|-heal|p2a: Milotic|388/393","|","|-heal|p2a: Milotic|393/393|[from] item: Leftovers","|upkeep","|turn|35","||adding 10 for new turn","|","|t:|1752924633","|move|p1a: Starmie|Thunderbolt|p2a: Milotic","|-supereffective|p2a: Milotic","|-damage|p2a: Milotic|240/393","|move|p2a: Milotic|Hypnosis|p1a: Starmie|[miss]","|-miss|p2a: Milotic|p1a: Starmie","|","|-heal|p2a: Milotic|264/393|[from] item: Leftovers","|upkeep","|turn|36","||adding 10 for new turn","|","|t:|1752924634","|move|p1a: Starmie|Thunderbolt|p2a: Milotic","|-supereffective|p2a: Milotic","|-damage|p2a: Milotic|105/393","|move|p2a: Milotic|Recover|p2a: Milotic","|-heal|p2a: Milotic|301/393","|","|-heal|p2a: Milotic|325/393|[from] item: Leftovers","|upkeep","|turn|37","||adding 10 for new turn","|","|t:|1752924635","|move|p1a: Starmie|Thunderbolt|p2a: Milotic","|-supereffective|p2a: Milotic","|-damage|p2a: Milotic|171/393","|move|p2a: Milotic|Recover|p2a: Milotic","|-heal|p2a: Milotic|367/393","|","|-heal|p2a: Milotic|391/393|[from] item: Leftovers","|upkeep","|turn|38","||adding 10 for new turn","|","|t:|1752924636","|move|p1a: Starmie|Thunderbolt|p2a: Milotic","|-supereffective|p2a: Milotic","|-crit|p2a: Milotic","|-damage|p2a: Milotic|85/393","|move|p2a: Milotic|Hypnosis|p1a: Starmie","|-status|p1a: Starmie|slp|[from] move: Hypnosis","|","|-heal|p2a: Milotic|109/393|[from] item: Leftovers","|upkeep","|turn|39","||adding 10 for new turn","|","|t:|1752924637","|-curestatus|p1a: Starmie|slp|[from] ability: Natural Cure","|switch|p1a: Gengar|Gengar, M|271/271","|move|p2a: Milotic|Recover|p2a: Milotic","|-heal|p2a: Milotic|305/393","|","|-heal|p2a: Milotic|329/393|[from] item: Leftovers","|upkeep","|turn|40","||adding 10 for new turn","|","|t:|1752924638","|move|p1a: Gengar|Hidden Power|p2a: Milotic","|-supereffective|p2a: Milotic","|-damage|p2a: Milotic|191/393","|move|p2a: Milotic|Recover|p2a: Milotic","|-heal|p2a: Milotic|387/393","|","|-heal|p2a: Milotic|393/393|[from] item: Leftovers","|upkeep","|turn|41","||adding 10 for new turn","|","|t:|1752924639","|switch|p1a: Starmie|Starmie|262/262","|move|p2a: Milotic|Surf|p1a: Starmie","|-resisted|p1a: Starmie","|-damage|p1a: Starmie|203/262","|","|-heal|p1a: Starmie|219/262|[from] item: Leftovers","|upkeep","|turn|42","||adding 10 for new turn","|","|t:|1752924639","|move|p1a: Starmie|Thunderbolt|p2a: Milotic","|-supereffective|p2a: Milotic","|-damage|p2a: Milotic|234/393","|move|p2a: Milotic|Surf|p1a: Starmie","|-resisted|p1a: Starmie","|-damage|p1a: Starmie|154/262","|","|-heal|p1a: Starmie|170/262|[from] item: Leftovers","|-heal|p2a: Milotic|258/393|[from] item: Leftovers","|upkeep","|turn|43","||adding 10 for new turn","|","|t:|1752924640","|move|p1a: Starmie|Thunderbolt|p2a: Milotic","|-supereffective|p2a: Milotic","|-damage|p2a: Milotic|97/393","|move|p2a: Milotic|Recover|p2a: Milotic","|-heal|p2a: Milotic|293/393","|","|-heal|p1a: Starmie|186/262|[from] item: Leftovers","|-heal|p2a: Milotic|317/393|[from] item: Leftovers","|upkeep","|turn|44","||adding 10 for new turn","|","|t:|1752924641","|move|p1a: Starmie|Thunderbolt|p2a: Milotic","|-supereffective|p2a: Milotic","|-damage|p2a: Milotic|163/393","|move|p2a: Milotic|Recover|p2a: Milotic","|-heal|p2a: Milotic|359/393","|","|-heal|p1a: Starmie|202/262|[from] item: Leftovers","|-heal|p2a: Milotic|383/393|[from] item: Leftovers","|upkeep","|turn|45","||adding 10 for new turn","|","|t:|1752924642","|move|p1a: Starmie|Thunderbolt|p2a: Milotic","|-supereffective|p2a: Milotic","|-damage|p2a: Milotic|225/393","|move|p2a: Milotic|Surf|p1a: Starmie","|-resisted|p1a: Starmie","|-damage|p1a: Starmie|144/262","|","|-heal|p1a: Starmie|160/262|[from] item: Leftovers","|-heal|p2a: Milotic|249/393|[from] item: Leftovers","|upkeep","|turn|46","||adding 10 for new turn","|","|t:|1752924643","|move|p1a: Starmie|Thunderbolt|p2a: Milotic","|-supereffective|p2a: Milotic","|-damage|p2a: Milotic|81/393","|-status|p2a: Milotic|par","|move|p2a: Milotic|Recover|p2a: Milotic","|-heal|p2a: Milotic|277/393 par","|","|-heal|p1a: Starmie|176/262|[from] item: Leftovers","|-heal|p2a: Milotic|301/393 par|[from] item: Leftovers","|upkeep","|turn|47","||adding 10 for new turn","|","|t:|1752924644","|move|p1a: Starmie|Thunderbolt|p2a: Milotic","|-supereffective|p2a: Milotic","|-damage|p2a: Milotic|131/393 par","|move|p2a: Milotic|Recover|p2a: Milotic","|-heal|p2a: Milotic|327/393 par","|","|-heal|p1a: Starmie|192/262|[from] item: Leftovers","|-heal|p2a: Milotic|351/393 par|[from] item: Leftovers","|upkeep","|turn|48","||adding 10 for new turn","|","|t:|1752924644","|move|p1a: Starmie|Thunderbolt|p2a: Milotic","|-supereffective|p2a: Milotic","|-damage|p2a: Milotic|192/393 par","|move|p2a: Milotic|Recover|p2a: Milotic","|-heal|p2a: Milotic|388/393 par","|","|-heal|p1a: Starmie|208/262|[from] item: Leftovers","|-heal|p2a: Milotic|393/393 par|[from] item: Leftovers","|upkeep","|turn|49","||adding 10 for new turn","|","|t:|1752924645","|move|p1a: Starmie|Thunderbolt|p2a: Milotic","|-supereffective|p2a: Milotic","|-damage|p2a: Milotic|232/393 par","|move|p2a: Milotic|Surf|p1a: Starmie","|-resisted|p1a: Starmie","|-damage|p1a: Starmie|149/262","|","|-heal|p1a: Starmie|165/262|[from] item: Leftovers","|-heal|p2a: Milotic|256/393 par|[from] item: Leftovers","|upkeep","|turn|50","||adding 10 for new turn","|","|t:|1752924646","|move|p1a: Starmie|Thunderbolt|p2a: Milotic","|-supereffective|p2a: Milotic","|-crit|p2a: Milotic","|-damage|p2a: Milotic|0 fnt","|faint|p2a: Milotic","||adding 5 to each for mid turn request","|","|t:|1752924647","|switch|p2a: Celebi|Celebi|72/401","|-damage|p2a: Celebi|22/401|[from] Spikes","|","|-heal|p1a: Starmie|181/262|[from] item: Leftovers","|-heal|p2a: Celebi|47/401|[from] item: Leftovers","|upkeep","|turn|51","||adding 10 for new turn","|","|t:|1752924647","|move|p1a: Starmie|Ice Beam|p2a: Celebi","|-supereffective|p2a: Celebi","|-damage|p2a: Celebi|0 fnt","|faint|p2a: Celebi","|","|win|foultestchallenge1",""],"p1rating":null,"p2rating":null,"endType":"normal","ladderError":true,"timestamp":"Sat Jul 19 2025 04:30:47 GMT-0700 (アメリカ太平洋夏時間)","roomid":"battle-gen3ou-950","format":"gen3ou"}