{"winner":"foultestchallenge1","seed":"sodium,f8cd36316dedbd7926cdc5d73606c335","turns":99,"p1":"foultestchallenge1","p2":"foultestacceptor1","p1team":[{"name":"Medicham","species":"Medicham","item":"Salac Berry","ability":"Pure Power","moves":["Brick Break","Focus Punch","Rock Slide","Shadow Ball"],"nature":"Jolly","evs":{"hp":4,"atk":252,"def":0,"spa":0,"spd":0,"spe":252},"gender":"F","level":100,"ivs":{"hp":31,"atk":31,"def":31,"spa":31,"spd":31,"spe":31}},{"name":"Magneton","species":"Magneton","item":"Magnet","ability":"Magnet Pull","moves":["Thunderbolt","Hidden Power Fire","Toxic","Rain Dance"],"nature":"Modest","evs":{"hp":4,"atk":0,"def":0,"spa":252,"spd":0,"spe":252},"gender":"N","ivs":{"hp":31,"atk":2,"def":31,"spa":30,"spd":31,"spe":30},"happiness":255,"hpType":"Fire","pokeball":"","gigantamax":false,"dynamaxLevel":10,"teraType":"","level":100},{"name":"Snorlax","species":"Snorlax","item":"Leftovers","ability":"Immunity","moves":["Self-Destruct","Body Slam","Shadow Ball","Earthquake"],"nature":"Adamant","evs":{"hp":92,"atk":116,"def":144,"spa":0,"spd":144,"spe":12},"gender":"F","level":100,"ivs":{"hp":31,"atk":31,"def":31,"spa":31,"spd":31,"spe":31}},{"name":"Suicune","species":"Suicune","item":"Leftovers","ability":"Pressure","moves":["Calm Mind","Surf","Rest","Ice Beam"],"nature":"Calm","evs":{"hp":252,"atk":0,"def":0,"spa":180,"spd":68,"spe":8},"gender":"N","ivs":{"hp":31,"atk":0,"def":31,"spa":31,"spd":31,"spe":31},"level":100},{"name":"Salamence","species":"Salamence","item":"Leftovers","ability":"Intimidate","moves":["Dragon Dance","Hidden Power Flying","Rock Slide","Earthquake"],"nature":"Adamant","evs":{"hp":0,"atk":156,"def":0,"spa":0,"spd":140,"spe":212},"gender":"M","ivs":{"hp":31,"atk":31,"def":31,"spa":30,"spd":30,"spe":30},"happiness":255,"hpType":"Flying","pokeball":"","gigantamax":false,"dynamaxLevel":10,"teraType":"","level":100},{"name":"Metagross","species":"Metagross","item":"Leftovers","ability":"Clear Body","moves":["Agility","Meteor Mash","Earthquake","Explosion"],"nature":"Adamant","evs":{"hp":252,"atk":144,"def":24,"spa":0,"spd":0,"spe":88},"gender":"N","level":100,"ivs":{"hp":31,"atk":31,"def":31,"spa":31,"spd":31,"spe":31}}],"p2team":[{"name":"Dugtrio","species":"Dugtrio","item":"Choice Band","ability":"Arena Trap","moves":["Earthquake","Hidden Power Bug","Aerial Ace","Sunny Day"],"nature":"Adamant","evs":{"hp":96,"atk":168,"def":20,"spa":0,"spd":0,"spe":224},"gender":"F","ivs":{"hp":31,"atk":30,"def":30,"spa":31,"spd":30,"spe":31},"happiness":255,"hpType":"Bug","pokeball":"","gigantamax":false,"dynamaxLevel":10,"teraType":"","level":100},{"name":"Forretress","species":"Forretress","item":"Leftovers","ability":"Sturdy","moves":["Spikes","Zap Cannon","Explosion","Hidden Power Bug"],"nature":"Careful","evs":{"hp":252,"atk":0,"def":4,"spa":0,"spd":252,"spe":0},"gender":"F","ivs":{"hp":31,"atk":30,"def":30,"spa":31,"spd":30,"spe":31},"happiness":255,"hpType":"Bug","pokeball":"","gigantamax":false,"dynamaxLevel":10,"teraType":"","level":100},{"name":"Snorlax","species":"Snorlax","item":"Leftovers","ability":"Immunity","moves":["Return","Curse","Rest","Shadow Ball"],"nature":"Careful","evs":{"hp":144,"atk":96,"def":132,"spa":0,"spd":136,"spe":0},"gender":"F","level":100,"ivs":{"hp":31,"atk":31,"def":31,"spa":31,"spd":31,"spe":31}},{"name":"Suicune","species":"Suicune","item":"Leftovers","ability":"Pressure","moves":["Calm Mind","Rest","Ice Beam","Surf"],"nature":"Bold","evs":{"hp":240,"atk":0,"def":252,"spa":0,"spd":0,"spe":16},"gender":"N","ivs":{"hp":31,"atk":0,"def":31,"spa":31,"spd":31,"spe":31},"level":100},{"name":"Claydol","species":"Claydol","item":"Leftovers","ability":"Levitate","moves":["Earthquake","Psychic","Rapid Spin","Rest"],"nature":"Lonely","evs":{"hp":252,"atk":224,"def":0,"spa":24,"spd":0,"spe":8},"gender":"N","level":100,"ivs":{"hp":31,"atk":31,"def":31,"spa":31,"spd":31,"spe":31}},{"name":"Blissey","species":"Blissey","item":"Leftovers","ability":"Natural Cure","moves":["Soft-Boiled","Seismic Toss","Thunder Wave","Aromatherapy"],"nature":"Bold","evs":{"hp":252,"atk":0,"def":252,"spa":0,"spd":0,"spe":4},"gender":"F","ivs":{"hp":31,"atk":0,"def":31,"spa":31,"spd":31,"spe":31},"level":100}],"score":[2,0],"inputLog":[">version 372d05e49c92a79eecdf6c8dddb208bd1765c00f",">start {\"formatid\":\"gen3ou\",\"seed\":\"sodium,f8cd36316dedbd7926cdc5d73606c335\"}",">player p1 {\"name\":\"foultestchallenge1\",\"avatar\":\"1\",\"team\":\"Medicham||SalacBerry|PurePower|BrickBreak,FocusPunch,RockSlide,ShadowBall|Jolly|4,252,,,,252|F||||]Magneton||Magnet|MagnetPull|Thunderbolt,HiddenPowerFire,Toxic,RainDance|Modest|4,,,252,,252|N|,2,,30,,30|||,Fire,,,,]Snorlax||Leftovers|Immunity|SelfDestruct,BodySlam,ShadowBall,Earthquake|Adamant|92,116,144,,144,12|F||||]Suicune||Leftovers|Pressure|CalmMind,Surf,Rest,IceBeam|Calm|252,,,180,68,8|N|,0,,,,|||]Salamence||Leftovers|Intimidate|DragonDance,HiddenPowerFlying,RockSlide,Earthquake|Adamant|,156,,,140,212|M|,,,30,30,30|||,Flying,,,,]Metagross||Leftovers|ClearBody|Agility,MeteorMash,Earthquake,Explosion|Adamant|252,144,24,,,88|N||||\",\"rating\":0}",">player p2 {\"name\":\"foultestacceptor1\",\"avatar\":\"169\",\"team\":\"Dugtrio||ChoiceBand|ArenaTrap|Earthquake,HiddenPowerBug,AerialAce,SunnyDay|Adamant|96,168,20,,,224|F|,30,30,,30,|||,Bug,,,,]Forretress||Leftovers|Sturdy|Spikes,ZapCannon,Explosion,HiddenPowerBug|Careful|252,,4,,252,|F|,30,30,,30,|||,Bug,,,,]Snorlax||Leftovers|Immunity|Return,Curse,Rest,ShadowBall|Careful|144,96,132,,136,|F||||]Suicune||Leftovers|Pressure|CalmMind,Rest,IceBeam,Surf|Bold|240,,252,,,16|N|,0,,,,|||]Claydol||Leftovers|Levitate|Earthquake,Psychic,RapidSpin,Rest|Lonely|252,224,,24,,8|N||||]Blissey||Leftovers|NaturalCure|SoftBoiled,SeismicToss,ThunderWave,Aromatherapy|Bold|252,,252,,,4|F|,0,,,,|||\",\"rating\":0}",">p1 move brickbreak",">p2 move earthquake",">p1 switch 3",">p1 move bodyslam",">p2 switch 2",">p1 switch 2",">p2 move spikes",">p1 move hiddenpower",">p2 move spikes",">p2 switch 2",">p1 move hiddenpower",">p2 move earthquake",">p1 switch 2",">p1 move bodyslam",">p2 switch 4",">p1 move bodyslam",">p2 move calmmind",">p1 switch 5",">p2 move calmmind",">p1 move dragondance",">p2 move icebeam",">p1 switch 4",">p1 move calmmind",">p2 move calmmind",">p1 move calmmind",">p2 move calmmind",">p1 move calmmind",">p2 move calmmind",">p1 move calmmind",">p2 move calmmind",">p1 move calmmind",">p2 move calmmind",">p1 move surf",">p2 move rest",">p1 move surf",">p2 move rest",">p1 move surf",">p2 move icebeam",">p1 move surf",">p2 move icebeam",">p1 move surf",">p2 move calmmind",">p1 move surf",">p2 move rest",">p1 move surf",">p2 move rest",">p1 move surf",">p2 move rest",">p1 move surf",">p2 move rest",">p1 move surf",">p2 move rest",">p1 move icebeam",">p2 move calmmind",">p1 move icebeam",">p2 move rest",">p1 move calmmind",">p2 move surf",">p1 move icebeam",">p2 move icebeam",">p1 move icebeam",">p2 move icebeam",">p1 move surf",">p2 move calmmind",">p1 move icebeam",">p2 move icebeam",">p1 move icebeam",">p2 move surf",">p1 move calmmind",">p2 move surf",">p1 move rest",">p2 move surf",">p1 move rest",">p2 move surf",">p1 move calmmind",">p2 move surf",">p1 move rest",">p2 move surf",">p1 move calmmind",">p2 move surf",">p1 move rest",">p2 move surf",">p1 move rest",">p2 move rest",">p1 move calmmind",">p2 move rest",">p1 move calmmind",">p2 move rest",">p1 move calmmind",">p2 move calmmind",">p1 move rest",">p2 move calmmind",">p1 move rest",">p2 move calmmind",">p1 move calmmind",">p2 move calmmind",">p1 move rest",">p2 move calmmind",">p1 move rest",">p2 move calmmind",">p1 move calmmind",">p2 move calmmind",">p1 move rest",">p2 move calmmind",">p1 move calmmind",">p2 move calmmind",">p1 move rest",">p2 move calmmind",">p1 move calmmind",">p2 move calmmind",">p1 move calmmind",">p2 move calmmind",">p1 move calmmind",">p2 move calmmind",">p1 move calmmind",">p2 move calmmind",">p1 move calmmind",">p2 move calmmind",">p1 move rest",">p2 move surf",">p1 move calmmind",">p2 move icebeam",">p1 move calmmind",">p2 move icebeam",">p1 move calmmind",">p2 move calmmind",">p1 move rest",">p2 move icebeam",">p1 move calmmind",">p2 move icebeam",">p1 move calmmind",">p2 move calmmind",">p1 move calmmind",">p2 move calmmind",">p1 move calmmind",">p2 move calmmind",">p1 move calmmind",">p2 move calmmind",">p1 move calmmind",">p2 move calmmind",">p1 move calmmind",">p2 move calmmind",">p1 move calmmind",">p2 move calmmind",">p1 move calmmind",">p2 move calmmind",">p1 move calmmind",">p2 move surf",">p1 move calmmind",">p2 move rest",">p1 move calmmind",">p2 move calmmind",">p1 move calmmind",">p2 move rest",">p1 move calmmind",">p2 move rest",">p1 move calmmind",">p2 move rest",">p1 move calmmind",">p2 move rest",">p1 move calmmind",">p2 move rest",">p1 move icebeam",">p2 move rest",">p1 move rest",">p2 move surf",">p1 move rest",">p2 move calmmind",">p1 move rest",">p2 move rest",">p1 move rest",">p2 move rest",">p1 move rest",">p2 move icebeam",">p1 move rest",">p2 move surf",">p1 move rest",">p2 switch 6",">p1 move icebeam",">p2 switch 6",">p1 move surf",">p2 move struggle",">p1 switch 5",">p2 switch 3",">p1 move bodyslam",">p2 move curse",">p1 move bodyslam",">p2 move return",">p1 move selfdestruct",">p2 move return",">p1 switch 6",">p2 switch 4",">p1 move agility",">p2 move earthquake",">p1 move meteormash",">p2 switch 6",">p1 move meteormash",">p2 move seismictoss",">p2 switch 5",">p1 move meteormash",">p2 move earthquake",">p2 switch 6",">p1 move earthquake",">p2 move sunnyday",">p2 switch 3",">p1 move earthquake",">p2 move struggle"],"log":["|j|☆foultestchallenge1","|j|☆foultestacceptor1","|t:|1752959574","|gametype|singles","|player|p1|foultestchallenge1|1|","|player|p2|foultestacceptor1|169|","|teamsize|p1|6","|teamsize|p2|6","|gen|3","|tier|[Gen 3] OU","|rule|Sleep Clause Mod: Limit one foe put to sleep","|rule|Switch Priority Clause Mod: Faster Pokémon switch first","|rule|Species Clause: Limit one of each Pokémon","|rule|OHKO Clause: OHKO moves are banned","|rule|Evasion Items Clause: Evasion items are banned","|rule|Evasion Moves Clause: Evasion moves are banned","|rule|Endless Battle Clause: Forcing endless battles is banned","|rule|HP Percentage Mod: HP is shown in percentages","|rule|One Boost Passer Clause: Limit one Baton Passer that has a way to boost its stats","|rule|Freeze Clause Mod: Limit one foe frozen","|","|t:|1752959574","|start","|switch|p1a: Medicham|Medicham, F|262/262","|switch|p2a: Dugtrio|Dugtrio, F|235/235","|turn|1","|inactive|Battle timer is ON: inactive players will automatically lose when time's up. (requested by foultestacceptor1)","|inactive|foultestchallenge1 also wants the timer to be on.","|","|t:|1752959582","|move|p2a: Dugtrio|Earthquake|p1a: Medicham","|-crit|p1a: Medicham","|-damage|p1a: Medicham|0 fnt","|faint|p1a: Medicham","||adding 5 to each for mid turn request","|","|t:|1752959589","|switch|p1a: Snorlax|Snorlax, F|484/484","|","|upkeep","|turn|2","||adding 10 for new turn","|","|t:|1752959597","|switch|p2a: Forretress|Forretress, F|354/354","|move|p1a: Snorlax|Body Slam|p2a: Forretress","|-resisted|p2a: Forretress","|-damage|p2a: Forretress|300/354","|-status|p2a: Forretress|par","|","|-heal|p2a: Forretress|322/354 par|[from] item: Leftovers","|upkeep","|turn|3","||adding 10 for new turn","|","|t:|1752959605","|switch|p1a: Magneton|Magneton|242/242","|move|p2a: Forretress|Spikes|p1a: Magneton","|-sidestart|p1: foultestchallenge1|Spikes","|","|-heal|p2a: Forretress|344/354 par|[from] item: Leftovers","|upkeep","|turn|4","||adding 10 for new turn","|","|t:|1752959613","|move|p1a: Magneton|Hidden Power|p2a: Forretress","|-supereffective|p2a: Forretress","|-damage|p2a: Forretress|0 fnt","|faint|p2a: Forretress","||adding 5 to each for mid turn request","|","|t:|1752959620","|switch|p2a: Dugtrio|Dugtrio, F|235/235","|","|upkeep","|turn|5","||adding 10 for new turn","|","|t:|1752959628","|move|p2a: Dugtrio|Earthquake|p1a: Magneton","|-supereffective|p1a: Magneton","|-damage|p1a: Magneton|0 fnt","|faint|p1a: Magneton","||adding 5 to each for mid turn request","|","|t:|1752959635","|switch|p1a: Snorlax|Snorlax, F|484/484","|-damage|p1a: Snorlax|424/484|[from] Spikes","|","|-heal|p1a: Snorlax|454/484|[from] item: Leftovers","|upkeep","|turn|6","||adding 10 for new turn","|","|t:|1752959643","|switch|p2a: Suicune|Suicune|401/401","|-ability|p2a: Suicune|Pressure|[silent]","|move|p1a: Snorlax|Body Slam|p2a: Suicune","|-damage|p2a: Suicune|319/401","|-status|p2a: Suicune|par","|","|-heal|p1a: Snorlax|484/484|[from] item: Leftovers","|-heal|p2a: Suicune|344/401 par|[from] item: Leftovers","|upkeep","|turn|7","||adding 10 for new turn","|","|t:|1752959651","|move|p1a: Snorlax|Body Slam|p2a: Suicune","|-damage|p2a: Suicune|254/401 par","|cant|p2a: Suicune|par","|","|-heal|p2a: Suicune|279/401 par|[from] item: Leftovers","|upkeep","|turn|8","||adding 10 for new turn","|","|t:|1752959659","|switch|p1a: Salamence|Salamence, M|331/331","|-ability|p1a: Salamence|Intimidate|boost","|-unboost|p2a: Suicune|atk|1","|move|p2a: Suicune|Calm Mind|p2a: Suicune","|-boost|p2a: Suicune|spa|1","|-boost|p2a: Suicune|spd|1","|","|-heal|p2a: Suicune|304/401 par|[from] item: Leftovers","|upkeep","|turn|9","||adding 10 for new turn","|","|t:|1752959667","|move|p1a: Salamence|Dragon Dance|p1a: Salamence","|-boost|p1a: Salamence|atk|1","|-boost|p1a: Salamence|spe|1","|move|p2a: Suicune|Ice Beam|p1a: Salamence","|-supereffective|p1a: Salamence","|-damage|p1a: Salamence|0 fnt","|faint|p1a: Salamence","||adding 5 to each for mid turn request","|","|t:|1752959674","|switch|p1a: Suicune|Suicune|404/404","|-damage|p1a: Suicune|354/404|[from] Spikes","|-ability|p1a: Suicune|Pressure|[silent]","|","|-heal|p1a: Suicune|379/404|[from] item: Leftovers","|-heal|p2a: Suicune|329/401 par|[from] item: Leftovers","|upkeep","|turn|10","||adding 10 for new turn","|","|t:|1752959682","|move|p1a: Suicune|Calm Mind|p1a: Suicune","|-boost|p1a: Suicune|spa|1","|-boost|p1a: Suicune|spd|1","|move|p2a: Suicune|Calm Mind|p2a: Suicune","|-boost|p2a: Suicune|spa|1","|-boost|p2a: Suicune|spd|1","|","|-heal|p1a: Suicune|404/404|[from] item: Leftovers","|-heal|p2a: Suicune|354/401 par|[from] item: Leftovers","|upkeep","|turn|11","||adding 10 for new turn","|","|t:|1752959690","|move|p1a: Suicune|Calm Mind|p1a: Suicune","|-boost|p1a: Suicune|spa|1","|-boost|p1a: Suicune|spd|1","|cant|p2a: Suicune|par","|","|-heal|p2a: Suicune|379/401 par|[from] item: Leftovers","|upkeep","|turn|12","||adding 10 for new turn","|","|t:|1752959698","|move|p1a: Suicune|Calm Mind|p1a: Suicune","|-boost|p1a: Suicune|spa|1","|-boost|p1a: Suicune|spd|1","|move|p2a: Suicune|Calm Mind|p2a: Suicune","|-boost|p2a: Suicune|spa|1","|-boost|p2a: Suicune|spd|1","|","|-heal|p2a: Suicune|401/401 par|[from] item: Leftovers","|upkeep","|turn|13","||adding 10 for new turn","|","|t:|1752959706","|move|p1a: Suicune|Calm Mind|p1a: Suicune","|-boost|p1a: Suicune|spa|1","|-boost|p1a: Suicune|spd|1","|cant|p2a: Suicune|par","|","|upkeep","|turn|14","||adding 10 for new turn","|","|t:|1752959714","|move|p1a: Suicune|Calm Mind|p1a: Suicune","|-boost|p1a: Suicune|spa|1","|-boost|p1a: Suicune|spd|1","|move|p2a: Suicune|Calm Mind|p2a: Suicune","|-boost|p2a: Suicune|spa|1","|-boost|p2a: Suicune|spd|1","|","|upkeep","|turn|15","||adding 10 for new turn","|","|t:|1752959722","|move|p1a: Suicune|Surf|p2a: Suicune","|-resisted|p2a: Suicune","|-damage|p2a: Suicune|340/401 par","|move|p2a: Suicune|Rest|p2a: Suicune","|-status|p2a: Suicune|slp|[from] move: Rest","|-heal|p2a: Suicune|401/401 slp|[silent]","|","|upkeep","|turn|16","||adding 10 for new turn","|","|t:|1752959729","|cant|p2a: Suicune|slp","|move|p1a: Suicune|Surf|p2a: Suicune","|-resisted|p2a: Suicune","|-damage|p2a: Suicune|334/401 slp","|","|-heal|p2a: Suicune|359/401 slp|[from] item: Leftovers","|upkeep","|turn|17","||adding 10 for new turn","|","|t:|1752959737","|cant|p2a: Suicune|slp","|move|p1a: Suicune|Surf|p2a: Suicune","|-resisted|p2a: Suicune","|-damage|p2a: Suicune|299/401 slp","|","|-heal|p2a: Suicune|324/401 slp|[from] item: Leftovers","|upkeep","|turn|18","||adding 10 for new turn","|","|t:|1752959745","|-curestatus|p2a: Suicune|slp|[msg]","|move|p2a: Suicune|Ice Beam|p1a: Suicune","|-resisted|p1a: Suicune","|-damage|p1a: Suicune|382/404","|move|p1a: Suicune|Surf|p2a: Suicune","|-resisted|p2a: Suicune","|-damage|p2a: Suicune|264/401","|","|-heal|p2a: Suicune|289/401|[from] item: Leftovers","|-heal|p1a: Suicune|404/404|[from] item: Leftovers","|upkeep","|turn|19","||adding 10 for new turn","|","|t:|1752959752","|move|p2a: Suicune|Calm Mind|p2a: Suicune","|-boost|p2a: Suicune|spa|1","|-boost|p2a: Suicune|spd|1","|move|p1a: Suicune|Surf|p2a: Suicune","|-resisted|p2a: Suicune","|-damage|p2a: Suicune|234/401","|","|-heal|p2a: Suicune|259/401|[from] item: Leftovers","|upkeep","|turn|20","||adding 10 for new turn","|","|t:|1752959760","|move|p2a: Suicune|Rest|p2a: Suicune","|-status|p2a: Suicune|slp|[from] move: Rest","|-heal|p2a: Suicune|401/401 slp|[silent]","|move|p1a: Suicune|Surf|p2a: Suicune","|-resisted|p2a: Suicune","|-damage|p2a: Suicune|341/401 slp","|","|-heal|p2a: Suicune|366/401 slp|[from] item: Leftovers","|upkeep","|turn|21","||adding 10 for new turn","|","|t:|1752959768","|cant|p2a: Suicune|slp","|move|p1a: Suicune|Surf|p2a: Suicune","|-resisted|p2a: Suicune","|-damage|p2a: Suicune|307/401 slp","|","|-heal|p2a: Suicune|332/401 slp|[from] item: Leftovers","|upkeep","|turn|22","||adding 10 for new turn","|","|t:|1752959775","|cant|p2a: Suicune|slp","|move|p1a: Suicune|Surf|p2a: Suicune","|-resisted|p2a: Suicune","|-damage|p2a: Suicune|280/401 slp","|","|-heal|p2a: Suicune|305/401 slp|[from] item: Leftovers","|upkeep","|turn|23","||adding 10 for new turn","|","|t:|1752959783","|-curestatus|p2a: Suicune|slp|[msg]","|move|p2a: Suicune|Rest|p2a: Suicune","|-status|p2a: Suicune|slp|[from] move: Rest","|-heal|p2a: Suicune|401/401 slp|[silent]","|move|p1a: Suicune|Surf|p2a: Suicune","|-resisted|p2a: Suicune","|-damage|p2a: Suicune|344/401 slp","|","|-heal|p2a: Suicune|369/401 slp|[from] item: Leftovers","|upkeep","|turn|24","||adding 10 for new turn","|","|t:|1752959791","|cant|p2a: Suicune|slp","|move|p1a: Suicune|Surf|p2a: Suicune","|-resisted|p2a: Suicune","|-damage|p2a: Suicune|311/401 slp","|","|-heal|p2a: Suicune|336/401 slp|[from] item: Leftovers","|upkeep","|turn|25","||adding 10 for new turn","|","|t:|1752959798","|cant|p2a: Suicune|slp","|move|p1a: Suicune|Ice Beam|p2a: Suicune","|-resisted|p2a: Suicune","|-damage|p2a: Suicune|300/401 slp","|","|-heal|p2a: Suicune|325/401 slp|[from] item: Leftovers","|upkeep","|turn|26","||adding 10 for new turn","|","|t:|1752959803","|-curestatus|p2a: Suicune|slp|[msg]","|move|p2a: Suicune|Rest|p2a: Suicune","|-status|p2a: Suicune|slp|[from] move: Rest","|-heal|p2a: Suicune|401/401 slp|[silent]","|move|p1a: Suicune|Ice Beam|p2a: Suicune","|-resisted|p2a: Suicune","|-damage|p2a: Suicune|367/401 slp","|","|-heal|p2a: Suicune|392/401 slp|[from] item: Leftovers","|upkeep","|turn|27","||adding 10 for new turn","|","|t:|1752959807","|cant|p2a: Suicune|slp","|move|p1a: Suicune|Calm Mind|p1a: Suicune","|-boost|p1a: Suicune|spa|1","|-boost|p1a: Suicune|spd|1","|","|-heal|p2a: Suicune|401/401 slp|[from] item: Leftovers","|upkeep","|turn|28","||adding 10 for new turn","|","|t:|1752959811","|cant|p2a: Suicune|slp","|move|p1a: Suicune|Ice Beam|p2a: Suicune","|-resisted|p2a: Suicune","|-damage|p2a: Suicune|361/401 slp","|","|-heal|p2a: Suicune|386/401 slp|[from] item: Leftovers","|upkeep","|turn|29","||adding 10 for new turn","|","|t:|1752959815","|-curestatus|p2a: Suicune|slp|[msg]","|move|p2a: Suicune|Ice Beam|p1a: Suicune","|-resisted|p1a: Suicune","|-damage|p1a: Suicune|381/404","|move|p1a: Suicune|Ice Beam|p2a: Suicune","|-resisted|p2a: Suicune","|-damage|p2a: Suicune|345/401","|","|-heal|p2a: Suicune|370/401|[from] item: Leftovers","|-heal|p1a: Suicune|404/404|[from] item: Leftovers","|upkeep","|turn|30","||adding 10 for new turn","|","|t:|1752959819","|move|p2a: Suicune|Calm Mind|p2a: Suicune","|-boost|p2a: Suicune|spa|1","|-boost|p2a: Suicune|spd|1","|move|p1a: Suicune|Surf|p2a: Suicune","|-resisted|p2a: Suicune","|-damage|p2a: Suicune|319/401","|","|-heal|p2a: Suicune|344/401|[from] item: Leftovers","|upkeep","|turn|31","||adding 10 for new turn","|","|t:|1752959824","|move|p2a: Suicune|Ice Beam|p1a: Suicune","|-resisted|p1a: Suicune","|-damage|p1a: Suicune|378/404","|move|p1a: Suicune|Ice Beam|p2a: Suicune","|-resisted|p2a: Suicune","|-damage|p2a: Suicune|305/401","|","|-heal|p2a: Suicune|330/401|[from] item: Leftovers","|-heal|p1a: Suicune|403/404|[from] item: Leftovers","|upkeep","|turn|32","||adding 10 for new turn","|","|t:|1752959828","|move|p2a: Suicune|Surf|p1a: Suicune","|-resisted|p1a: Suicune","|-damage|p1a: Suicune|367/404","|move|p1a: Suicune|Ice Beam|p2a: Suicune","|-resisted|p2a: Suicune","|-damage|p2a: Suicune|292/401","|","|-heal|p2a: Suicune|317/401|[from] item: Leftovers","|-heal|p1a: Suicune|392/404|[from] item: Leftovers","|upkeep","|turn|33","||adding 10 for new turn","|","|t:|1752959832","|move|p2a: Suicune|Surf|p1a: Suicune","|-resisted|p1a: Suicune","|-crit|p1a: Suicune","|-damage|p1a: Suicune|58/404","|move|p1a: Suicune|Calm Mind|p1a: Suicune","|-boost|p1a: Suicune|spa|0","|-boost|p1a: Suicune|spd|0","|","|-heal|p2a: Suicune|342/401|[from] item: Leftovers","|-heal|p1a: Suicune|83/404|[from] item: Leftovers","|upkeep","|turn|34","||adding 10 for new turn","|","|t:|1752959836","|move|p2a: Suicune|Surf|p1a: Suicune","|-resisted|p1a: Suicune","|-damage|p1a: Suicune|45/404","|move|p1a: Suicune|Rest|p1a: Suicune","|-status|p1a: Suicune|slp|[from] move: Rest","|-heal|p1a: Suicune|404/404 slp|[silent]","|","|-heal|p2a: Suicune|367/401|[from] item: Leftovers","|upkeep","|turn|35","||adding 10 for new turn","|","|t:|1752959840","|move|p2a: Suicune|Surf|p1a: Suicune","|-resisted|p1a: Suicune","|-damage|p1a: Suicune|369/404 slp","|cant|p1a: Suicune|slp","|","|-heal|p2a: Suicune|392/401|[from] item: Leftovers","|-heal|p1a: Suicune|394/404 slp|[from] item: Leftovers","|upkeep","|turn|36","||adding 10 for new turn","|","|t:|1752959845","|move|p2a: Suicune|Surf|p1a: Suicune","|-resisted|p1a: Suicune","|-damage|p1a: Suicune|357/404 slp","|cant|p1a: Suicune|slp","|","|-heal|p2a: Suicune|401/401|[from] item: Leftovers","|-heal|p1a: Suicune|382/404 slp|[from] item: Leftovers","|upkeep","|turn|37","||adding 10 for new turn","|","|t:|1752959849","|move|p2a: Suicune|Surf|p1a: Suicune","|-resisted|p1a: Suicune","|-damage|p1a: Suicune|344/404 slp","|-curestatus|p1a: Suicune|slp|[msg]","|move|p1a: Suicune|Rest|p1a: Suicune","|-status|p1a: Suicune|slp|[from] move: Rest","|-heal|p1a: Suicune|404/404 slp|[silent]","|","|upkeep","|turn|38","||adding 10 for new turn","|","|t:|1752959853","|move|p2a: Suicune|Surf|p1a: Suicune","|-resisted|p1a: Suicune","|-damage|p1a: Suicune|365/404 slp","|cant|p1a: Suicune|slp","|","|-heal|p1a: Suicune|390/404 slp|[from] item: Leftovers","|upkeep","|turn|39","||adding 10 for new turn","|","|t:|1752959857","|move|p2a: Suicune|Surf|p1a: Suicune","|-resisted|p1a: Suicune","|-damage|p1a: Suicune|350/404 slp","|cant|p1a: Suicune|slp","|","|-heal|p1a: Suicune|375/404 slp|[from] item: Leftovers","|upkeep","|turn|40","||adding 10 for new turn","|","|t:|1752959861","|move|p2a: Suicune|Rest|p2a: Suicune","|-fail|p2a: Suicune|heal","|-curestatus|p1a: Suicune|slp|[msg]","|move|p1a: Suicune|Rest|p1a: Suicune","|-status|p1a: Suicune|slp|[from] move: Rest","|-heal|p1a: Suicune|404/404 slp|[silent]","|","|upkeep","|turn|41","||adding 10 for new turn","|","|t:|1752959865","|move|p2a: Suicune|Rest|p2a: Suicune","|-fail|p2a: Suicune|heal","|cant|p1a: Suicune|slp","|","|upkeep","|turn|42","||adding 10 for new turn","|","|t:|1752959869","|move|p2a: Suicune|Rest|p2a: Suicune","|-fail|p2a: Suicune|heal","|cant|p1a: Suicune|slp","|","|upkeep","|turn|43","||adding 10 for new turn","|","|t:|1752959874","|move|p2a: Suicune|Calm Mind|p2a: Suicune","|-boost|p2a: Suicune|spa|0","|-boost|p2a: Suicune|spd|0","|-curestatus|p1a: Suicune|slp|[msg]","|move|p1a: Suicune|Calm Mind|p1a: Suicune","|-boost|p1a: Suicune|spa|0","|-boost|p1a: Suicune|spd|0","|","|upkeep","|turn|44","||adding 10 for new turn","|","|t:|1752959878","|move|p2a: Suicune|Calm Mind|p2a: Suicune","|-boost|p2a: Suicune|spa|0","|-boost|p2a: Suicune|spd|0","|move|p1a: Suicune|Rest|p1a: Suicune","|-fail|p1a: Suicune|heal","|","|upkeep","|turn|45","||adding 10 for new turn","|","|t:|1752959882","|move|p2a: Suicune|Calm Mind|p2a: Suicune","|-boost|p2a: Suicune|spa|0","|-boost|p2a: Suicune|spd|0","|move|p1a: Suicune|Rest|p1a: Suicune","|-fail|p1a: Suicune|heal","|","|upkeep","|turn|46","||adding 10 for new turn","|","|t:|1752959886","|move|p2a: Suicune|Calm Mind|p2a: Suicune","|-boost|p2a: Suicune|spa|0","|-boost|p2a: Suicune|spd|0","|move|p1a: Suicune|Calm Mind|p1a: Suicune","|-boost|p1a: Suicune|spa|0","|-boost|p1a: Suicune|spd|0","|","|upkeep","|turn|47","||adding 10 for new turn","|","|t:|1752959890","|move|p2a: Suicune|Calm Mind|p2a: Suicune","|-boost|p2a: Suicune|spa|0","|-boost|p2a: Suicune|spd|0","|move|p1a: Suicune|Rest|p1a: Suicune","|-fail|p1a: Suicune|heal","|","|upkeep","|turn|48","||adding 10 for new turn","|","|t:|1752959894","|move|p2a: Suicune|Calm Mind|p2a: Suicune","|-boost|p2a: Suicune|spa|0","|-boost|p2a: Suicune|spd|0","|move|p1a: Suicune|Rest|p1a: Suicune","|-fail|p1a: Suicune|heal","|","|upkeep","|turn|49","||adding 10 for new turn","|","|t:|1752959898","|move|p2a: Suicune|Calm Mind|p2a: Suicune","|-boost|p2a: Suicune|spa|0","|-boost|p2a: Suicune|spd|0","|move|p1a: Suicune|Calm Mind|p1a: Suicune","|-boost|p1a: Suicune|spa|0","|-boost|p1a: Suicune|spd|0","|","|upkeep","|turn|50","||adding 10 for new turn","|","|t:|1752959902","|move|p2a: Suicune|Calm Mind|p2a: Suicune","|-boost|p2a: Suicune|spa|0","|-boost|p2a: Suicune|spd|0","|move|p1a: Suicune|Rest|p1a: Suicune","|-fail|p1a: Suicune|heal","|","|upkeep","|turn|51","||adding 10 for new turn","|","|t:|1752959906","|move|p2a: Suicune|Calm Mind|p2a: Suicune","|-boost|p2a: Suicune|spa|0","|-boost|p2a: Suicune|spd|0","|move|p1a: Suicune|Calm Mind|p1a: Suicune","|-boost|p1a: Suicune|spa|0","|-boost|p1a: Suicune|spd|0","|","|upkeep","|turn|52","||adding 10 for new turn","|","|t:|1752959911","|move|p2a: Suicune|Calm Mind|p2a: Suicune","|-boost|p2a: Suicune|spa|0","|-boost|p2a: Suicune|spd|0","|move|p1a: Suicune|Rest|p1a: Suicune","|-fail|p1a: Suicune|heal","|","|upkeep","|turn|53","||adding 10 for new turn","|","|t:|1752959915","|move|p2a: Suicune|Calm Mind|p2a: Suicune","|-boost|p2a: Suicune|spa|0","|-boost|p2a: Suicune|spd|0","|move|p1a: Suicune|Calm Mind|p1a: Suicune","|-boost|p1a: Suicune|spa|0","|-boost|p1a: Suicune|spd|0","|","|upkeep","|turn|54","||adding 10 for new turn","|","|t:|1752959919","|move|p2a: Suicune|Calm Mind|p2a: Suicune","|-boost|p2a: Suicune|spa|0","|-boost|p2a: Suicune|spd|0","|move|p1a: Suicune|Calm Mind|p1a: Suicune","|-boost|p1a: Suicune|spa|0","|-boost|p1a: Suicune|spd|0","|","|upkeep","|turn|55","||adding 10 for new turn","|","|t:|1752959923","|move|p2a: Suicune|Calm Mind|p2a: Suicune","|-boost|p2a: Suicune|spa|0","|-boost|p2a: Suicune|spd|0","|move|p1a: Suicune|Calm Mind|p1a: Suicune","|-boost|p1a: Suicune|spa|0","|-boost|p1a: Suicune|spd|0","|","|upkeep","|turn|56","||adding 10 for new turn","|","|t:|1752959927","|move|p2a: Suicune|Calm Mind|p2a: Suicune","|-boost|p2a: Suicune|spa|0","|-boost|p2a: Suicune|spd|0","|move|p1a: Suicune|Calm Mind|p1a: Suicune","|-boost|p1a: Suicune|spa|0","|-boost|p1a: Suicune|spd|0","|","|upkeep","|turn|57","||adding 10 for new turn","|","|t:|1752959931","|move|p2a: Suicune|Calm Mind|p2a: Suicune","|-boost|p2a: Suicune|spa|0","|-boost|p2a: Suicune|spd|0","|move|p1a: Suicune|Calm Mind|p1a: Suicune","|-boost|p1a: Suicune|spa|0","|-boost|p1a: Suicune|spd|0","|","|upkeep","|turn|58","||adding 10 for new turn","|","|t:|1752959935","|move|p2a: Suicune|Surf|p1a: Suicune","|-resisted|p1a: Suicune","|-damage|p1a: Suicune|367/404","|move|p1a: Suicune|Rest|p1a: Suicune","|-status|p1a: Suicune|slp|[from] move: Rest","|-heal|p1a: Suicune|404/404 slp|[silent]","|","|upkeep","|turn|59","||adding 10 for new turn","|","|t:|1752959939","|move|p2a: Suicune|Ice Beam|p1a: Suicune","|-resisted|p1a: Suicune","|-damage|p1a: Suicune|381/404 slp","|cant|p1a: Suicune|slp","|","|-heal|p1a: Suicune|404/404 slp|[from] item: Leftovers","|upkeep","|turn|60","||adding 10 for new turn","|","|t:|1752959943","|move|p2a: Suicune|Ice Beam|p1a: Suicune","|-resisted|p1a: Suicune","|-damage|p1a: Suicune|378/404 slp","|cant|p1a: Suicune|slp","|","|-heal|p1a: Suicune|403/404 slp|[from] item: Leftovers","|upkeep","|turn|61","||adding 10 for new turn","|","|t:|1752959947","|move|p2a: Suicune|Calm Mind|p2a: Suicune","|-boost|p2a: Suicune|spa|0","|-boost|p2a: Suicune|spd|0","|-curestatus|p1a: Suicune|slp|[msg]","|move|p1a: Suicune|Calm Mind|p1a: Suicune","|-boost|p1a: Suicune|spa|0","|-boost|p1a: Suicune|spd|0","|","|-heal|p1a: Suicune|404/404|[from] item: Leftovers","|upkeep","|turn|62","||adding 10 for new turn","|","|t:|1752959952","|move|p2a: Suicune|Ice Beam|p1a: Suicune","|-resisted|p1a: Suicune","|-crit|p1a: Suicune","|-damage|p1a: Suicune|199/404","|move|p1a: Suicune|Rest|p1a: Suicune","|-status|p1a: Suicune|slp|[from] move: Rest","|-heal|p1a: Suicune|404/404 slp|[silent]","|","|upkeep","|turn|63","||adding 10 for new turn","|","|t:|1752959956","|move|p2a: Suicune|Ice Beam|p1a: Suicune","|-resisted|p1a: Suicune","|-damage|p1a: Suicune|377/404 slp","|cant|p1a: Suicune|slp","|","|-heal|p1a: Suicune|402/404 slp|[from] item: Leftovers","|upkeep","|turn|64","||adding 10 for new turn","|","|t:|1752959960","|move|p2a: Suicune|Calm Mind|p2a: Suicune","|-boost|p2a: Suicune|spa|0","|-boost|p2a: Suicune|spd|0","|cant|p1a: Suicune|slp","|","|-heal|p1a: Suicune|404/404 slp|[from] item: Leftovers","|upkeep","|turn|65","||adding 10 for new turn","|","|t:|1752959964","|move|p2a: Suicune|Calm Mind|p2a: Suicune","|-boost|p2a: Suicune|spa|0","|-boost|p2a: Suicune|spd|0","|-curestatus|p1a: Suicune|slp|[msg]","|move|p1a: Suicune|Calm Mind|p1a: Suicune","|-boost|p1a: Suicune|spa|0","|-boost|p1a: Suicune|spd|0","|","|upkeep","|turn|66","||adding 10 for new turn","|","|t:|1752959968","|move|p2a: Suicune|Calm Mind|p2a: Suicune","|-boost|p2a: Suicune|spa|0","|-boost|p2a: Suicune|spd|0","|move|p1a: Suicune|Calm Mind|p1a: Suicune","|-boost|p1a: Suicune|spa|0","|-boost|p1a: Suicune|spd|0","|","|upkeep","|turn|67","||adding 10 for new turn","|","|t:|1752959972","|move|p2a: Suicune|Calm Mind|p2a: Suicune","|-boost|p2a: Suicune|spa|0","|-boost|p2a: Suicune|spd|0","|move|p1a: Suicune|Calm Mind|p1a: Suicune","|-boost|p1a: Suicune|spa|0","|-boost|p1a: Suicune|spd|0","|","|upkeep","|turn|68","||adding 10 for new turn","|","|t:|1752959976","|move|p2a: Suicune|Calm Mind|p2a: Suicune","|-boost|p2a: Suicune|spa|0","|-boost|p2a: Suicune|spd|0","|move|p1a: Suicune|Calm Mind|p1a: Suicune","|-boost|p1a: Suicune|spa|0","|-boost|p1a: Suicune|spd|0","|","|upkeep","|turn|69","||adding 10 for new turn","|","|t:|1752959980","|move|p2a: Suicune|Calm Mind|p2a: Suicune","|-boost|p2a: Suicune|spa|0","|-boost|p2a: Suicune|spd|0","|move|p1a: Suicune|Calm Mind|p1a: Suicune","|-boost|p1a: Suicune|spa|0","|-boost|p1a: Suicune|spd|0","|","|upkeep","|turn|70","||adding 10 for new turn","|","|t:|1752959984","|move|p2a: Suicune|Calm Mind|p2a: Suicune","|-boost|p2a: Suicune|spa|0","|-boost|p2a: Suicune|spd|0","|move|p1a: Suicune|Calm Mind|p1a: Suicune","|-boost|p1a: Suicune|spa|0","|-boost|p1a: Suicune|spd|0","|","|upkeep","|turn|71","||adding 10 for new turn","|","|t:|1752959988","|move|p2a: Suicune|Calm Mind|p2a: Suicune","|-boost|p2a: Suicune|spa|0","|-boost|p2a: Suicune|spd|0","|move|p1a: Suicune|Calm Mind|p1a: Suicune","|-boost|p1a: Suicune|spa|0","|-boost|p1a: Suicune|spd|0","|","|upkeep","|turn|72","||adding 10 for new turn","|","|t:|1752959992","|move|p2a: Suicune|Surf|p1a: Suicune","|-resisted|p1a: Suicune","|-damage|p1a: Suicune|367/404","|move|p1a: Suicune|Calm Mind|p1a: Suicune","|-boost|p1a: Suicune|spa|0","|-boost|p1a: Suicune|spd|0","|","|-heal|p1a: Suicune|392/404|[from] item: Leftovers","|upkeep","|turn|73","||adding 10 for new turn","|","|t:|1752959997","|move|p2a: Suicune|Rest|p2a: Suicune","|-fail|p2a: Suicune|heal","|move|p1a: Suicune|Calm Mind|p1a: Suicune","|-boost|p1a: Suicune|spa|0","|-boost|p1a: Suicune|spd|0","|","|-heal|p1a: Suicune|404/404|[from] item: Leftovers","|upkeep","|turn|74","||adding 10 for new turn","|","|t:|1752960001","|move|p2a: Suicune|Calm Mind|p2a: Suicune","|-boost|p2a: Suicune|spa|0","|-boost|p2a: Suicune|spd|0","|move|p1a: Suicune|Calm Mind|p1a: Suicune","|-boost|p1a: Suicune|spa|0","|-boost|p1a: Suicune|spd|0","|","|upkeep","|turn|75","||adding 10 for new turn","|","|t:|1752960005","|move|p2a: Suicune|Rest|p2a: Suicune","|-fail|p2a: Suicune|heal","|move|p1a: Suicune|Calm Mind|p1a: Suicune","|-boost|p1a: Suicune|spa|0","|-boost|p1a: Suicune|spd|0","|","|upkeep","|turn|76","||adding 10 for new turn","|","|t:|1752960009","|move|p2a: Suicune|Rest|p2a: Suicune","|-fail|p2a: Suicune|heal","|move|p1a: Suicune|Calm Mind|p1a: Suicune","|-boost|p1a: Suicune|spa|0","|-boost|p1a: Suicune|spd|0","|","|upkeep","|turn|77","||adding 10 for new turn","|","|t:|1752960013","|move|p2a: Suicune|Rest|p2a: Suicune","|-fail|p2a: Suicune|heal","|move|p1a: Suicune|Calm Mind|p1a: Suicune","|-boost|p1a: Suicune|spa|0","|-boost|p1a: Suicune|spd|0","|","|upkeep","|turn|78","||adding 10 for new turn","|","|t:|1752960017","|move|p2a: Suicune|Rest|p2a: Suicune","|-fail|p2a: Suicune|heal","|move|p1a: Suicune|Calm Mind|p1a: Suicune","|-boost|p1a: Suicune|spa|0","|-boost|p1a: Suicune|spd|0","|","|upkeep","|turn|79","||adding 10 for new turn","|","|t:|1752960021","|move|p2a: Suicune|Rest|p2a: Suicune","|-fail|p2a: Suicune|heal","|move|p1a: Suicune|Calm Mind|p1a: Suicune","|-boost|p1a: Suicune|spa|0","|-boost|p1a: Suicune|spd|0","|","|upkeep","|turn|80","||adding 10 for new turn","|","|t:|1752960025","|move|p2a: Suicune|Rest|p2a: Suicune","|-fail|p2a: Suicune|heal","|move|p1a: Suicune|Ice Beam|p2a: Suicune","|-resisted|p2a: Suicune","|-damage|p2a: Suicune|366/401","|","|-heal|p2a: Suicune|391/401|[from] item: Leftovers","|upkeep","|turn|81","||adding 10 for new turn","|","|t:|1752960029","|move|p2a: Suicune|Surf|p1a: Suicune","|-resisted|p1a: Suicune","|-damage|p1a: Suicune|368/404","|move|p1a: Suicune|Rest|p1a: Suicune","|-status|p1a: Suicune|slp|[from] move: Rest","|-heal|p1a: Suicune|404/404 slp|[silent]","|","|-heal|p2a: Suicune|401/401|[from] item: Leftovers","|upkeep","|turn|82","||adding 10 for new turn","|","|t:|1752960033","|move|p2a: Suicune|Calm Mind|p2a: Suicune","|-boost|p2a: Suicune|spa|0","|-boost|p2a: Suicune|spd|0","|cant|p1a: Suicune|slp","|","|upkeep","|turn|83","||adding 10 for new turn","|","|t:|1752960038","|move|p2a: Suicune|Rest|p2a: Suicune","|-fail|p2a: Suicune|heal","|cant|p1a: Suicune|slp","|","|upkeep","|turn|84","||adding 10 for new turn","|","|t:|1752960042","|move|p2a: Suicune|Rest|p2a: Suicune","|-fail|p2a: Suicune|heal","|-curestatus|p1a: Suicune|slp|[msg]","|move|p1a: Suicune|Rest|p1a: Suicune","|-fail|p1a: Suicune|heal","|","|upkeep","|turn|85","||adding 10 for new turn","|","|t:|1752960046","|move|p2a: Suicune|Ice Beam|p1a: Suicune","|-resisted|p1a: Suicune","|-crit|p1a: Suicune","|-damage|p1a: Suicune|195/404","|move|p1a: Suicune|Rest|p1a: Suicune","|-status|p1a: Suicune|slp|[from] move: Rest","|-heal|p1a: Suicune|404/404 slp|[silent]","|","|upkeep","|turn|86","||adding 10 for new turn","|","|t:|1752960050","|move|p2a: Suicune|Surf|p1a: Suicune","|-resisted|p1a: Suicune","|-damage|p1a: Suicune|367/404 slp","|cant|p1a: Suicune|slp","|","|-heal|p1a: Suicune|392/404 slp|[from] item: Leftovers","|upkeep","|turn|87","||adding 10 for new turn","|","|t:|1752960054","|switch|p2a: Blissey|Blissey, F|714/714","|cant|p1a: Suicune|slp","|","|-heal|p1a: Suicune|404/404 slp|[from] item: Leftovers","|upkeep","|turn|88","||adding 10 for new turn","|","|t:|1752960061","|switch|p2a: Suicune|Suicune|401/401","|-ability|p2a: Suicune|Pressure|[silent]","|-curestatus|p1a: Suicune|slp|[msg]","|move|p1a: Suicune|Ice Beam|p2a: Suicune","|-resisted|p2a: Suicune","|-damage|p2a: Suicune|252/401","|","|-heal|p2a: Suicune|277/401|[from] item: Leftovers","|upkeep","|turn|89","||adding 10 for new turn","|","|t:|1752960066","|move|p2a: Suicune|Struggle|p1a: Suicune","|-damage|p1a: Suicune|383/404","|-damage|p2a: Suicune|272/401|[from] Recoil|[of] p1a: Suicune","|move|p1a: Suicune|Surf|p2a: Suicune","|-resisted|p2a: Suicune","|-damage|p2a: Suicune|41/401","|","|-heal|p2a: Suicune|66/401|[from] item: Leftovers","|-heal|p1a: Suicune|404/404|[from] item: Leftovers","|upkeep","|turn|90","||adding 10 for new turn","|","|t:|1752960070","|switch|p2a: Snorlax|Snorlax, F|497/497","|switch|p1a: Snorlax|Snorlax, F|484/484","|-damage|p1a: Snorlax|424/484|[from] Spikes","|","|-heal|p1a: Snorlax|454/484|[from] item: Leftovers","|upkeep","|turn|91","||adding 10 for new turn","|","|t:|1752960078","|move|p1a: Snorlax|Body Slam|p2a: Snorlax","|-damage|p2a: Snorlax|347/497","|move|p2a: Snorlax|Curse|p2a: Snorlax","|-unboost|p2a: Snorlax|spe|1","|-boost|p2a: Snorlax|atk|1","|-boost|p2a: Snorlax|def|1","|","|-heal|p1a: Snorlax|484/484|[from] item: Leftovers","|-heal|p2a: Snorlax|378/497|[from] item: Leftovers","|upkeep","|turn|92","||adding 10 for new turn","|","|t:|1752960085","|move|p1a: Snorlax|Body Slam|p2a: Snorlax","|-damage|p2a: Snorlax|280/497","|move|p2a: Snorlax|Return|p1a: Snorlax","|-damage|p1a: Snorlax|217/484","|","|-heal|p1a: Snorlax|247/484|[from] item: Leftovers","|-heal|p2a: Snorlax|311/497|[from] item: Leftovers","|upkeep","|turn|93","||adding 10 for new turn","|","|t:|1752960094","|move|p1a: Snorlax|Self-Destruct|p2a: Snorlax","|-damage|p2a: Snorlax|0 fnt","|faint|p1a: Snorlax","|faint|p2a: Snorlax","||adding 5 to each for mid turn request","|","|t:|1752960101","|switch|p1a: Metagross|Metagross|364/364","|switch|p2a: Dugtrio|Dugtrio, F|235/235","|-damage|p1a: Metagross|319/364|[from] Spikes","|","|-heal|p1a: Metagross|341/364|[from] item: Leftovers","|upkeep","|turn|94","||adding 10 for new turn","|","|t:|1752960109","|move|p2a: Dugtrio|Earthquake|p1a: Metagross","|-supereffective|p1a: Metagross","|-damage|p1a: Metagross|25/364","|move|p1a: Metagross|Agility|p1a: Metagross","|-boost|p1a: Metagross|spe|2","|","|-heal|p1a: Metagross|47/364|[from] item: Leftovers","|upkeep","|turn|95","||adding 10 for new turn","|","|t:|1752960116","|switch|p2a: Blissey|Blissey, F|714/714","|move|p1a: Metagross|Meteor Mash|p2a: Blissey","|-damage|p2a: Blissey|396/714","|-boost|p1a: Metagross|atk|1","|","|-heal|p1a: Metagross|69/364|[from] item: Leftovers","|-heal|p2a: Blissey|440/714|[from] item: Leftovers","|upkeep","|turn|96","||adding 10 for new turn","|","|t:|1752960124","|move|p1a: Metagross|Meteor Mash|p2a: Blissey","|-damage|p2a: Blissey|0 fnt","|-boost|p1a: Metagross|atk|1","|faint|p2a: Blissey","||adding 5 to each for mid turn request","|","|t:|1752960131","|switch|p2a: Claydol|Claydol|324/324","|","|-heal|p1a: Metagross|91/364|[from] item: Leftovers","|upkeep","|turn|97","||adding 10 for new turn","|","|t:|1752960138","|move|p1a: Metagross|Meteor Mash|p2a: Claydol","|-damage|p2a: Claydol|0 fnt","|faint|p2a: Claydol","||adding 5 to each for mid turn request","|","|t:|1752960145","|switch|p2a: Dugtrio|Dugtrio, F|235/235","|","|-heal|p1a: Metagross|113/364|[from] item: Leftovers","|upkeep","|turn|98","||adding 10 for new turn","|","|t:|1752960151","|move|p1a: Metagross|Earthquake|p2a: Dugtrio","|-damage|p2a: Dugtrio|0 fnt","|faint|p2a: Dugtrio","||adding 5 to each for mid turn request","|","|t:|1752960155","|switch|p2a: Suicune|Suicune|66/401","|-ability|p2a: Suicune|Pressure|[silent]","|","|-heal|p1a: Metagross|135/364|[from] item: Leftovers","|-heal|p2a: Suicune|91/401|[from] item: Leftovers","|upkeep","|turn|99","||adding 10 for new turn","|","|t:|1752960159","|move|p1a: Metagross|Earthquake|p2a: Suicune","|-damage|p2a: Suicune|0 fnt","|faint|p2a: Suicune","|","|win|foultestchallenge1",""],"p1rating":null,"p2rating":null,"endType":"normal","ladderError":true,"timestamp":"Sat Jul 19 2025 14:22:39 GMT-0700 (アメリカ太平洋夏時間)","roomid":"battle-gen3ou-989","format":"gen3ou"}