{"winner":"foultestacceptor1","seed":"sodium,c5ca8d46cb6ce533396ca04e89170dd3","turns":48,"p1":"foultestchallenge1","p2":"foultestacceptor1","p1team":[{"name":"Tyranitar","species":"Tyranitar","item":"Leftovers","ability":"Sand Stream","moves":["Rock Slide","Earthquake","Hidden Power Bug","Roar"],"nature":"Adamant","evs":{"hp":184,"atk":196,"def":120,"spa":0,"spd":0,"spe":8},"gender":"F","ivs":{"hp":31,"atk":30,"def":30,"spa":31,"spd":30,"spe":31},"happiness":255,"hpType":"Bug","pokeball":"","gigantamax":false,"dynamaxLevel":10,"teraType":"","level":100},{"name":"Milotic","species":"Milotic","item":"Leftovers","ability":"Marvel Scale","moves":["Surf","Toxic","Recover","Refresh"],"nature":"Bold","evs":{"hp":248,"atk":0,"def":212,"spa":0,"spd":0,"spe":48},"gender":"M","ivs":{"hp":31,"atk":0,"def":31,"spa":31,"spd":31,"spe":31},"level":100},{"name":"Blissey","species":"Blissey","item":"Leftovers","ability":"Natural Cure","moves":["Seismic Toss","Ice Beam","Thunder Wave","Soft-Boiled"],"nature":"Bold","evs":{"hp":40,"atk":0,"def":244,"spa":208,"spd":0,"spe":16},"gender":"F","level":100,"ivs":{"hp":31,"atk":31,"def":31,"spa":31,"spd":31,"spe":31}},{"name":"Skarmory","species":"Skarmory","item":"Leftovers","ability":"Keen Eye","moves":["Drill Peck","Toxic","Spikes","Roar"],"nature":"Careful","evs":{"hp":248,"atk":0,"def":0,"spa":0,"spd":236,"spe":24},"gender":"M","level":100,"ivs":{"hp":31,"atk":31,"def":31,"spa":31,"spd":31,"spe":31}},{"name":"Claydol","species":"Claydol","item":"Leftovers","ability":"Levitate","moves":["Earthquake","Psychic","Refresh","Rapid Spin"],"nature":"Adamant","evs":{"hp":224,"atk":228,"def":0,"spa":36,"spd":0,"spe":20},"gender":"N","level":100,"ivs":{"hp":31,"atk":31,"def":31,"spa":31,"spd":31,"spe":31}},{"name":"Dugtrio","species":"Dugtrio","item":"Choice Band","ability":"Arena Trap","moves":["Earthquake","Aerial Ace","Hidden Power Bug","Screech"],"nature":"Jolly","evs":{"hp":0,"atk":252,"def":0,"spa":0,"spd":4,"spe":252},"gender":"F","ivs":{"hp":31,"atk":30,"def":30,"spa":31,"spd":30,"spe":31},"happiness":255,"hpType":"Bug","pokeball":"","gigantamax":false,"dynamaxLevel":10,"teraType":"","level":100}],"p2team":[{"name":"Salamence","species":"Salamence","item":"Choice Band","ability":"Intimidate","moves":["Earthquake","Hidden Power Flying","Brick Break","Rock Slide"],"nature":"Adamant","evs":{"hp":120,"atk":252,"def":0,"spa":0,"spd":0,"spe":136},"gender":"F","ivs":{"hp":30,"atk":30,"def":30,"spa":30,"spd":30,"spe":31},"happiness":255,"hpType":"Flying","pokeball":"","gigantamax":false,"dynamaxLevel":10,"teraType":"","level":100},{"name":"Magneton","species":"Magneton","item":"Magnet","ability":"Magnet Pull","moves":["Thunderbolt","Toxic","Hidden Power Fire","Protect"],"nature":"Modest","evs":{"hp":4,"atk":0,"def":0,"spa":252,"spd":0,"spe":252},"gender":"N","ivs":{"hp":31,"atk":2,"def":31,"spa":30,"spd":31,"spe":30},"happiness":255,"hpType":"Fire","pokeball":"","gigantamax":false,"dynamaxLevel":10,"teraType":"","level":100},{"name":"Tyranitar","species":"Tyranitar","item":"Leftovers","ability":"Sand Stream","moves":["Crunch","Pursuit","Hidden Power Grass","Fire Blast"],"nature":"Modest","evs":{"hp":240,"atk":0,"def":0,"spa":188,"spd":48,"spe":32},"gender":"F","ivs":{"hp":31,"atk":2,"def":31,"spa":30,"spd":31,"spe":31},"happiness":255,"hpType":"Grass","pokeball":"","gigantamax":false,"dynamaxLevel":10,"teraType":"","level":100},{"name":"Blissey","species":"Blissey","item":"Leftovers","ability":"Natural Cure","moves":["Seismic Toss","Wish","Protect","Toxic"],"nature":"","evs":{"hp":4,"atk":0,"def":252,"spa":0,"spd":252,"spe":0},"gender":"F","ivs":{"hp":31,"atk":0,"def":31,"spa":31,"spd":31,"spe":31},"level":100},{"name":"Metagross","species":"Metagross","item":"Leftovers","ability":"Clear Body","moves":["Agility","Meteor Mash","Earthquake","Explosion"],"nature":"Adamant","evs":{"hp":168,"atk":252,"def":0,"spa":0,"spd":0,"spe":88},"gender":"N","level":100,"ivs":{"hp":31,"atk":31,"def":31,"spa":31,"spd":31,"spe":31}},{"name":"Swampert","species":"Swampert","item":"Leftovers","ability":"Torrent","moves":["Surf","Ice Beam","Protect","Toxic"],"nature":"Bold","evs":{"hp":252,"atk":0,"def":160,"spa":0,"spd":96,"spe":0},"gender":"M","ivs":{"hp":31,"atk":0,"def":31,"spa":31,"spd":31,"spe":31},"level":100}],"score":[0,4],"inputLog":[">version 372d05e49c92a79eecdf6c8dddb208bd1765c00f",">start {\"formatid\":\"gen3ou\",\"seed\":\"sodium,c5ca8d46cb6ce533396ca04e89170dd3\"}",">player p1 {\"name\":\"foultestchallenge1\",\"avatar\":\"1\",\"team\":\"Tyranitar||Leftovers|SandStream|RockSlide,Earthquake,HiddenPowerBug,Roar|Adamant|184,196,120,,,8|F|,30,30,,30,|||,Bug,,,,]Milotic||Leftovers|MarvelScale|Surf,Toxic,Recover,Refresh|Bold|248,,212,,,48|M|,0,,,,|||]Blissey||Leftovers|NaturalCure|SeismicToss,IceBeam,ThunderWave,SoftBoiled|Bold|40,,244,208,,16|F||||]Skarmory||Leftovers|KeenEye|DrillPeck,Toxic,Spikes,Roar|Careful|248,,,,236,24|M||||]Claydol||Leftovers|Levitate|Earthquake,Psychic,Refresh,RapidSpin|Adamant|224,228,,36,,20|N||||]Dugtrio||ChoiceBand|ArenaTrap|Earthquake,AerialAce,HiddenPowerBug,Screech|Jolly|,252,,,4,252|F|,30,30,,30,|||,Bug,,,,\",\"rating\":0}",">player p2 {\"name\":\"foultestacceptor1\",\"avatar\":\"169\",\"team\":\"Salamence||ChoiceBand|Intimidate|Earthquake,HiddenPowerFlying,BrickBreak,RockSlide|Adamant|120,252,,,,136|F|30,30,30,30,30,|||,Flying,,,,]Magneton||Magnet|MagnetPull|Thunderbolt,Toxic,HiddenPowerFire,Protect|Modest|4,,,252,,252|N|,2,,30,,30|||,Fire,,,,]Tyranitar||Leftovers|SandStream|Crunch,Pursuit,HiddenPowerGrass,FireBlast|Modest|240,,,188,48,32|F|,2,,30,,|||,Grass,,,,]Blissey||Leftovers|NaturalCure|SeismicToss,Wish,Protect,Toxic||4,,252,,252,|F|,0,,,,|||]Metagross||Leftovers|ClearBody|Agility,MeteorMash,Earthquake,Explosion|Adamant|168,252,,,,88|N||||]Swampert||Leftovers|Torrent|Surf,IceBeam,Protect,Toxic|Bold|252,,160,,96,|M|,0,,,,|||\",\"rating\":0}",">p1 move rockslide",">p2 move brickbreak",">p1 switch 3",">p1 move icebeam",">p2 switch 5",">p1 switch 4",">p2 move meteormash",">p1 move spikes",">p2 switch 2",">p1 move spikes",">p2 move thunderbolt",">p1 switch 6",">p1 move earthquake",">p2 move hiddenpower",">p2 switch 5",">p1 switch 2",">p2 move earthquake",">p1 move recover",">p2 move earthquake",">p1 move recover",">p2 move earthquake",">p1 move recover",">p2 move earthquake",">p1 move recover",">p2 move earthquake",">p1 move recover",">p2 switch 2",">p1 move surf",">p2 move explosion",">p1 switch 4",">p2 switch 2",">p1 switch 5",">p2 switch 4",">p1 switch 5",">p2 move wish",">p1 move thunderwave",">p2 move toxic",">p1 move icebeam",">p2 switch 6",">p1 move icebeam",">p2 move surf",">p1 move softboiled",">p2 move surf",">p1 switch 5",">p2 move surf",">p1 move psychic",">p2 move surf",">p1 move psychic",">p2 move surf",">p1 move psychic",">p2 move surf",">p1 move psychic",">p2 move surf",">p1 switch 5",">p2 move surf",">p1 move softboiled",">p2 move toxic",">p1 move icebeam",">p2 move surf",">p1 move softboiled",">p2 move surf",">p1 move softboiled",">p2 move surf",">p1 move icebeam",">p2 move surf",">p1 switch 5",">p2 move surf",">p1 move psychic",">p2 move surf",">p1 switch 5",">p1 move softboiled",">p2 move toxic",">p1 move softboiled",">p2 move surf",">p1 move softboiled",">p2 move surf",">p1 move softboiled",">p2 move surf",">p1 move softboiled",">p2 move surf",">p1 move softboiled",">p2 move surf",">p1 move softboiled",">p2 move surf",">p1 move softboiled",">p2 move surf",">p1 switch 2",">p2 move surf",">p1 switch 2",">p1 move softboiled",">p2 move toxic",">p1 move icebeam",">p2 move protect",">p1 move icebeam",">p2 move toxic",">p1 move thunderwave",">p2 switch 4",">p1 move softboiled",">p2 move brickbreak",">p1 move softboiled",">p2 move hiddenpower",">p1 move softboiled",">p2 move hiddenpower"],"log":["|j|☆foultestchallenge1","|j|☆foultestacceptor1","|t:|1752969850","|gametype|singles","|player|p1|foultestchallenge1|1|","|player|p2|foultestacceptor1|169|","|teamsize|p1|6","|teamsize|p2|6","|gen|3","|tier|[Gen 3] OU","|rule|Sleep Clause Mod: Limit one foe put to sleep","|rule|Switch Priority Clause Mod: Faster Pokémon switch first","|rule|Species Clause: Limit one of each Pokémon","|rule|OHKO Clause: OHKO moves are banned","|rule|Evasion Items Clause: Evasion items are banned","|rule|Evasion Moves Clause: Evasion moves are banned","|rule|Endless Battle Clause: Forcing endless battles is banned","|rule|HP Percentage Mod: HP is shown in percentages","|rule|One Boost Passer Clause: Limit one Baton Passer that has a way to boost its stats","|rule|Freeze Clause Mod: Limit one foe frozen","|","|t:|1752969850","|start","|switch|p1a: Tyranitar|Tyranitar, F|387/387","|switch|p2a: Salamence|Salamence, F|360/360","|-ability|p2a: Salamence|Intimidate|boost","|-unboost|p1a: Tyranitar|atk|1","|-weather|Sandstorm|[from] ability: Sand Stream|[of] p1a: Tyranitar","|turn|1","|inactive|Battle timer is ON: inactive players will automatically lose when time's up. (requested by foultestchallenge1)","|inactive|foultestacceptor1 also wants the timer to be on.","|","|t:|1752969859","|move|p2a: Salamence|Brick Break|p1a: Tyranitar","|-supereffective|p1a: Tyranitar","|-crit|p1a: Tyranitar","|-damage|p1a: Tyranitar|0 fnt","|faint|p1a: Tyranitar","||adding 5 to each for mid turn request","|","|t:|1752969866","|switch|p1a: Blissey|Blissey, F|661/661","|","|-weather|Sandstorm|[upkeep]","|-damage|p2a: Salamence|338/360|[from] Sandstorm","|-damage|p1a: Blissey|620/661|[from] Sandstorm","|-heal|p1a: Blissey|661/661|[from] item: Leftovers","|upkeep","|turn|2","||adding 10 for new turn","|","|t:|1752969874","|switch|p2a: Metagross|Metagross|343/343","|move|p1a: Blissey|Ice Beam|p2a: Metagross","|-resisted|p2a: Metagross","|-damage|p2a: Metagross|301/343","|","|-weather|Sandstorm|[upkeep]","|-damage|p1a: Blissey|620/661|[from] Sandstorm","|-heal|p2a: Metagross|322/343|[from] item: Leftovers","|-heal|p1a: Blissey|661/661|[from] item: Leftovers","|upkeep","|turn|3","||adding 10 for new turn","|","|t:|1752969882","|switch|p1a: Skarmory|Skarmory, M|333/333","|move|p2a: Metagross|Meteor Mash|p1a: Skarmory","|-resisted|p1a: Skarmory","|-damage|p1a: Skarmory|252/333","|","|-weather|Sandstorm|[upkeep]","|-heal|p2a: Metagross|343/343|[from] item: Leftovers","|-heal|p1a: Skarmory|272/333|[from] item: Leftovers","|upkeep","|turn|4","||adding 10 for new turn","|","|t:|1752969891","|switch|p2a: Magneton|Magneton|242/242","|move|p1a: Skarmory|Spikes|p2a: Magneton","|-sidestart|p2: foultestacceptor1|Spikes","|","|-weather|Sandstorm|[upkeep]","|-heal|p1a: Skarmory|292/333|[from] item: Leftovers","|upkeep","|turn|5","||adding 10 for new turn","|","|t:|1752969898","|move|p2a: Magneton|Thunderbolt|p1a: Skarmory","|-supereffective|p1a: Skarmory","|-damage|p1a: Skarmory|0 fnt","|faint|p1a: Skarmory","||adding 5 to each for mid turn request","|","|t:|1752969906","|switch|p1a: Dugtrio|Dugtrio, F|211/211","|","|-weather|Sandstorm|[upkeep]","|upkeep","|turn|6","||adding 10 for new turn","|","|t:|1752969914","|move|p1a: Dugtrio|Earthquake|p2a: Magneton","|-supereffective|p2a: Magneton","|-crit|p2a: Magneton","|-damage|p2a: Magneton|0 fnt","|faint|p2a: Magneton","||adding 5 to each for mid turn request","|","|t:|1752969921","|switch|p2a: Salamence|Salamence, F|338/360","|-ability|p2a: Salamence|Intimidate|boost","|-unboost|p1a: Dugtrio|atk|1","|","|-weather|Sandstorm|[upkeep]","|-damage|p2a: Salamence|316/360|[from] Sandstorm","|upkeep","|turn|7","||adding 10 for new turn","|","|t:|1752969929","|switch|p1a: Milotic|Milotic, M|393/393","|move|p2a: Salamence|Earthquake|p1a: Milotic","|-damage|p1a: Milotic|218/393","|","|-weather|Sandstorm|[upkeep]","|-damage|p2a: Salamence|294/360|[from] Sandstorm","|-damage|p1a: Milotic|194/393|[from] Sandstorm","|-heal|p1a: Milotic|218/393|[from] item: Leftovers","|upkeep","|turn|8","||adding 10 for new turn","|","|t:|1752969937","|move|p2a: Salamence|Earthquake|p1a: Milotic","|-damage|p1a: Milotic|43/393","|move|p1a: Milotic|Recover|p1a: Milotic","|-heal|p1a: Milotic|239/393","|","|-weather|Sandstorm|[upkeep]","|-damage|p2a: Salamence|272/360|[from] Sandstorm","|-damage|p1a: Milotic|215/393|[from] Sandstorm","|-heal|p1a: Milotic|239/393|[from] item: Leftovers","|upkeep","|turn|9","||adding 10 for new turn","|","|t:|1752969944","|move|p2a: Salamence|Earthquake|p1a: Milotic","|-damage|p1a: Milotic|68/393","|move|p1a: Milotic|Recover|p1a: Milotic","|-heal|p1a: Milotic|264/393","|","|-weather|Sandstorm|[upkeep]","|-damage|p2a: Salamence|250/360|[from] Sandstorm","|-damage|p1a: Milotic|240/393|[from] Sandstorm","|-heal|p1a: Milotic|264/393|[from] item: Leftovers","|upkeep","|turn|10","||adding 10 for new turn","|","|t:|1752969952","|move|p2a: Salamence|Earthquake|p1a: Milotic","|-damage|p1a: Milotic|89/393","|move|p1a: Milotic|Recover|p1a: Milotic","|-heal|p1a: Milotic|285/393","|","|-weather|Sandstorm|[upkeep]","|-damage|p2a: Salamence|228/360|[from] Sandstorm","|-damage|p1a: Milotic|261/393|[from] Sandstorm","|-heal|p1a: Milotic|285/393|[from] item: Leftovers","|upkeep","|turn|11","||adding 10 for new turn","|","|t:|1752969960","|move|p2a: Salamence|Earthquake|p1a: Milotic","|-damage|p1a: Milotic|104/393","|move|p1a: Milotic|Recover|p1a: Milotic","|-heal|p1a: Milotic|300/393","|","|-weather|Sandstorm|[upkeep]","|-damage|p2a: Salamence|206/360|[from] Sandstorm","|-damage|p1a: Milotic|276/393|[from] Sandstorm","|-heal|p1a: Milotic|300/393|[from] item: Leftovers","|upkeep","|turn|12","||adding 10 for new turn","|","|t:|1752969968","|switch|p2a: Metagross|Metagross|343/343","|-damage|p2a: Metagross|301/343|[from] Spikes","|move|p1a: Milotic|Recover|p1a: Milotic","|-heal|p1a: Milotic|393/393","|","|-weather|Sandstorm|[upkeep]","|-damage|p1a: Milotic|369/393|[from] Sandstorm","|-heal|p1a: Milotic|393/393|[from] item: Leftovers","|-heal|p2a: Metagross|322/343|[from] item: Leftovers","|upkeep","|turn|13","||adding 10 for new turn","|","|t:|1752969975","|move|p1a: Milotic|Surf|p2a: Metagross","|-damage|p2a: Metagross|200/343","|move|p2a: Metagross|Explosion|p1a: Milotic","|-damage|p1a: Milotic|0 fnt","|faint|p2a: Metagross","|faint|p1a: Milotic","||adding 5 to each for mid turn request","|","|t:|1752969983","|switch|p1a: Blissey|Blissey, F|661/661","|switch|p2a: Salamence|Salamence, F|206/360","|-ability|p2a: Salamence|Intimidate|boost","|-unboost|p1a: Blissey|atk|1","|","|-weather|Sandstorm|[upkeep]","|-damage|p2a: Salamence|184/360|[from] Sandstorm","|-damage|p1a: Blissey|620/661|[from] Sandstorm","|-heal|p1a: Blissey|661/661|[from] item: Leftovers","|upkeep","|turn|14","||adding 10 for new turn","|","|t:|1752969991","|switch|p2a: Blissey|Blissey, F|652/652","|-damage|p2a: Blissey|571/652|[from] Spikes","|switch|p1a: Claydol|Claydol|317/317","|","|-weather|Sandstorm|[upkeep]","|-damage|p2a: Blissey|531/652|[from] Sandstorm","|-heal|p2a: Blissey|571/652|[from] item: Leftovers","|upkeep","|turn|15","||adding 10 for new turn","|","|t:|1752969999","|switch|p1a: Blissey|Blissey, F|661/661","|move|p2a: Blissey|Wish|p2a: Blissey","|","|-weather|Sandstorm|[upkeep]","|-damage|p1a: Blissey|620/661|[from] Sandstorm","|-damage|p2a: Blissey|531/652|[from] Sandstorm","|-heal|p1a: Blissey|661/661|[from] item: Leftovers","|-heal|p2a: Blissey|571/652|[from] item: Leftovers","|upkeep","|turn|16","||adding 10 for new turn","|","|t:|1752970007","|move|p1a: Blissey|Thunder Wave|p2a: Blissey","|-status|p2a: Blissey|par","|move|p2a: Blissey|Toxic|p1a: Blissey","|-status|p1a: Blissey|tox","|","|-heal|p2a: Blissey|652/652 par|[from] move: Wish|[wisher] Blissey","|-weather|Sandstorm|[upkeep]","|-damage|p1a: Blissey|620/661 tox|[from] Sandstorm","|-damage|p2a: Blissey|612/652 par|[from] Sandstorm","|-heal|p1a: Blissey|661/661 tox|[from] item: Leftovers","|-damage|p1a: Blissey|620/661 tox|[from] psn","|-heal|p2a: Blissey|652/652 par|[from] item: Leftovers","|upkeep","|turn|17","||adding 10 for new turn","|","|t:|1752970015","|-curestatus|p2a: Blissey|par|[from] ability: Natural Cure","|switch|p2a: Swampert|Swampert, M|404/404","|-damage|p2a: Swampert|354/404|[from] Spikes","|move|p1a: Blissey|Ice Beam|p2a: Swampert","|-damage|p2a: Swampert|282/404","|","|-weather|Sandstorm|[upkeep]","|-damage|p1a: Blissey|579/661 tox|[from] Sandstorm","|-heal|p2a: Swampert|307/404|[from] item: Leftovers","|-heal|p1a: Blissey|620/661 tox|[from] item: Leftovers","|-damage|p1a: Blissey|538/661 tox|[from] psn","|upkeep","|turn|18","||adding 10 for new turn","|","|t:|1752970023","|move|p2a: Swampert|Surf|p1a: Blissey","|-damage|p1a: Blissey|457/661 tox","|move|p1a: Blissey|Ice Beam|p2a: Swampert","|-damage|p2a: Swampert|235/404","|-status|p2a: Swampert|frz","|","|-weather|Sandstorm|[upkeep]","|-damage|p1a: Blissey|416/661 tox|[from] Sandstorm","|-heal|p2a: Swampert|260/404 frz|[from] item: Leftovers","|-heal|p1a: Blissey|457/661 tox|[from] item: Leftovers","|-damage|p1a: Blissey|334/661 tox|[from] psn","|upkeep","|turn|19","||adding 10 for new turn","|","|t:|1752970031","|cant|p2a: Swampert|frz","|move|p1a: Blissey|Soft-Boiled|p1a: Blissey","|-heal|p1a: Blissey|661/661 tox","|","|-weather|Sandstorm|[upkeep]","|-damage|p1a: Blissey|620/661 tox|[from] Sandstorm","|-heal|p2a: Swampert|285/404 frz|[from] item: Leftovers","|-heal|p1a: Blissey|661/661 tox|[from] item: Leftovers","|-damage|p1a: Blissey|497/661 tox|[from] psn","|upkeep","|turn|20","||adding 10 for new turn","|","|t:|1752970039","|-curestatus|p1a: Blissey|tox|[from] ability: Natural Cure","|switch|p1a: Claydol|Claydol|317/317","|cant|p2a: Swampert|frz","|","|-weather|Sandstorm|[upkeep]","|-heal|p2a: Swampert|310/404 frz|[from] item: Leftovers","|upkeep","|turn|21","||adding 10 for new turn","|","|t:|1752970047","|move|p1a: Claydol|Psychic|p2a: Swampert","|-damage|p2a: Swampert|239/404 frz","|cant|p2a: Swampert|frz","|","|-weather|Sandstorm|[upkeep]","|-heal|p2a: Swampert|264/404 frz|[from] item: Leftovers","|upkeep","|turn|22","||adding 10 for new turn","|","|t:|1752970055","|move|p1a: Claydol|Psychic|p2a: Swampert","|-damage|p2a: Swampert|187/404 frz","|cant|p2a: Swampert|frz","|","|-weather|Sandstorm|[upkeep]","|-heal|p2a: Swampert|212/404 frz|[from] item: Leftovers","|upkeep","|turn|23","||adding 10 for new turn","|","|t:|1752970063","|move|p1a: Claydol|Psychic|p2a: Swampert","|-damage|p2a: Swampert|134/404 frz","|cant|p2a: Swampert|frz","|","|-weather|Sandstorm|[upkeep]","|-heal|p2a: Swampert|159/404 frz|[from] item: Leftovers","|upkeep","|turn|24","||adding 10 for new turn","|","|t:|1752970070","|move|p1a: Claydol|Psychic|p2a: Swampert","|-damage|p2a: Swampert|88/404 frz","|cant|p2a: Swampert|frz","|","|-weather|Sandstorm|[upkeep]","|-heal|p2a: Swampert|113/404 frz|[from] item: Leftovers","|upkeep","|turn|25","||adding 10 for new turn","|","|t:|1752970078","|switch|p1a: Blissey|Blissey, F|497/661","|cant|p2a: Swampert|frz","|","|-weather|Sandstorm|[upkeep]","|-damage|p1a: Blissey|456/661|[from] Sandstorm","|-heal|p2a: Swampert|138/404 frz|[from] item: Leftovers","|-heal|p1a: Blissey|497/661|[from] item: Leftovers","|upkeep","|turn|26","||adding 10 for new turn","|","|t:|1752970086","|-curestatus|p2a: Swampert|frz|[msg]","|move|p2a: Swampert|Toxic|p1a: Blissey","|-status|p1a: Blissey|tox","|move|p1a: Blissey|Soft-Boiled|p1a: Blissey","|-heal|p1a: Blissey|661/661 tox","|","|-weather|Sandstorm|[upkeep]","|-damage|p1a: Blissey|620/661 tox|[from] Sandstorm","|-heal|p2a: Swampert|163/404|[from] item: Leftovers","|-heal|p1a: Blissey|661/661 tox|[from] item: Leftovers","|-damage|p1a: Blissey|620/661 tox|[from] psn","|upkeep","|turn|27","||adding 10 for new turn","|","|t:|1752970094","|move|p2a: Swampert|Surf|p1a: Blissey","|-damage|p1a: Blissey|546/661 tox","|move|p1a: Blissey|Ice Beam|p2a: Swampert","|-damage|p2a: Swampert|83/404","|","|-weather|Sandstorm|[upkeep]","|-damage|p1a: Blissey|505/661 tox|[from] Sandstorm","|-heal|p2a: Swampert|108/404|[from] item: Leftovers","|-heal|p1a: Blissey|546/661 tox|[from] item: Leftovers","|-damage|p1a: Blissey|464/661 tox|[from] psn","|upkeep","|turn|28","||adding 10 for new turn","|","|t:|1752970101","|move|p2a: Swampert|Surf|p1a: Blissey","|-damage|p1a: Blissey|345/661 tox","|move|p1a: Blissey|Soft-Boiled|p1a: Blissey","|-heal|p1a: Blissey|661/661 tox","|","|-weather|Sandstorm|[upkeep]","|-damage|p1a: Blissey|620/661 tox|[from] Sandstorm","|-heal|p2a: Swampert|133/404|[from] item: Leftovers","|-heal|p1a: Blissey|661/661 tox|[from] item: Leftovers","|-damage|p1a: Blissey|538/661 tox|[from] psn","|upkeep","|turn|29","||adding 10 for new turn","|","|t:|1752970109","|move|p2a: Swampert|Surf|p1a: Blissey","|-damage|p1a: Blissey|424/661 tox","|move|p1a: Blissey|Soft-Boiled|p1a: Blissey","|-heal|p1a: Blissey|661/661 tox","|","|-weather|Sandstorm|[upkeep]","|-damage|p1a: Blissey|620/661 tox|[from] Sandstorm","|-heal|p2a: Swampert|158/404|[from] item: Leftovers","|-heal|p1a: Blissey|661/661 tox|[from] item: Leftovers","|-damage|p1a: Blissey|497/661 tox|[from] psn","|upkeep","|turn|30","||adding 10 for new turn","|","|t:|1752970117","|move|p2a: Swampert|Surf|p1a: Blissey","|-damage|p1a: Blissey|416/661 tox","|move|p1a: Blissey|Ice Beam|p2a: Swampert","|-damage|p2a: Swampert|82/404","|-status|p2a: Swampert|frz","|","|-weather|Sandstorm|[upkeep]","|-damage|p1a: Blissey|375/661 tox|[from] Sandstorm","|-heal|p2a: Swampert|107/404 frz|[from] item: Leftovers","|-heal|p1a: Blissey|416/661 tox|[from] item: Leftovers","|-damage|p1a: Blissey|211/661 tox|[from] psn","|upkeep","|turn|31","||adding 10 for new turn","|","|t:|1752970125","|-curestatus|p1a: Blissey|tox|[from] ability: Natural Cure","|switch|p1a: Claydol|Claydol|317/317","|-curestatus|p2a: Swampert|frz|[msg]","|move|p2a: Swampert|Surf|p1a: Claydol","|-supereffective|p1a: Claydol","|-damage|p1a: Claydol|48/317","|","|-weather|Sandstorm|[upkeep]","|-heal|p1a: Claydol|67/317|[from] item: Leftovers","|-heal|p2a: Swampert|132/404|[from] item: Leftovers","|upkeep","|turn|32","||adding 10 for new turn","|","|t:|1752970132","|move|p1a: Claydol|Psychic|p2a: Swampert","|-damage|p2a: Swampert|56/404","|move|p2a: Swampert|Surf|p1a: Claydol","|-supereffective|p1a: Claydol","|-damage|p1a: Claydol|0 fnt","|faint|p1a: Claydol","||adding 5 to each for mid turn request","|","|t:|1752970140","|switch|p1a: Blissey|Blissey, F|211/661","|","|-weather|Sandstorm|[upkeep]","|-damage|p1a: Blissey|170/661|[from] Sandstorm","|-heal|p2a: Swampert|81/404|[from] item: Leftovers","|-heal|p1a: Blissey|211/661|[from] item: Leftovers","|upkeep","|turn|33","||adding 10 for new turn","|","|t:|1752970147","|move|p2a: Swampert|Toxic|p1a: Blissey","|-status|p1a: Blissey|tox","|move|p1a: Blissey|Soft-Boiled|p1a: Blissey","|-heal|p1a: Blissey|541/661 tox","|","|-weather|Sandstorm|[upkeep]","|-damage|p1a: Blissey|500/661 tox|[from] Sandstorm","|-heal|p2a: Swampert|106/404|[from] item: Leftovers","|-heal|p1a: Blissey|541/661 tox|[from] item: Leftovers","|-damage|p1a: Blissey|500/661 tox|[from] psn","|upkeep","|turn|34","||adding 10 for new turn","|","|t:|1752970155","|move|p2a: Swampert|Surf|p1a: Blissey","|-damage|p1a: Blissey|379/661 tox","|move|p1a: Blissey|Soft-Boiled|p1a: Blissey","|-heal|p1a: Blissey|661/661 tox","|","|-weather|Sandstorm|[upkeep]","|-damage|p1a: Blissey|620/661 tox|[from] Sandstorm","|-heal|p2a: Swampert|131/404|[from] item: Leftovers","|-heal|p1a: Blissey|661/661 tox|[from] item: Leftovers","|-damage|p1a: Blissey|579/661 tox|[from] psn","|upkeep","|turn|35","||adding 10 for new turn","|","|t:|1752970162","|move|p2a: Swampert|Surf|p1a: Blissey","|-damage|p1a: Blissey|458/661 tox","|move|p1a: Blissey|Soft-Boiled|p1a: Blissey","|-heal|p1a: Blissey|661/661 tox","|","|-weather|Sandstorm|[upkeep]","|-damage|p1a: Blissey|620/661 tox|[from] Sandstorm","|-heal|p2a: Swampert|156/404|[from] item: Leftovers","|-heal|p1a: Blissey|661/661 tox|[from] item: Leftovers","|-damage|p1a: Blissey|538/661 tox|[from] psn","|upkeep","|turn|36","||adding 10 for new turn","|","|t:|1752970170","|move|p2a: Swampert|Surf|p1a: Blissey","|-damage|p1a: Blissey|466/661 tox","|move|p1a: Blissey|Soft-Boiled|p1a: Blissey","|-heal|p1a: Blissey|661/661 tox","|","|-weather|Sandstorm|[upkeep]","|-damage|p1a: Blissey|620/661 tox|[from] Sandstorm","|-heal|p2a: Swampert|181/404|[from] item: Leftovers","|-heal|p1a: Blissey|661/661 tox|[from] item: Leftovers","|-damage|p1a: Blissey|497/661 tox|[from] psn","|upkeep","|turn|37","||adding 10 for new turn","|","|t:|1752970177","|move|p2a: Swampert|Surf|p1a: Blissey","|-damage|p1a: Blissey|416/661 tox","|move|p1a: Blissey|Soft-Boiled|p1a: Blissey","|-heal|p1a: Blissey|661/661 tox","|","|-weather|Sandstorm|[upkeep]","|-damage|p1a: Blissey|620/661 tox|[from] Sandstorm","|-heal|p2a: Swampert|206/404|[from] item: Leftovers","|-heal|p1a: Blissey|661/661 tox|[from] item: Leftovers","|-damage|p1a: Blissey|456/661 tox|[from] psn","|upkeep","|turn|38","||adding 10 for new turn","|","|t:|1752970185","|move|p2a: Swampert|Surf|p1a: Blissey","|-damage|p1a: Blissey|382/661 tox","|move|p1a: Blissey|Soft-Boiled|p1a: Blissey","|-heal|p1a: Blissey|661/661 tox","|","|-weather|Sandstorm|[upkeep]","|-damage|p1a: Blissey|620/661 tox|[from] Sandstorm","|-heal|p2a: Swampert|231/404|[from] item: Leftovers","|-heal|p1a: Blissey|661/661 tox|[from] item: Leftovers","|-damage|p1a: Blissey|415/661 tox|[from] psn","|upkeep","|turn|39","||adding 10 for new turn","|","|t:|1752970192","|move|p2a: Swampert|Surf|p1a: Blissey","|-damage|p1a: Blissey|338/661 tox","|move|p1a: Blissey|Soft-Boiled|p1a: Blissey","|-heal|p1a: Blissey|661/661 tox","|","|-weather|Sandstorm|[upkeep]","|-damage|p1a: Blissey|620/661 tox|[from] Sandstorm","|-heal|p2a: Swampert|256/404|[from] item: Leftovers","|-heal|p1a: Blissey|661/661 tox|[from] item: Leftovers","|-damage|p1a: Blissey|374/661 tox|[from] psn","|upkeep","|turn|40","||adding 10 for new turn","|","|t:|1752970200","|move|p2a: Swampert|Surf|p1a: Blissey","|-damage|p1a: Blissey|305/661 tox","|move|p1a: Blissey|Soft-Boiled|p1a: Blissey","|-heal|p1a: Blissey|635/661 tox","|","|-weather|Sandstorm|[upkeep]","|-damage|p1a: Blissey|594/661 tox|[from] Sandstorm","|-heal|p2a: Swampert|281/404|[from] item: Leftovers","|-heal|p1a: Blissey|635/661 tox|[from] item: Leftovers","|-damage|p1a: Blissey|307/661 tox|[from] psn","|upkeep","|turn|41","||adding 10 for new turn","|","|t:|1752970207","|-curestatus|p1a: Blissey|tox|[from] ability: Natural Cure","|switch|p1a: Dugtrio|Dugtrio, F|211/211","|move|p2a: Swampert|Surf|p1a: Dugtrio","|-supereffective|p1a: Dugtrio","|-damage|p1a: Dugtrio|0 fnt","|faint|p1a: Dugtrio","||adding 5 to each for mid turn request","|","|t:|1752970214","|switch|p1a: Blissey|Blissey, F|307/661","|","|-weather|Sandstorm|[upkeep]","|-damage|p1a: Blissey|266/661|[from] Sandstorm","|-heal|p2a: Swampert|306/404|[from] item: Leftovers","|-heal|p1a: Blissey|307/661|[from] item: Leftovers","|upkeep","|turn|42","||adding 10 for new turn","|","|t:|1752970221","|move|p2a: Swampert|Toxic|p1a: Blissey","|-status|p1a: Blissey|tox","|move|p1a: Blissey|Soft-Boiled|p1a: Blissey","|-heal|p1a: Blissey|637/661 tox","|","|-weather|Sandstorm|[upkeep]","|-damage|p1a: Blissey|596/661 tox|[from] Sandstorm","|-heal|p2a: Swampert|331/404|[from] item: Leftovers","|-heal|p1a: Blissey|637/661 tox|[from] item: Leftovers","|-damage|p1a: Blissey|596/661 tox|[from] psn","|upkeep","|turn|43","||adding 10 for new turn","|","|t:|1752970228","|move|p2a: Swampert|Protect|p2a: Swampert","|-singleturn|p2a: Swampert|Protect","|move|p1a: Blissey|Ice Beam|p2a: Swampert","|-activate|p2a: Swampert|Protect","|","|-weather|Sandstorm|[upkeep]","|-damage|p1a: Blissey|555/661 tox|[from] Sandstorm","|-heal|p2a: Swampert|356/404|[from] item: Leftovers","|-heal|p1a: Blissey|596/661 tox|[from] item: Leftovers","|-damage|p1a: Blissey|514/661 tox|[from] psn","|upkeep","|turn|44","||adding 10 for new turn","|","|t:|1752970232","|move|p2a: Swampert|Toxic|p1a: Blissey","|-fail|p1a: Blissey|tox","|move|p1a: Blissey|Ice Beam|p2a: Swampert","|-damage|p2a: Swampert|285/404","|","|-weather|Sandstorm|[upkeep]","|-damage|p1a: Blissey|473/661 tox|[from] Sandstorm","|-heal|p2a: Swampert|310/404|[from] item: Leftovers","|-heal|p1a: Blissey|514/661 tox|[from] item: Leftovers","|-damage|p1a: Blissey|391/661 tox|[from] psn","|upkeep","|turn|45","||adding 10 for new turn","|","|t:|1752970236","|switch|p2a: Salamence|Salamence, F|184/360","|-ability|p2a: Salamence|Intimidate|boost","|-unboost|p1a: Blissey|atk|1","|move|p1a: Blissey|Thunder Wave|p2a: Salamence","|-status|p2a: Salamence|par","|","|-weather|Sandstorm|[upkeep]","|-damage|p1a: Blissey|350/661 tox|[from] Sandstorm","|-damage|p2a: Salamence|162/360 par|[from] Sandstorm","|-heal|p1a: Blissey|391/661 tox|[from] item: Leftovers","|-damage|p1a: Blissey|227/661 tox|[from] psn","|upkeep","|turn|46","||adding 10 for new turn","|","|t:|1752970243","|move|p1a: Blissey|Soft-Boiled|p1a: Blissey","|-heal|p1a: Blissey|557/661 tox","|cant|p2a: Salamence|par","|","|-weather|Sandstorm|[upkeep]","|-damage|p1a: Blissey|516/661 tox|[from] Sandstorm","|-damage|p2a: Salamence|140/360 par|[from] Sandstorm","|-heal|p1a: Blissey|557/661 tox|[from] item: Leftovers","|-damage|p1a: Blissey|352/661 tox|[from] psn","|upkeep","|turn|47","||adding 10 for new turn","|","|t:|1752970250","|move|p1a: Blissey|Soft-Boiled|p1a: Blissey","|-heal|p1a: Blissey|661/661 tox","|move|p2a: Salamence|Hidden Power|p1a: Blissey","|-damage|p1a: Blissey|271/661 tox","|","|-weather|Sandstorm|[upkeep]","|-damage|p1a: Blissey|230/661 tox|[from] Sandstorm","|-damage|p2a: Salamence|118/360 par|[from] Sandstorm","|-heal|p1a: Blissey|271/661 tox|[from] item: Leftovers","|-damage|p1a: Blissey|25/661 tox|[from] psn","|upkeep","|turn|48","||adding 10 for new turn","|","|t:|1752970253","|move|p1a: Blissey|Soft-Boiled|p1a: Blissey","|-heal|p1a: Blissey|355/661 tox","|move|p2a: Salamence|Hidden Power|p1a: Blissey","|-damage|p1a: Blissey|0 fnt","|faint|p1a: Blissey","|","|win|foultestacceptor1",""],"p1rating":null,"p2rating":null,"endType":"normal","ladderError":true,"timestamp":"Sat Jul 19 2025 17:10:53 GMT-0700 (アメリカ太平洋夏時間)","roomid":"battle-gen3ou-1015","format":"gen3ou"}