{"winner":"foultestchallenge1","seed":"sodium,d854a0c444682a6ad8f973934c6f2abf","turns":189,"p1":"foultestchallenge1","p2":"foultestacceptor1","p1team":[{"name":"Tyranitar","species":"Tyranitar","item":"Leftovers","ability":"Sand Stream","moves":["Rock Slide","Earthquake","Hidden Power Bug","Roar"],"nature":"Adamant","evs":{"hp":184,"atk":196,"def":120,"spa":0,"spd":0,"spe":8},"gender":"F","ivs":{"hp":31,"atk":30,"def":30,"spa":31,"spd":30,"spe":31},"happiness":255,"hpType":"Bug","pokeball":"","gigantamax":false,"dynamaxLevel":10,"teraType":"","level":100},{"name":"Milotic","species":"Milotic","item":"Leftovers","ability":"Marvel Scale","moves":["Surf","Toxic","Recover","Refresh"],"nature":"Bold","evs":{"hp":248,"atk":0,"def":212,"spa":0,"spd":0,"spe":48},"gender":"M","ivs":{"hp":31,"atk":0,"def":31,"spa":31,"spd":31,"spe":31},"level":100},{"name":"Blissey","species":"Blissey","item":"Leftovers","ability":"Natural Cure","moves":["Seismic Toss","Ice Beam","Thunder Wave","Soft-Boiled"],"nature":"Bold","evs":{"hp":40,"atk":0,"def":244,"spa":208,"spd":0,"spe":16},"gender":"F","level":100,"ivs":{"hp":31,"atk":31,"def":31,"spa":31,"spd":31,"spe":31}},{"name":"Skarmory","species":"Skarmory","item":"Leftovers","ability":"Keen Eye","moves":["Drill Peck","Toxic","Spikes","Roar"],"nature":"Careful","evs":{"hp":248,"atk":0,"def":0,"spa":0,"spd":236,"spe":24},"gender":"F","level":100,"ivs":{"hp":31,"atk":31,"def":31,"spa":31,"spd":31,"spe":31}},{"name":"Claydol","species":"Claydol","item":"Leftovers","ability":"Levitate","moves":["Earthquake","Psychic","Refresh","Rapid Spin"],"nature":"Adamant","evs":{"hp":224,"atk":228,"def":0,"spa":36,"spd":0,"spe":20},"gender":"N","level":100,"ivs":{"hp":31,"atk":31,"def":31,"spa":31,"spd":31,"spe":31}},{"name":"Dugtrio","species":"Dugtrio","item":"Choice Band","ability":"Arena Trap","moves":["Earthquake","Aerial Ace","Hidden Power Bug","Screech"],"nature":"Jolly","evs":{"hp":0,"atk":252,"def":0,"spa":0,"spd":4,"spe":252},"gender":"F","ivs":{"hp":31,"atk":30,"def":30,"spa":31,"spd":30,"spe":31},"happiness":255,"hpType":"Bug","pokeball":"","gigantamax":false,"dynamaxLevel":10,"teraType":"","level":100}],"p2team":[{"name":"Dugtrio","species":"Dugtrio","item":"Choice Band","ability":"Arena Trap","moves":["Earthquake","Hidden Power Bug","Aerial Ace","Sunny Day"],"nature":"Adamant","evs":{"hp":96,"atk":168,"def":20,"spa":0,"spd":0,"spe":224},"gender":"M","ivs":{"hp":31,"atk":30,"def":30,"spa":31,"spd":30,"spe":31},"happiness":255,"hpType":"Bug","pokeball":"","gigantamax":false,"dynamaxLevel":10,"teraType":"","level":100},{"name":"Forretress","species":"Forretress","item":"Leftovers","ability":"Sturdy","moves":["Spikes","Zap Cannon","Explosion","Hidden Power Bug"],"nature":"Careful","evs":{"hp":252,"atk":0,"def":4,"spa":0,"spd":252,"spe":0},"gender":"F","ivs":{"hp":31,"atk":30,"def":30,"spa":31,"spd":30,"spe":31},"happiness":255,"hpType":"Bug","pokeball":"","gigantamax":false,"dynamaxLevel":10,"teraType":"","level":100},{"name":"Snorlax","species":"Snorlax","item":"Leftovers","ability":"Immunity","moves":["Return","Curse","Rest","Shadow Ball"],"nature":"Careful","evs":{"hp":144,"atk":96,"def":132,"spa":0,"spd":136,"spe":0},"gender":"F","level":100,"ivs":{"hp":31,"atk":31,"def":31,"spa":31,"spd":31,"spe":31}},{"name":"Suicune","species":"Suicune","item":"Leftovers","ability":"Pressure","moves":["Calm Mind","Rest","Ice Beam","Surf"],"nature":"Bold","evs":{"hp":240,"atk":0,"def":252,"spa":0,"spd":0,"spe":16},"gender":"N","ivs":{"hp":31,"atk":0,"def":31,"spa":31,"spd":31,"spe":31},"level":100},{"name":"Claydol","species":"Claydol","item":"Leftovers","ability":"Levitate","moves":["Earthquake","Psychic","Rapid Spin","Rest"],"nature":"Lonely","evs":{"hp":252,"atk":224,"def":0,"spa":24,"spd":0,"spe":8},"gender":"N","level":100,"ivs":{"hp":31,"atk":31,"def":31,"spa":31,"spd":31,"spe":31}},{"name":"Blissey","species":"Blissey","item":"Leftovers","ability":"Natural Cure","moves":["Soft-Boiled","Seismic Toss","Thunder Wave","Aromatherapy"],"nature":"Bold","evs":{"hp":252,"atk":0,"def":252,"spa":0,"spd":0,"spe":4},"gender":"F","ivs":{"hp":31,"atk":0,"def":31,"spa":31,"spd":31,"spe":31},"level":100}],"score":[4,0],"inputLog":[">version 372d05e49c92a79eecdf6c8dddb208bd1765c00f",">start {\"formatid\":\"gen3ou\",\"seed\":\"sodium,d854a0c444682a6ad8f973934c6f2abf\"}",">player p1 {\"name\":\"foultestchallenge1\",\"avatar\":\"1\",\"team\":\"Tyranitar||Leftovers|SandStream|RockSlide,Earthquake,HiddenPowerBug,Roar|Adamant|184,196,120,,,8|F|,30,30,,30,|||,Bug,,,,]Milotic||Leftovers|MarvelScale|Surf,Toxic,Recover,Refresh|Bold|248,,212,,,48|M|,0,,,,|||]Blissey||Leftovers|NaturalCure|SeismicToss,IceBeam,ThunderWave,SoftBoiled|Bold|40,,244,208,,16|F||||]Skarmory||Leftovers|KeenEye|DrillPeck,Toxic,Spikes,Roar|Careful|248,,,,236,24|F||||]Claydol||Leftovers|Levitate|Earthquake,Psychic,Refresh,RapidSpin|Adamant|224,228,,36,,20|N||||]Dugtrio||ChoiceBand|ArenaTrap|Earthquake,AerialAce,HiddenPowerBug,Screech|Jolly|,252,,,4,252|F|,30,30,,30,|||,Bug,,,,\",\"rating\":0}",">player p2 {\"name\":\"foultestacceptor1\",\"avatar\":\"1\",\"team\":\"Dugtrio||ChoiceBand|ArenaTrap|Earthquake,HiddenPowerBug,AerialAce,SunnyDay|Adamant|96,168,20,,,224|M|,30,30,,30,|||,Bug,,,,]Forretress||Leftovers|Sturdy|Spikes,ZapCannon,Explosion,HiddenPowerBug|Careful|252,,4,,252,|F|,30,30,,30,|||,Bug,,,,]Snorlax||Leftovers|Immunity|Return,Curse,Rest,ShadowBall|Careful|144,96,132,,136,|F||||]Suicune||Leftovers|Pressure|CalmMind,Rest,IceBeam,Surf|Bold|240,,252,,,16|N|,0,,,,|||]Claydol||Leftovers|Levitate|Earthquake,Psychic,RapidSpin,Rest|Lonely|252,224,,24,,8|N||||]Blissey||Leftovers|NaturalCure|SoftBoiled,SeismicToss,ThunderWave,Aromatherapy|Bold|252,,252,,,4|F|,0,,,,|||\",\"rating\":0}",">p1 move earthquake",">p2 move earthquake",">p1 move rockslide",">p2 move earthquake",">p1 switch 4",">p1 move spikes",">p2 switch 5",">p1 move toxic",">p2 move rapidspin",">p1 move spikes",">p2 switch 4",">p1 move spikes",">p2 move calmmind",">p1 move roar",">p2 move surf",">p2 switch 4",">p1 move spikes",">p2 move rapidspin",">p1 move spikes",">p2 move rapidspin",">p1 move spikes",">p2 move rapidspin",">p1 move spikes",">p2 move rest",">p1 move spikes",">p2 move psychic",">p1 move roar",">p2 move earthquake",">p1 move roar",">p2 move return",">p1 move toxic",">p2 move rapidspin",">p1 move spikes",">p2 switch 5",">p1 move toxic",">p2 move surf",">p1 move spikes",">p2 move surf",">p1 move spikes",">p2 move surf",">p1 switch 3",">p2 move rest",">p1 move seismictoss",">p2 switch 5",">p1 switch 3",">p2 move rapidspin",">p1 move spikes",">p2 move rest",">p1 move spikes",">p2 move rest",">p1 move roar",">p2 move earthquake",">p1 move spikes",">p2 move aromatherapy",">p1 move roar",">p2 move seismictoss",">p1 move toxic",">p2 move rapidspin",">p1 move spikes",">p2 switch 5",">p1 move toxic",">p2 move surf",">p1 switch 3",">p2 move icebeam",">p1 move seismictoss",">p2 switch 6",">p1 move thunderwave",">p2 move aromatherapy",">p1 move seismictoss",">p2 move aromatherapy",">p1 move icebeam",">p2 move softboiled",">p1 move seismictoss",">p2 move softboiled",">p1 move icebeam",">p2 move softboiled",">p1 move icebeam",">p2 move softboiled",">p2 switch 5",">p1 move icebeam",">p2 move rapidspin",">p1 move icebeam",">p2 move earthquake",">p1 move softboiled",">p2 move rest",">p1 move icebeam",">p2 switch 6",">p1 move seismictoss",">p2 move calmmind",">p1 move seismictoss",">p2 move calmmind",">p1 move seismictoss",">p2 move rest",">p1 switch 3",">p2 move surf",">p1 move roar",">p2 move icebeam",">p1 move spikes",">p2 move spikes",">p1 move drillpeck",">p2 move spikes",">p1 move drillpeck",">p2 move zapcannon",">p1 move drillpeck",">p2 move zapcannon",">p1 move spikes",">p2 move spikes",">p1 switch 5",">p2 move zapcannon",">p1 move rapidspin",">p2 move hiddenpower",">p1 switch 5",">p2 move spikes",">p1 move spikes",">p2 move zapcannon",">p1 move roar",">p2 move zapcannon",">p1 move roar",">p2 move return",">p1 move roar",">p2 move rest",">p1 move roar",">p2 move spikes",">p1 move drillpeck",">p2 move rest",">p1 move roar",">p2 move rest",">p1 move roar",">p2 move rest",">p1 move roar",">p2 move spikes",">p1 move roar",">p2 move rest",">p1 move roar",">p2 move surf",">p1 move roar",">p2 move surf",">p1 move drillpeck",">p2 move return",">p1 move drillpeck",">p2 move rest",">p1 move roar",">p2 switch 2",">p1 move roar",">p2 move explosion",">p1 switch 5",">p2 switch 3",">p1 move rapidspin",">p2 move rapidspin",">p1 switch 3",">p2 switch 6",">p1 move seismictoss",">p2 move calmmind",">p1 move seismictoss",">p2 move rest",">p1 move seismictoss",">p2 move icebeam",">p1 move seismictoss",">p2 move surf",">p1 move seismictoss",">p2 move rest",">p1 move seismictoss",">p2 move calmmind",">p1 move seismictoss",">p2 move icebeam",">p1 move seismictoss",">p2 move rest",">p1 move seismictoss",">p2 move rest",">p1 move seismictoss",">p2 move surf",">p1 move seismictoss",">p2 move rest",">p1 switch 3",">p2 move calmmind",">p1 switch 3",">p2 move calmmind",">p1 move thunderwave",">p2 move calmmind",">p1 switch 2",">p2 move surf",">p1 move recover",">p2 move calmmind",">p1 switch 2",">p2 move surf",">p1 move softboiled",">p2 move surf",">p1 move softboiled",">p2 move surf",">p1 move softboiled",">p2 move surf",">p1 move softboiled",">p2 move surf",">p1 move softboiled",">p2 move surf",">p1 switch 2",">p2 move surf",">p1 move recover",">p2 move surf",">p1 move recover",">p2 move icebeam",">p1 switch 2",">p2 move icebeam",">p1 move softboiled",">p2 move icebeam",">p1 move softboiled",">p2 move icebeam",">p1 move softboiled",">p2 move surf",">p1 move softboiled",">p2 move calmmind",">p1 switch 2",">p2 move surf",">p1 move recover",">p2 move surf",">p1 move surf",">p2 move surf",">p1 move surf",">p2 move icebeam",">p1 move surf",">p2 move surf",">p1 move recover",">p2 move surf",">p1 move recover",">p2 move surf",">p1 move recover",">p2 move surf",">p1 move recover",">p2 move surf",">p1 move recover",">p2 move icebeam",">p1 move surf",">p2 move icebeam",">p1 move recover",">p2 move icebeam",">p1 move recover",">p2 move icebeam",">p1 move recover",">p2 move surf",">p1 move surf",">p2 move surf",">p1 move recover",">p2 move icebeam",">p1 move recover",">p2 move icebeam",">p1 switch 2",">p2 move icebeam",">p1 move softboiled",">p2 move icebeam",">p1 switch 2",">p2 move icebeam",">p1 move recover",">p2 move icebeam",">p1 move recover",">p2 move icebeam",">p1 move recover",">p2 move icebeam",">p1 switch 2",">p2 move icebeam",">p1 move softboiled",">p2 move icebeam",">p1 move softboiled",">p2 move calmmind",">p1 switch 2",">p2 move calmmind",">p1 switch 2",">p2 move surf",">p1 move thunderwave",">p2 move surf",">p1 move softboiled",">p2 move rest",">p1 move thunderwave",">p2 move rest",">p1 move thunderwave",">p2 move rest",">p1 move thunderwave",">p2 move calmmind",">p1 move thunderwave",">p2 move calmmind",">p1 move thunderwave",">p2 move calmmind",">p1 move thunderwave",">p2 move calmmind",">p1 move thunderwave",">p2 move calmmind",">p1 move thunderwave",">p2 move calmmind",">p1 move thunderwave",">p2 move calmmind",">p1 switch 2",">p2 move calmmind",">p1 switch 2",">p2 move calmmind",">p1 switch 2",">p2 move calmmind",">p1 switch 2",">p2 move calmmind",">p1 switch 2",">p2 move calmmind",">p1 switch 2",">p2 move calmmind",">p1 switch 2",">p2 move calmmind",">p1 switch 2",">p2 move calmmind",">p1 switch 2",">p2 move calmmind",">p1 switch 2",">p2 move calmmind",">p1 switch 2",">p2 move calmmind",">p1 move toxic",">p2 move calmmind",">p1 move toxic",">p2 move calmmind",">p1 move toxic",">p2 move calmmind",">p1 move recover",">p2 move calmmind",">p1 move toxic",">p2 move calmmind",">p1 switch 2",">p2 move calmmind",">p1 switch 2",">p2 move calmmind",">p1 switch 2",">p2 move calmmind",">p1 switch 2",">p2 move calmmind",">p1 switch 2",">p2 move rest",">p1 switch 2",">p2 move rest",">p1 switch 2",">p2 move rest",">p1 switch 2",">p2 move rest",">p1 switch 2",">p2 move rest",">p1 switch 2",">p2 move rest",">p1 switch 2",">p2 move rest",">p1 switch 2",">p2 move rest",">p1 switch 2",">p2 move rest",">p1 switch 2",">p2 move rest",">p1 switch 2",">p2 move icebeam",">p1 move softboiled",">p2 switch 2",">p1 switch 3",">p2 move return",">p1 move earthquake",">p2 move curse",">p1 move earthquake",">p2 move return",">p2 switch 6",">p1 switch 2",">p2 move psychic",">p1 move surf",">p2 switch 2",">p1 move recover",">p2 move rest",">p1 move surf",">p2 move calmmind",">p1 move surf",">p2 move calmmind",">p1 move surf",">p2 switch 2",">p1 move surf",">p2 switch 2",">p1 move surf",">p2 move calmmind",">p1 move surf",">p2 move struggle",">p1 move surf",">p2 switch 2",">p2 switch 2",">p1 switch 6",">p2 move struggle",">p1 move earthquake",">p2 move struggle"],"log":["|j|☆foultestchallenge1","|j|☆foultestacceptor1","|t:|1752923904","|gametype|singles","|player|p1|foultestchallenge1|1|","|player|p2|foultestacceptor1|1|","|teamsize|p1|6","|teamsize|p2|6","|gen|3","|tier|[Gen 3] OU","|rule|Sleep Clause Mod: Limit one foe put to sleep","|rule|Switch Priority Clause Mod: Faster Pokémon switch first","|rule|Species Clause: Limit one of each Pokémon","|rule|OHKO Clause: OHKO moves are banned","|rule|Evasion Items Clause: Evasion items are banned","|rule|Evasion Moves Clause: Evasion moves are banned","|rule|Endless Battle Clause: Forcing endless battles is banned","|rule|HP Percentage Mod: HP is shown in percentages","|rule|One Boost Passer Clause: Limit one Baton Passer that has a way to boost its stats","|rule|Freeze Clause Mod: Limit one foe frozen","|","|t:|1752923904","|start","|switch|p1a: Tyranitar|Tyranitar, F|387/387","|switch|p2a: Dugtrio|Dugtrio, M|235/235","|-weather|Sandstorm|[from] ability: Sand Stream|[of] p1a: Tyranitar","|turn|1","|inactive|Battle timer is ON: inactive players will automatically lose when time's up. (requested by foultestchallenge1)","|inactive|foultestacceptor1 also wants the timer to be on.","|","|t:|1752923905","|move|p2a: Dugtrio|Earthquake|p1a: Tyranitar","|-supereffective|p1a: Tyranitar","|-damage|p1a: Tyranitar|39/387","|move|p1a: Tyranitar|Earthquake|p2a: Dugtrio","|-damage|p2a: Dugtrio|6/235","|","|-weather|Sandstorm|[upkeep]","|-heal|p1a: Tyranitar|63/387|[from] item: Leftovers","|upkeep","|turn|2","||adding 10 for new turn","|","|t:|1752923907","|move|p2a: Dugtrio|Earthquake|p1a: Tyranitar","|-supereffective|p1a: Tyranitar","|-damage|p1a: Tyranitar|0 fnt","|faint|p1a: Tyranitar","||adding 5 to each for mid turn request","|","|t:|1752923908","|switch|p1a: Skarmory|Skarmory, F|333/333","|","|-weather|Sandstorm|[upkeep]","|upkeep","|turn|3","||adding 10 for new turn","|","|t:|1752923909","|switch|p2a: Claydol|Claydol|324/324","|move|p1a: Skarmory|Spikes|p2a: Claydol","|-sidestart|p2: foultestacceptor1|Spikes","|","|-weather|Sandstorm|[upkeep]","|upkeep","|turn|4","||adding 10 for new turn","|","|t:|1752923910","|move|p2a: Claydol|Rapid Spin|p1a: Skarmory","|-resisted|p1a: Skarmory","|-damage|p1a: Skarmory|327/333","|-sideend|p2: foultestacceptor1|Spikes|[from] move: Rapid Spin|[of] p2a: Claydol","|move|p1a: Skarmory|Toxic|p2a: Claydol","|-status|p2a: Claydol|tox","|","|-weather|Sandstorm|[upkeep]","|-damage|p2a: Claydol|304/324 tox|[from] psn","|-heal|p1a: Skarmory|333/333|[from] item: Leftovers","|upkeep","|turn|5","||adding 10 for new turn","|","|t:|1752923911","|switch|p2a: Suicune|Suicune|401/401","|-ability|p2a: Suicune|Pressure|[silent]","|move|p1a: Skarmory|Spikes|p2a: Suicune","|-sidestart|p2: foultestacceptor1|Spikes","|","|-weather|Sandstorm|[upkeep]","|-damage|p2a: Suicune|376/401|[from] Sandstorm","|-heal|p2a: Suicune|401/401|[from] item: Leftovers","|upkeep","|turn|6","||adding 10 for new turn","|","|t:|1752923912","|move|p2a: Suicune|Calm Mind|p2a: Suicune","|-boost|p2a: Suicune|spa|1","|-boost|p2a: Suicune|spd|1","|move|p1a: Skarmory|Spikes|p2a: Suicune","|-sidestart|p2: foultestacceptor1|Spikes","|","|-weather|Sandstorm|[upkeep]","|-damage|p2a: Suicune|376/401|[from] Sandstorm","|-heal|p2a: Suicune|401/401|[from] item: Leftovers","|upkeep","|turn|7","||adding 10 for new turn","|","|t:|1752923913","|move|p2a: Suicune|Surf|p1a: Skarmory","|-damage|p1a: Skarmory|184/333","|move|p1a: Skarmory|Roar|p2a: Suicune","|drag|p2a: Dugtrio|Dugtrio, M|6/235","|-damage|p2a: Dugtrio|0 fnt|[from] Spikes","|faint|p2a: Dugtrio","||adding 5 to each for mid turn request","|","|t:|1752923913","|switch|p2a: Claydol|Claydol|304/324 tox","|","|-weather|Sandstorm|[upkeep]","|-heal|p2a: Claydol|324/324 tox|[from] item: Leftovers","|-damage|p2a: Claydol|304/324 tox|[from] psn","|-heal|p1a: Skarmory|204/333|[from] item: Leftovers","|upkeep","|turn|8","||adding 10 for new turn","|","|t:|1752923914","|move|p2a: Claydol|Rapid Spin|p1a: Skarmory","|-resisted|p1a: Skarmory","|-damage|p1a: Skarmory|198/333","|-sideend|p2: foultestacceptor1|Spikes|[from] move: Rapid Spin|[of] p2a: Claydol","|move|p1a: Skarmory|Spikes|p2a: Claydol","|-sidestart|p2: foultestacceptor1|Spikes","|","|-weather|Sandstorm|[upkeep]","|-heal|p2a: Claydol|324/324 tox|[from] item: Leftovers","|-damage|p2a: Claydol|284/324 tox|[from] psn","|-heal|p1a: Skarmory|218/333|[from] item: Leftovers","|upkeep","|turn|9","||adding 10 for new turn","|","|t:|1752923915","|move|p2a: Claydol|Rapid Spin|p1a: Skarmory","|-resisted|p1a: Skarmory","|-damage|p1a: Skarmory|212/333","|-sideend|p2: foultestacceptor1|Spikes|[from] move: Rapid Spin|[of] p2a: Claydol","|move|p1a: Skarmory|Spikes|p2a: Claydol","|-sidestart|p2: foultestacceptor1|Spikes","|","|-weather|Sandstorm|[upkeep]","|-heal|p2a: Claydol|304/324 tox|[from] item: Leftovers","|-damage|p2a: Claydol|244/324 tox|[from] psn","|-heal|p1a: Skarmory|232/333|[from] item: Leftovers","|upkeep","|turn|10","||adding 10 for new turn","|","|t:|1752923916","|move|p2a: Claydol|Rapid Spin|p1a: Skarmory","|-resisted|p1a: Skarmory","|-damage|p1a: Skarmory|226/333","|-sideend|p2: foultestacceptor1|Spikes|[from] move: Rapid Spin|[of] p2a: Claydol","|move|p1a: Skarmory|Spikes|p2a: Claydol","|-sidestart|p2: foultestacceptor1|Spikes","|","|-weather|Sandstorm|[upkeep]","|-heal|p2a: Claydol|264/324 tox|[from] item: Leftovers","|-damage|p2a: Claydol|184/324 tox|[from] psn","|-heal|p1a: Skarmory|246/333|[from] item: Leftovers","|upkeep","|turn|11","||adding 10 for new turn","|","|t:|1752923917","|move|p2a: Claydol|Rest|p2a: Claydol","|-status|p2a: Claydol|slp|[from] move: Rest","|-heal|p2a: Claydol|324/324 slp|[silent]","|move|p1a: Skarmory|Spikes|p2a: Claydol","|-sidestart|p2: foultestacceptor1|Spikes","|","|-weather|Sandstorm|[upkeep]","|-heal|p1a: Skarmory|266/333|[from] item: Leftovers","|upkeep","|turn|12","||adding 10 for new turn","|","|t:|1752923918","|cant|p2a: Claydol|slp","|move|p1a: Skarmory|Spikes|p2a: Claydol","|-sidestart|p2: foultestacceptor1|Spikes","|","|-weather|Sandstorm|[upkeep]","|-heal|p1a: Skarmory|286/333|[from] item: Leftovers","|upkeep","|turn|13","||adding 10 for new turn","|","|t:|1752923919","|cant|p2a: Claydol|slp","|move|p1a: Skarmory|Roar|p2a: Claydol","|drag|p2a: Snorlax|Snorlax, F|497/497","|-damage|p2a: Snorlax|373/497|[from] Spikes","|","|-weather|Sandstorm|[upkeep]","|-damage|p2a: Snorlax|342/497|[from] Sandstorm","|-heal|p1a: Skarmory|306/333|[from] item: Leftovers","|-heal|p2a: Snorlax|373/497|[from] item: Leftovers","|upkeep","|turn|14","||adding 10 for new turn","|","|t:|1752923920","|move|p2a: Snorlax|Return|p1a: Skarmory","|-resisted|p1a: Skarmory","|-damage|p1a: Skarmory|253/333","|move|p1a: Skarmory|Roar|p2a: Snorlax","|drag|p2a: Claydol|Claydol|324/324 slp","|","|-weather|Sandstorm|[upkeep]","|-heal|p1a: Skarmory|273/333|[from] item: Leftovers","|upkeep","|turn|15","||adding 10 for new turn","|","|t:|1752923921","|-curestatus|p2a: Claydol|slp|[msg]","|move|p2a: Claydol|Rapid Spin|p1a: Skarmory","|-resisted|p1a: Skarmory","|-damage|p1a: Skarmory|267/333","|-sideend|p2: foultestacceptor1|Spikes|[from] move: Rapid Spin|[of] p2a: Claydol","|move|p1a: Skarmory|Toxic|p2a: Claydol","|-status|p2a: Claydol|tox","|","|-weather|Sandstorm|[upkeep]","|-damage|p2a: Claydol|304/324 tox|[from] psn","|-heal|p1a: Skarmory|287/333|[from] item: Leftovers","|upkeep","|turn|16","||adding 10 for new turn","|","|t:|1752923922","|switch|p2a: Suicune|Suicune|401/401","|-ability|p2a: Suicune|Pressure|[silent]","|move|p1a: Skarmory|Spikes|p2a: Suicune","|-sidestart|p2: foultestacceptor1|Spikes","|","|-weather|Sandstorm|[upkeep]","|-damage|p2a: Suicune|376/401|[from] Sandstorm","|-heal|p2a: Suicune|401/401|[from] item: Leftovers","|-heal|p1a: Skarmory|307/333|[from] item: Leftovers","|upkeep","|turn|17","||adding 10 for new turn","|","|t:|1752923923","|move|p2a: Suicune|Surf|p1a: Skarmory","|-damage|p1a: Skarmory|208/333","|move|p1a: Skarmory|Toxic|p2a: Suicune","|-status|p2a: Suicune|tox","|","|-weather|Sandstorm|[upkeep]","|-damage|p2a: Suicune|376/401 tox|[from] Sandstorm","|-heal|p2a: Suicune|401/401 tox|[from] item: Leftovers","|-damage|p2a: Suicune|376/401 tox|[from] psn","|-heal|p1a: Skarmory|228/333|[from] item: Leftovers","|upkeep","|turn|18","||adding 10 for new turn","|","|t:|1752923924","|move|p2a: Suicune|Surf|p1a: Skarmory","|-damage|p1a: Skarmory|131/333","|move|p1a: Skarmory|Spikes|p2a: Suicune","|-sidestart|p2: foultestacceptor1|Spikes","|","|-weather|Sandstorm|[upkeep]","|-damage|p2a: Suicune|351/401 tox|[from] Sandstorm","|-heal|p2a: Suicune|376/401 tox|[from] item: Leftovers","|-damage|p2a: Suicune|326/401 tox|[from] psn","|-heal|p1a: Skarmory|151/333|[from] item: Leftovers","|upkeep","|turn|19","||adding 10 for new turn","|","|t:|1752923925","|move|p2a: Suicune|Surf|p1a: Skarmory","|-damage|p1a: Skarmory|52/333","|move|p1a: Skarmory|Spikes|p2a: Suicune","|-sidestart|p2: foultestacceptor1|Spikes","|","|-weather|Sandstorm|[upkeep]","|-damage|p2a: Suicune|301/401 tox|[from] Sandstorm","|-heal|p2a: Suicune|326/401 tox|[from] item: Leftovers","|-damage|p2a: Suicune|251/401 tox|[from] psn","|-heal|p1a: Skarmory|72/333|[from] item: Leftovers","|upkeep","|turn|20","||adding 10 for new turn","|","|t:|1752923926","|switch|p1a: Blissey|Blissey, F|661/661","|move|p2a: Suicune|Rest|p2a: Suicune","|-status|p2a: Suicune|slp|[from] move: Rest","|-heal|p2a: Suicune|401/401 slp|[silent]","|","|-weather|Sandstorm|[upkeep]","|-damage|p2a: Suicune|376/401 slp|[from] Sandstorm","|-damage|p1a: Blissey|620/661|[from] Sandstorm","|-heal|p2a: Suicune|401/401 slp|[from] item: Leftovers","|-heal|p1a: Blissey|661/661|[from] item: Leftovers","|upkeep","|turn|21","||adding 10 for new turn","|","|t:|1752923927","|switch|p2a: Claydol|Claydol|304/324 tox","|move|p1a: Blissey|Seismic Toss|p2a: Claydol","|-damage|p2a: Claydol|204/324 tox","|","|-weather|Sandstorm|[upkeep]","|-damage|p1a: Blissey|620/661|[from] Sandstorm","|-heal|p2a: Claydol|224/324 tox|[from] item: Leftovers","|-damage|p2a: Claydol|204/324 tox|[from] psn","|-heal|p1a: Blissey|661/661|[from] item: Leftovers","|upkeep","|turn|22","||adding 10 for new turn","|","|t:|1752923928","|switch|p1a: Skarmory|Skarmory, F|72/333","|move|p2a: Claydol|Rapid Spin|p1a: Skarmory","|-resisted|p1a: Skarmory","|-damage|p1a: Skarmory|67/333","|-sideend|p2: foultestacceptor1|Spikes|[from] move: Rapid Spin|[of] p2a: Claydol","|","|-weather|Sandstorm|[upkeep]","|-heal|p2a: Claydol|224/324 tox|[from] item: Leftovers","|-damage|p2a: Claydol|184/324 tox|[from] psn","|-heal|p1a: Skarmory|87/333|[from] item: Leftovers","|upkeep","|turn|23","||adding 10 for new turn","|","|t:|1752923929","|move|p2a: Claydol|Rest|p2a: Claydol","|-status|p2a: Claydol|slp|[from] move: Rest","|-heal|p2a: Claydol|324/324 slp|[silent]","|move|p1a: Skarmory|Spikes|p2a: Claydol","|-sidestart|p2: foultestacceptor1|Spikes","|","|-weather|Sandstorm|[upkeep]","|-heal|p1a: Skarmory|107/333|[from] item: Leftovers","|upkeep","|turn|24","||adding 10 for new turn","|","|t:|1752923930","|cant|p2a: Claydol|slp","|move|p1a: Skarmory|Spikes|p2a: Claydol","|-sidestart|p2: foultestacceptor1|Spikes","|","|-weather|Sandstorm|[upkeep]","|-heal|p1a: Skarmory|127/333|[from] item: Leftovers","|upkeep","|turn|25","||adding 10 for new turn","|","|t:|1752923930","|cant|p2a: Claydol|slp","|move|p1a: Skarmory|Roar|p2a: Claydol","|drag|p2a: Blissey|Blissey, F|714/714","|-damage|p2a: Blissey|595/714|[from] Spikes","|","|-weather|Sandstorm|[upkeep]","|-damage|p2a: Blissey|551/714|[from] Sandstorm","|-heal|p1a: Skarmory|147/333|[from] item: Leftovers","|-heal|p2a: Blissey|595/714|[from] item: Leftovers","|upkeep","|turn|26","||adding 10 for new turn","|","|t:|1752923931","|move|p1a: Skarmory|Spikes|p2a: Blissey","|-sidestart|p2: foultestacceptor1|Spikes","|move|p2a: Blissey|Aromatherapy|p2a: Blissey","|-cureteam|p2a: Blissey|[from] move: Aromatherapy","|","|-weather|Sandstorm|[upkeep]","|-damage|p2a: Blissey|551/714|[from] Sandstorm","|-heal|p1a: Skarmory|167/333|[from] item: Leftovers","|-heal|p2a: Blissey|595/714|[from] item: Leftovers","|upkeep","|turn|27","||adding 10 for new turn","|","|t:|1752923932","|move|p2a: Blissey|Seismic Toss|p1a: Skarmory","|-damage|p1a: Skarmory|67/333","|move|p1a: Skarmory|Roar|p2a: Blissey","|drag|p2a: Claydol|Claydol|324/324","|","|-weather|Sandstorm|[upkeep]","|-heal|p1a: Skarmory|87/333|[from] item: Leftovers","|upkeep","|turn|28","||adding 10 for new turn","|","|t:|1752923933","|move|p2a: Claydol|Rapid Spin|p1a: Skarmory","|-resisted|p1a: Skarmory","|-damage|p1a: Skarmory|81/333","|-sideend|p2: foultestacceptor1|Spikes|[from] move: Rapid Spin|[of] p2a: Claydol","|move|p1a: Skarmory|Toxic|p2a: Claydol","|-status|p2a: Claydol|tox","|","|-weather|Sandstorm|[upkeep]","|-damage|p2a: Claydol|304/324 tox|[from] psn","|-heal|p1a: Skarmory|101/333|[from] item: Leftovers","|upkeep","|turn|29","||adding 10 for new turn","|","|t:|1752923934","|switch|p2a: Suicune|Suicune|401/401","|-ability|p2a: Suicune|Pressure|[silent]","|move|p1a: Skarmory|Spikes|p2a: Suicune","|-sidestart|p2: foultestacceptor1|Spikes","|","|-weather|Sandstorm|[upkeep]","|-damage|p2a: Suicune|376/401|[from] Sandstorm","|-heal|p2a: Suicune|401/401|[from] item: Leftovers","|-heal|p1a: Skarmory|121/333|[from] item: Leftovers","|upkeep","|turn|30","||adding 10 for new turn","|","|t:|1752923935","|move|p2a: Suicune|Surf|p1a: Skarmory","|-damage|p1a: Skarmory|30/333","|move|p1a: Skarmory|Toxic|p2a: Suicune","|-status|p2a: Suicune|tox","|","|-weather|Sandstorm|[upkeep]","|-damage|p2a: Suicune|376/401 tox|[from] Sandstorm","|-heal|p2a: Suicune|401/401 tox|[from] item: Leftovers","|-damage|p2a: Suicune|376/401 tox|[from] psn","|-heal|p1a: Skarmory|50/333|[from] item: Leftovers","|upkeep","|turn|31","||adding 10 for new turn","|","|t:|1752923936","|switch|p1a: Blissey|Blissey, F|661/661","|move|p2a: Suicune|Ice Beam|p1a: Blissey","|-damage|p1a: Blissey|608/661","|","|-weather|Sandstorm|[upkeep]","|-damage|p2a: Suicune|351/401 tox|[from] Sandstorm","|-damage|p1a: Blissey|567/661|[from] Sandstorm","|-heal|p2a: Suicune|376/401 tox|[from] item: Leftovers","|-damage|p2a: Suicune|326/401 tox|[from] psn","|-heal|p1a: Blissey|608/661|[from] item: Leftovers","|upkeep","|turn|32","||adding 10 for new turn","|","|t:|1752923937","|switch|p2a: Blissey|Blissey, F|595/714","|-damage|p2a: Blissey|506/714|[from] Spikes","|move|p1a: Blissey|Seismic Toss|p2a: Blissey","|-damage|p2a: Blissey|406/714","|","|-weather|Sandstorm|[upkeep]","|-damage|p1a: Blissey|567/661|[from] Sandstorm","|-damage|p2a: Blissey|362/714|[from] Sandstorm","|-heal|p1a: Blissey|608/661|[from] item: Leftovers","|-heal|p2a: Blissey|406/714|[from] item: Leftovers","|upkeep","|turn|33","||adding 10 for new turn","|","|t:|1752923938","|move|p1a: Blissey|Thunder Wave|p2a: Blissey","|-status|p2a: Blissey|par","|cant|p2a: Blissey|par","|","|-weather|Sandstorm|[upkeep]","|-damage|p1a: Blissey|567/661|[from] Sandstorm","|-damage|p2a: Blissey|362/714 par|[from] Sandstorm","|-heal|p1a: Blissey|608/661|[from] item: Leftovers","|-heal|p2a: Blissey|406/714 par|[from] item: Leftovers","|upkeep","|turn|34","||adding 10 for new turn","|","|t:|1752923939","|move|p1a: Blissey|Seismic Toss|p2a: Blissey","|-damage|p2a: Blissey|306/714 par","|move|p2a: Blissey|Aromatherapy|p2a: Blissey","|-cureteam|p2a: Blissey|[from] move: Aromatherapy","|","|-weather|Sandstorm|[upkeep]","|-damage|p1a: Blissey|567/661|[from] Sandstorm","|-damage|p2a: Blissey|262/714|[from] Sandstorm","|-heal|p1a: Blissey|608/661|[from] item: Leftovers","|-heal|p2a: Blissey|306/714|[from] item: Leftovers","|upkeep","|turn|35","||adding 10 for new turn","|","|t:|1752923940","|move|p1a: Blissey|Ice Beam|p2a: Blissey","|-damage|p2a: Blissey|250/714","|-status|p2a: Blissey|frz","|cant|p2a: Blissey|frz","|","|-weather|Sandstorm|[upkeep]","|-damage|p1a: Blissey|567/661|[from] Sandstorm","|-damage|p2a: Blissey|206/714 frz|[from] Sandstorm","|-heal|p1a: Blissey|608/661|[from] item: Leftovers","|-heal|p2a: Blissey|250/714 frz|[from] item: Leftovers","|upkeep","|turn|36","||adding 10 for new turn","|","|t:|1752923942","|move|p1a: Blissey|Seismic Toss|p2a: Blissey","|-damage|p2a: Blissey|150/714 frz","|cant|p2a: Blissey|frz","|","|-weather|Sandstorm|[upkeep]","|-damage|p1a: Blissey|567/661|[from] Sandstorm","|-damage|p2a: Blissey|106/714 frz|[from] Sandstorm","|-heal|p1a: Blissey|608/661|[from] item: Leftovers","|-heal|p2a: Blissey|150/714 frz|[from] item: Leftovers","|upkeep","|turn|37","||adding 10 for new turn","|","|t:|1752923943","|move|p1a: Blissey|Ice Beam|p2a: Blissey","|-damage|p2a: Blissey|90/714 frz","|cant|p2a: Blissey|frz","|","|-weather|Sandstorm|[upkeep]","|-damage|p1a: Blissey|567/661|[from] Sandstorm","|-damage|p2a: Blissey|46/714 frz|[from] Sandstorm","|-heal|p1a: Blissey|608/661|[from] item: Leftovers","|-heal|p2a: Blissey|90/714 frz|[from] item: Leftovers","|upkeep","|turn|38","||adding 10 for new turn","|","|t:|1752923944","|move|p1a: Blissey|Ice Beam|p2a: Blissey","|-damage|p2a: Blissey|33/714 frz","|cant|p2a: Blissey|frz","|","|-weather|Sandstorm|[upkeep]","|-damage|p1a: Blissey|567/661|[from] Sandstorm","|-damage|p2a: Blissey|0 fnt|[from] Sandstorm","|faint|p2a: Blissey","|-heal|p1a: Blissey|608/661|[from] item: Leftovers","|upkeep","||adding 5 to each for mid turn request","|","|t:|1752923944","|switch|p2a: Claydol|Claydol|304/324","|turn|39","||adding 10 for new turn","|","|t:|1752923945","|move|p2a: Claydol|Rapid Spin|p1a: Blissey","|-damage|p1a: Blissey|579/661","|-sideend|p2: foultestacceptor1|Spikes|[from] move: Rapid Spin|[of] p2a: Claydol","|move|p1a: Blissey|Ice Beam|p2a: Claydol","|-supereffective|p2a: Claydol","|-damage|p2a: Claydol|174/324","|","|-weather|Sandstorm|[upkeep]","|-damage|p1a: Blissey|538/661|[from] Sandstorm","|-heal|p2a: Claydol|194/324|[from] item: Leftovers","|-heal|p1a: Blissey|579/661|[from] item: Leftovers","|upkeep","|turn|40","||adding 10 for new turn","|","|t:|1752923946","|move|p2a: Claydol|Earthquake|p1a: Blissey","|-damage|p1a: Blissey|352/661","|move|p1a: Blissey|Ice Beam|p2a: Claydol","|-supereffective|p2a: Claydol","|-damage|p2a: Claydol|56/324","|","|-weather|Sandstorm|[upkeep]","|-damage|p1a: Blissey|311/661|[from] Sandstorm","|-heal|p2a: Claydol|76/324|[from] item: Leftovers","|-heal|p1a: Blissey|352/661|[from] item: Leftovers","|upkeep","|turn|41","||adding 10 for new turn","|","|t:|1752923947","|move|p2a: Claydol|Rest|p2a: Claydol","|-status|p2a: Claydol|slp|[from] move: Rest","|-heal|p2a: Claydol|324/324 slp|[silent]","|move|p1a: Blissey|Soft-Boiled|p1a: Blissey","|-heal|p1a: Blissey|661/661","|","|-weather|Sandstorm|[upkeep]","|-damage|p1a: Blissey|620/661|[from] Sandstorm","|-heal|p1a: Blissey|661/661|[from] item: Leftovers","|upkeep","|turn|42","||adding 10 for new turn","|","|t:|1752923948","|switch|p2a: Suicune|Suicune|326/401","|-ability|p2a: Suicune|Pressure|[silent]","|move|p1a: Blissey|Ice Beam|p2a: Suicune","|-resisted|p2a: Suicune","|-damage|p2a: Suicune|292/401","|","|-weather|Sandstorm|[upkeep]","|-damage|p2a: Suicune|267/401|[from] Sandstorm","|-damage|p1a: Blissey|620/661|[from] Sandstorm","|-heal|p2a: Suicune|292/401|[from] item: Leftovers","|-heal|p1a: Blissey|661/661|[from] item: Leftovers","|upkeep","|turn|43","||adding 10 for new turn","|","|t:|1752923949","|move|p2a: Suicune|Calm Mind|p2a: Suicune","|-boost|p2a: Suicune|spa|1","|-boost|p2a: Suicune|spd|1","|move|p1a: Blissey|Seismic Toss|p2a: Suicune","|-damage|p2a: Suicune|192/401","|","|-weather|Sandstorm|[upkeep]","|-damage|p2a: Suicune|167/401|[from] Sandstorm","|-damage|p1a: Blissey|620/661|[from] Sandstorm","|-heal|p2a: Suicune|192/401|[from] item: Leftovers","|-heal|p1a: Blissey|661/661|[from] item: Leftovers","|upkeep","|turn|44","||adding 10 for new turn","|","|t:|1752923950","|move|p2a: Suicune|Calm Mind|p2a: Suicune","|-boost|p2a: Suicune|spa|1","|-boost|p2a: Suicune|spd|1","|move|p1a: Blissey|Seismic Toss|p2a: Suicune","|-damage|p2a: Suicune|92/401","|","|-weather|Sandstorm|[upkeep]","|-damage|p2a: Suicune|67/401|[from] Sandstorm","|-damage|p1a: Blissey|620/661|[from] Sandstorm","|-heal|p2a: Suicune|92/401|[from] item: Leftovers","|-heal|p1a: Blissey|661/661|[from] item: Leftovers","|upkeep","|turn|45","||adding 10 for new turn","|","|t:|1752923950","|move|p2a: Suicune|Rest|p2a: Suicune","|-status|p2a: Suicune|slp|[from] move: Rest","|-heal|p2a: Suicune|401/401 slp|[silent]","|move|p1a: Blissey|Seismic Toss|p2a: Suicune","|-damage|p2a: Suicune|301/401 slp","|","|-weather|Sandstorm|[upkeep]","|-damage|p2a: Suicune|276/401 slp|[from] Sandstorm","|-damage|p1a: Blissey|620/661|[from] Sandstorm","|-heal|p2a: Suicune|301/401 slp|[from] item: Leftovers","|-heal|p1a: Blissey|661/661|[from] item: Leftovers","|upkeep","|turn|46","||adding 10 for new turn","|","|t:|1752923951","|switch|p1a: Skarmory|Skarmory, F|50/333","|cant|p2a: Suicune|slp","|","|-weather|Sandstorm|[upkeep]","|-damage|p2a: Suicune|276/401 slp|[from] Sandstorm","|-heal|p2a: Suicune|301/401 slp|[from] item: Leftovers","|-heal|p1a: Skarmory|70/333|[from] item: Leftovers","|upkeep","|turn|47","||adding 10 for new turn","|","|t:|1752923952","|cant|p2a: Suicune|slp","|move|p1a: Skarmory|Roar|p2a: Suicune","|drag|p2a: Forretress|Forretress, F|354/354","|","|-weather|Sandstorm|[upkeep]","|-heal|p1a: Skarmory|90/333|[from] item: Leftovers","|upkeep","|turn|48","||adding 10 for new turn","|","|t:|1752923953","|move|p1a: Skarmory|Spikes|p2a: Forretress","|-sidestart|p2: foultestacceptor1|Spikes","|move|p2a: Forretress|Spikes|p1a: Skarmory","|-sidestart|p1: foultestchallenge1|Spikes","|","|-weather|Sandstorm|[upkeep]","|-heal|p1a: Skarmory|110/333|[from] item: Leftovers","|upkeep","|turn|49","||adding 10 for new turn","|","|t:|1752923954","|move|p1a: Skarmory|Drill Peck|p2a: Forretress","|-crit|p2a: Forretress","|-damage|p2a: Forretress|237/354","|move|p2a: Forretress|Spikes|p1a: Skarmory","|-sidestart|p1: foultestchallenge1|Spikes","|","|-weather|Sandstorm|[upkeep]","|-heal|p1a: Skarmory|130/333|[from] item: Leftovers","|-heal|p2a: Forretress|259/354|[from] item: Leftovers","|upkeep","|turn|50","||adding 10 for new turn","|","|t:|1752923955","|move|p1a: Skarmory|Drill Peck|p2a: Forretress","|-damage|p2a: Forretress|199/354","|move|p2a: Forretress|Zap Cannon|p1a: Skarmory|[miss]","|-miss|p2a: Forretress|p1a: Skarmory","|","|-weather|Sandstorm|[upkeep]","|-heal|p1a: Skarmory|150/333|[from] item: Leftovers","|-heal|p2a: Forretress|221/354|[from] item: Leftovers","|upkeep","|turn|51","||adding 10 for new turn","|","|t:|1752923956","|move|p1a: Skarmory|Drill Peck|p2a: Forretress","|-damage|p2a: Forretress|164/354","|move|p2a: Forretress|Zap Cannon|p1a: Skarmory|[miss]","|-miss|p2a: Forretress|p1a: Skarmory","|","|-weather|Sandstorm|[upkeep]","|-heal|p1a: Skarmory|170/333|[from] item: Leftovers","|-heal|p2a: Forretress|186/354|[from] item: Leftovers","|upkeep","|turn|52","||adding 10 for new turn","|","|t:|1752923957","|move|p1a: Skarmory|Spikes|p2a: Forretress","|-sidestart|p2: foultestacceptor1|Spikes","|move|p2a: Forretress|Spikes|p1a: Skarmory","|-sidestart|p1: foultestchallenge1|Spikes","|","|-weather|Sandstorm|[upkeep]","|-heal|p1a: Skarmory|190/333|[from] item: Leftovers","|-heal|p2a: Forretress|208/354|[from] item: Leftovers","|upkeep","|turn|53","||adding 10 for new turn","|","|t:|1752923957","|switch|p1a: Claydol|Claydol|317/317","|move|p2a: Forretress|Zap Cannon|p1a: Claydol","|-immune|p1a: Claydol","|","|-weather|Sandstorm|[upkeep]","|-heal|p2a: Forretress|230/354|[from] item: Leftovers","|upkeep","|turn|54","||adding 10 for new turn","|","|t:|1752923958","|move|p1a: Claydol|Rapid Spin|p2a: Forretress","|-resisted|p2a: Forretress","|-damage|p2a: Forretress|223/354","|-sideend|p1: foultestchallenge1|Spikes|[from] move: Rapid Spin|[of] p1a: Claydol","|move|p2a: Forretress|Hidden Power|p1a: Claydol","|-supereffective|p1a: Claydol","|-damage|p1a: Claydol|182/317","|","|-weather|Sandstorm|[upkeep]","|-heal|p1a: Claydol|201/317|[from] item: Leftovers","|-heal|p2a: Forretress|245/354|[from] item: Leftovers","|upkeep","|turn|55","||adding 10 for new turn","|","|t:|1752923959","|switch|p1a: Skarmory|Skarmory, F|190/333","|move|p2a: Forretress|Spikes|p1a: Skarmory","|-sidestart|p1: foultestchallenge1|Spikes","|","|-weather|Sandstorm|[upkeep]","|-heal|p1a: Skarmory|210/333|[from] item: Leftovers","|-heal|p2a: Forretress|267/354|[from] item: Leftovers","|upkeep","|turn|56","||adding 10 for new turn","|","|t:|1752923960","|move|p1a: Skarmory|Spikes|p2a: Forretress","|-sidestart|p2: foultestacceptor1|Spikes","|move|p2a: Forretress|Zap Cannon|p1a: Skarmory","|-supereffective|p1a: Skarmory","|-damage|p1a: Skarmory|125/333","|-status|p1a: Skarmory|par","|","|-weather|Sandstorm|[upkeep]","|-heal|p2a: Forretress|289/354|[from] item: Leftovers","|-heal|p1a: Skarmory|145/333 par|[from] item: Leftovers","|upkeep","|turn|57","||adding 10 for new turn","|","|t:|1752923961","|move|p2a: Forretress|Zap Cannon|p1a: Skarmory|[miss]","|-miss|p2a: Forretress|p1a: Skarmory","|move|p1a: Skarmory|Roar|p2a: Forretress","|drag|p2a: Snorlax|Snorlax, F|373/497","|-damage|p2a: Snorlax|249/497|[from] Spikes","|","|-weather|Sandstorm|[upkeep]","|-damage|p2a: Snorlax|218/497|[from] Sandstorm","|-heal|p2a: Snorlax|249/497|[from] item: Leftovers","|-heal|p1a: Skarmory|165/333 par|[from] item: Leftovers","|upkeep","|turn|58","||adding 10 for new turn","|","|t:|1752923962","|move|p2a: Snorlax|Return|p1a: Skarmory","|-resisted|p1a: Skarmory","|-damage|p1a: Skarmory|111/333 par","|move|p1a: Skarmory|Roar|p2a: Snorlax","|drag|p2a: Claydol|Claydol|324/324 slp","|","|-weather|Sandstorm|[upkeep]","|-heal|p1a: Skarmory|131/333 par|[from] item: Leftovers","|upkeep","|turn|59","||adding 10 for new turn","|","|t:|1752923963","|cant|p2a: Claydol|slp","|move|p1a: Skarmory|Roar|p2a: Claydol","|drag|p2a: Forretress|Forretress, F|289/354","|-damage|p2a: Forretress|201/354|[from] Spikes","|","|-weather|Sandstorm|[upkeep]","|-heal|p2a: Forretress|223/354|[from] item: Leftovers","|-heal|p1a: Skarmory|151/333 par|[from] item: Leftovers","|upkeep","|turn|60","||adding 10 for new turn","|","|t:|1752923964","|move|p2a: Forretress|Spikes|p1a: Skarmory","|-sidestart|p1: foultestchallenge1|Spikes","|move|p1a: Skarmory|Roar|p2a: Forretress","|drag|p2a: Snorlax|Snorlax, F|249/497","|-damage|p2a: Snorlax|125/497|[from] Spikes","|","|-weather|Sandstorm|[upkeep]","|-damage|p2a: Snorlax|94/497|[from] Sandstorm","|-heal|p2a: Snorlax|125/497|[from] item: Leftovers","|-heal|p1a: Skarmory|171/333 par|[from] item: Leftovers","|upkeep","|turn|61","||adding 10 for new turn","|","|t:|1752923964","|move|p2a: Snorlax|Rest|p2a: Snorlax","|-status|p2a: Snorlax|slp|[from] move: Rest","|-heal|p2a: Snorlax|497/497 slp|[silent]","|move|p1a: Skarmory|Drill Peck|p2a: Snorlax","|-damage|p2a: Snorlax|395/497 slp","|","|-weather|Sandstorm|[upkeep]","|-damage|p2a: Snorlax|364/497 slp|[from] Sandstorm","|-heal|p2a: Snorlax|395/497 slp|[from] item: Leftovers","|-heal|p1a: Skarmory|191/333 par|[from] item: Leftovers","|upkeep","|turn|62","||adding 10 for new turn","|","|t:|1752923965","|cant|p2a: Snorlax|slp","|cant|p1a: Skarmory|par","|","|-weather|Sandstorm|[upkeep]","|-damage|p2a: Snorlax|364/497 slp|[from] Sandstorm","|-heal|p2a: Snorlax|395/497 slp|[from] item: Leftovers","|-heal|p1a: Skarmory|211/333 par|[from] item: Leftovers","|upkeep","|turn|63","||adding 10 for new turn","|","|t:|1752923966","|cant|p2a: Snorlax|slp","|move|p1a: Skarmory|Roar|p2a: Snorlax","|drag|p2a: Forretress|Forretress, F|223/354","|-damage|p2a: Forretress|135/354|[from] Spikes","|","|-weather|Sandstorm|[upkeep]","|-heal|p2a: Forretress|157/354|[from] item: Leftovers","|-heal|p1a: Skarmory|231/333 par|[from] item: Leftovers","|upkeep","|turn|64","||adding 10 for new turn","|","|t:|1752923967","|move|p2a: Forretress|Spikes|p1a: Skarmory","|-sidestart|p1: foultestchallenge1|Spikes","|move|p1a: Skarmory|Roar|p2a: Forretress","|drag|p2a: Claydol|Claydol|324/324 slp","|","|-weather|Sandstorm|[upkeep]","|-heal|p1a: Skarmory|251/333 par|[from] item: Leftovers","|upkeep","|turn|65","||adding 10 for new turn","|","|t:|1752923968","|cant|p2a: Claydol|slp","|move|p1a: Skarmory|Roar|p2a: Claydol","|drag|p2a: Suicune|Suicune|301/401 slp","|-damage|p2a: Suicune|201/401 slp|[from] Spikes","|-ability|p2a: Suicune|Pressure|[silent]","|","|-weather|Sandstorm|[upkeep]","|-damage|p2a: Suicune|176/401 slp|[from] Sandstorm","|-heal|p2a: Suicune|201/401 slp|[from] item: Leftovers","|-heal|p1a: Skarmory|271/333 par|[from] item: Leftovers","|upkeep","|turn|66","||adding 10 for new turn","|","|t:|1752923969","|-curestatus|p2a: Suicune|slp|[msg]","|move|p2a: Suicune|Surf|p1a: Skarmory","|-damage|p1a: Skarmory|181/333 par","|cant|p1a: Skarmory|par","|","|-weather|Sandstorm|[upkeep]","|-damage|p2a: Suicune|176/401|[from] Sandstorm","|-heal|p2a: Suicune|201/401|[from] item: Leftovers","|-heal|p1a: Skarmory|201/333 par|[from] item: Leftovers","|upkeep","|turn|67","||adding 10 for new turn","|","|t:|1752923969","|move|p2a: Suicune|Surf|p1a: Skarmory","|-damage|p1a: Skarmory|104/333 par","|move|p1a: Skarmory|Roar|p2a: Suicune","|drag|p2a: Snorlax|Snorlax, F|395/497 slp","|-damage|p2a: Snorlax|271/497 slp|[from] Spikes","|","|-weather|Sandstorm|[upkeep]","|-damage|p2a: Snorlax|240/497 slp|[from] Sandstorm","|-heal|p2a: Snorlax|271/497 slp|[from] item: Leftovers","|-heal|p1a: Skarmory|124/333 par|[from] item: Leftovers","|upkeep","|turn|68","||adding 10 for new turn","|","|t:|1752923970","|-curestatus|p2a: Snorlax|slp|[msg]","|move|p2a: Snorlax|Return|p1a: Skarmory","|-resisted|p1a: Skarmory","|-damage|p1a: Skarmory|74/333 par","|move|p1a: Skarmory|Drill Peck|p2a: Snorlax","|-damage|p2a: Snorlax|177/497","|","|-weather|Sandstorm|[upkeep]","|-damage|p2a: Snorlax|146/497|[from] Sandstorm","|-heal|p2a: Snorlax|177/497|[from] item: Leftovers","|-heal|p1a: Skarmory|94/333 par|[from] item: Leftovers","|upkeep","|turn|69","||adding 10 for new turn","|","|t:|1752923971","|move|p2a: Snorlax|Rest|p2a: Snorlax","|-status|p2a: Snorlax|slp|[from] move: Rest","|-heal|p2a: Snorlax|497/497 slp|[silent]","|move|p1a: Skarmory|Drill Peck|p2a: Snorlax","|-damage|p2a: Snorlax|406/497 slp","|","|-weather|Sandstorm|[upkeep]","|-damage|p2a: Snorlax|375/497 slp|[from] Sandstorm","|-heal|p2a: Snorlax|406/497 slp|[from] item: Leftovers","|-heal|p1a: Skarmory|114/333 par|[from] item: Leftovers","|upkeep","|turn|70","||adding 10 for new turn","|","|t:|1752923972","|switch|p2a: Claydol|Claydol|324/324 slp","|move|p1a: Skarmory|Roar|p2a: Claydol","|drag|p2a: Forretress|Forretress, F|157/354","|-damage|p2a: Forretress|69/354|[from] Spikes","|","|-weather|Sandstorm|[upkeep]","|-heal|p2a: Forretress|91/354|[from] item: Leftovers","|-heal|p1a: Skarmory|134/333 par|[from] item: Leftovers","|upkeep","|turn|71","||adding 10 for new turn","|","|t:|1752923973","|move|p2a: Forretress|Explosion|p1a: Skarmory","|-resisted|p1a: Skarmory","|-damage|p1a: Skarmory|0 fnt","|faint|p2a: Forretress","|faint|p1a: Skarmory","||adding 5 to each for mid turn request","|","|t:|1752923974","|switch|p1a: Claydol|Claydol|201/317","|switch|p2a: Claydol|Claydol|324/324 slp","|","|-weather|Sandstorm|[upkeep]","|-heal|p1a: Claydol|220/317|[from] item: Leftovers","|upkeep","|turn|72","||adding 10 for new turn","|","|t:|1752923975","|move|p1a: Claydol|Rapid Spin|p2a: Claydol","|-damage|p2a: Claydol|305/324 slp","|-sideend|p1: foultestchallenge1|Spikes|[from] move: Rapid Spin|[of] p1a: Claydol","|-curestatus|p2a: Claydol|slp|[msg]","|move|p2a: Claydol|Rapid Spin|p1a: Claydol","|-damage|p1a: Claydol|203/317","|-sideend|p2: foultestacceptor1|Spikes|[from] move: Rapid Spin|[of] p2a: Claydol","|","|-weather|Sandstorm|[upkeep]","|-heal|p1a: Claydol|222/317|[from] item: Leftovers","|-heal|p2a: Claydol|324/324|[from] item: Leftovers","|upkeep","|turn|73","||adding 10 for new turn","|","|t:|1752923976","|switch|p1a: Blissey|Blissey, F|661/661","|switch|p2a: Suicune|Suicune|201/401","|-ability|p2a: Suicune|Pressure|[silent]","|","|-weather|Sandstorm|[upkeep]","|-damage|p2a: Suicune|176/401|[from] Sandstorm","|-damage|p1a: Blissey|620/661|[from] Sandstorm","|-heal|p2a: Suicune|201/401|[from] item: Leftovers","|-heal|p1a: Blissey|661/661|[from] item: Leftovers","|upkeep","|turn|74","||adding 10 for new turn","|","|t:|1752923977","|move|p2a: Suicune|Calm Mind|p2a: Suicune","|-boost|p2a: Suicune|spa|1","|-boost|p2a: Suicune|spd|1","|move|p1a: Blissey|Seismic Toss|p2a: Suicune","|-damage|p2a: Suicune|101/401","|","|-weather|Sandstorm|[upkeep]","|-damage|p2a: Suicune|76/401|[from] Sandstorm","|-damage|p1a: Blissey|620/661|[from] Sandstorm","|-heal|p2a: Suicune|101/401|[from] item: Leftovers","|-heal|p1a: Blissey|661/661|[from] item: Leftovers","|upkeep","|turn|75","||adding 10 for new turn","|","|t:|1752923978","|move|p2a: Suicune|Rest|p2a: Suicune","|-status|p2a: Suicune|slp|[from] move: Rest","|-heal|p2a: Suicune|401/401 slp|[silent]","|move|p1a: Blissey|Seismic Toss|p2a: Suicune","|-damage|p2a: Suicune|301/401 slp","|","|-weather|Sandstorm|[upkeep]","|-damage|p2a: Suicune|276/401 slp|[from] Sandstorm","|-damage|p1a: Blissey|620/661|[from] Sandstorm","|-heal|p2a: Suicune|301/401 slp|[from] item: Leftovers","|-heal|p1a: Blissey|661/661|[from] item: Leftovers","|upkeep","|turn|76","||adding 10 for new turn","|","|t:|1752923978","|cant|p2a: Suicune|slp","|move|p1a: Blissey|Seismic Toss|p2a: Suicune","|-damage|p2a: Suicune|201/401 slp","|","|-weather|Sandstorm|[upkeep]","|-damage|p2a: Suicune|176/401 slp|[from] Sandstorm","|-damage|p1a: Blissey|620/661|[from] Sandstorm","|-heal|p2a: Suicune|201/401 slp|[from] item: Leftovers","|-heal|p1a: Blissey|661/661|[from] item: Leftovers","|upkeep","|turn|77","||adding 10 for new turn","|","|t:|1752923979","|cant|p2a: Suicune|slp","|move|p1a: Blissey|Seismic Toss|p2a: Suicune","|-damage|p2a: Suicune|101/401 slp","|","|-weather|Sandstorm|[upkeep]","|-damage|p2a: Suicune|76/401 slp|[from] Sandstorm","|-damage|p1a: Blissey|620/661|[from] Sandstorm","|-heal|p2a: Suicune|101/401 slp|[from] item: Leftovers","|-heal|p1a: Blissey|661/661|[from] item: Leftovers","|upkeep","|turn|78","||adding 10 for new turn","|","|t:|1752923980","|-curestatus|p2a: Suicune|slp|[msg]","|move|p2a: Suicune|Rest|p2a: Suicune","|-status|p2a: Suicune|slp|[from] move: Rest","|-heal|p2a: Suicune|401/401 slp|[silent]","|move|p1a: Blissey|Seismic Toss|p2a: Suicune","|-damage|p2a: Suicune|301/401 slp","|","|-weather|Sandstorm|[upkeep]","|-damage|p2a: Suicune|276/401 slp|[from] Sandstorm","|-damage|p1a: Blissey|620/661|[from] Sandstorm","|-heal|p2a: Suicune|301/401 slp|[from] item: Leftovers","|-heal|p1a: Blissey|661/661|[from] item: Leftovers","|upkeep","|turn|79","||adding 10 for new turn","|","|t:|1752923981","|cant|p2a: Suicune|slp","|move|p1a: Blissey|Seismic Toss|p2a: Suicune","|-damage|p2a: Suicune|201/401 slp","|","|-weather|Sandstorm|[upkeep]","|-damage|p2a: Suicune|176/401 slp|[from] Sandstorm","|-damage|p1a: Blissey|620/661|[from] Sandstorm","|-heal|p2a: Suicune|201/401 slp|[from] item: Leftovers","|-heal|p1a: Blissey|661/661|[from] item: Leftovers","|upkeep","|turn|80","||adding 10 for new turn","|","|t:|1752923982","|cant|p2a: Suicune|slp","|move|p1a: Blissey|Seismic Toss|p2a: Suicune","|-damage|p2a: Suicune|101/401 slp","|","|-weather|Sandstorm|[upkeep]","|-damage|p2a: Suicune|76/401 slp|[from] Sandstorm","|-damage|p1a: Blissey|620/661|[from] Sandstorm","|-heal|p2a: Suicune|101/401 slp|[from] item: Leftovers","|-heal|p1a: Blissey|661/661|[from] item: Leftovers","|upkeep","|turn|81","||adding 10 for new turn","|","|t:|1752923983","|-curestatus|p2a: Suicune|slp|[msg]","|move|p2a: Suicune|Rest|p2a: Suicune","|-status|p2a: Suicune|slp|[from] move: Rest","|-heal|p2a: Suicune|401/401 slp|[silent]","|move|p1a: Blissey|Seismic Toss|p2a: Suicune","|-damage|p2a: Suicune|301/401 slp","|","|-weather|Sandstorm|[upkeep]","|-damage|p2a: Suicune|276/401 slp|[from] Sandstorm","|-damage|p1a: Blissey|620/661|[from] Sandstorm","|-heal|p2a: Suicune|301/401 slp|[from] item: Leftovers","|-heal|p1a: Blissey|661/661|[from] item: Leftovers","|upkeep","|turn|82","||adding 10 for new turn","|","|t:|1752923983","|cant|p2a: Suicune|slp","|move|p1a: Blissey|Seismic Toss|p2a: Suicune","|-damage|p2a: Suicune|201/401 slp","|","|-weather|Sandstorm|[upkeep]","|-damage|p2a: Suicune|176/401 slp|[from] Sandstorm","|-damage|p1a: Blissey|620/661|[from] Sandstorm","|-heal|p2a: Suicune|201/401 slp|[from] item: Leftovers","|-heal|p1a: Blissey|661/661|[from] item: Leftovers","|upkeep","|turn|83","||adding 10 for new turn","|","|t:|1752923984","|cant|p2a: Suicune|slp","|move|p1a: Blissey|Seismic Toss|p2a: Suicune","|-damage|p2a: Suicune|101/401 slp","|","|-weather|Sandstorm|[upkeep]","|-damage|p2a: Suicune|76/401 slp|[from] Sandstorm","|-damage|p1a: Blissey|620/661|[from] Sandstorm","|-heal|p2a: Suicune|101/401 slp|[from] item: Leftovers","|-heal|p1a: Blissey|661/661|[from] item: Leftovers","|upkeep","|turn|84","||adding 10 for new turn","|","|t:|1752923985","|-curestatus|p2a: Suicune|slp|[msg]","|move|p2a: Suicune|Rest|p2a: Suicune","|-status|p2a: Suicune|slp|[from] move: Rest","|-heal|p2a: Suicune|401/401 slp|[silent]","|move|p1a: Blissey|Seismic Toss|p2a: Suicune","|-damage|p2a: Suicune|301/401 slp","|","|-weather|Sandstorm|[upkeep]","|-damage|p2a: Suicune|276/401 slp|[from] Sandstorm","|-damage|p1a: Blissey|620/661|[from] Sandstorm","|-heal|p2a: Suicune|301/401 slp|[from] item: Leftovers","|-heal|p1a: Blissey|661/661|[from] item: Leftovers","|upkeep","|turn|85","||adding 10 for new turn","|","|t:|1752923986","|switch|p1a: Claydol|Claydol|222/317","|cant|p2a: Suicune|slp","|","|-weather|Sandstorm|[upkeep]","|-damage|p2a: Suicune|276/401 slp|[from] Sandstorm","|-heal|p2a: Suicune|301/401 slp|[from] item: Leftovers","|-heal|p1a: Claydol|241/317|[from] item: Leftovers","|upkeep","|turn|86","||adding 10 for new turn","|","|t:|1752923987","|switch|p1a: Blissey|Blissey, F|661/661","|cant|p2a: Suicune|slp","|","|-weather|Sandstorm|[upkeep]","|-damage|p2a: Suicune|276/401 slp|[from] Sandstorm","|-damage|p1a: Blissey|620/661|[from] Sandstorm","|-heal|p2a: Suicune|301/401 slp|[from] item: Leftovers","|-heal|p1a: Blissey|661/661|[from] item: Leftovers","|upkeep","|turn|87","||adding 10 for new turn","|","|t:|1752923987","|-curestatus|p2a: Suicune|slp|[msg]","|move|p2a: Suicune|Calm Mind|p2a: Suicune","|-boost|p2a: Suicune|spa|1","|-boost|p2a: Suicune|spd|1","|move|p1a: Blissey|Thunder Wave|p2a: Suicune","|-status|p2a: Suicune|par","|","|-weather|Sandstorm|[upkeep]","|-damage|p1a: Blissey|620/661|[from] Sandstorm","|-damage|p2a: Suicune|276/401 par|[from] Sandstorm","|-heal|p1a: Blissey|661/661|[from] item: Leftovers","|-heal|p2a: Suicune|301/401 par|[from] item: Leftovers","|upkeep","|turn|88","||adding 10 for new turn","|","|t:|1752923988","|switch|p1a: Milotic|Milotic, M|393/393","|move|p2a: Suicune|Surf|p1a: Milotic","|-resisted|p1a: Milotic","|-damage|p1a: Milotic|304/393","|","|-weather|Sandstorm|[upkeep]","|-damage|p1a: Milotic|280/393|[from] Sandstorm","|-damage|p2a: Suicune|276/401 par|[from] Sandstorm","|-heal|p1a: Milotic|304/393|[from] item: Leftovers","|-heal|p2a: Suicune|301/401 par|[from] item: Leftovers","|upkeep","|turn|89","||adding 10 for new turn","|","|t:|1752923989","|move|p1a: Milotic|Recover|p1a: Milotic","|-heal|p1a: Milotic|393/393","|move|p2a: Suicune|Calm Mind|p2a: Suicune","|-boost|p2a: Suicune|spa|1","|-boost|p2a: Suicune|spd|1","|","|-weather|Sandstorm|[upkeep]","|-damage|p1a: Milotic|369/393|[from] Sandstorm","|-damage|p2a: Suicune|276/401 par|[from] Sandstorm","|-heal|p1a: Milotic|393/393|[from] item: Leftovers","|-heal|p2a: Suicune|301/401 par|[from] item: Leftovers","|upkeep","|turn|90","||adding 10 for new turn","|","|t:|1752923990","|switch|p1a: Blissey|Blissey, F|661/661","|move|p2a: Suicune|Surf|p1a: Blissey","|-damage|p1a: Blissey|472/661","|","|-weather|Sandstorm|[upkeep]","|-damage|p1a: Blissey|431/661|[from] Sandstorm","|-damage|p2a: Suicune|276/401 par|[from] Sandstorm","|-heal|p1a: Blissey|472/661|[from] item: Leftovers","|-heal|p2a: Suicune|301/401 par|[from] item: Leftovers","|upkeep","|turn|91","||adding 10 for new turn","|","|t:|1752923991","|move|p1a: Blissey|Soft-Boiled|p1a: Blissey","|-heal|p1a: Blissey|661/661","|move|p2a: Suicune|Surf|p1a: Blissey","|-damage|p1a: Blissey|457/661","|","|-weather|Sandstorm|[upkeep]","|-damage|p1a: Blissey|416/661|[from] Sandstorm","|-damage|p2a: Suicune|276/401 par|[from] Sandstorm","|-heal|p1a: Blissey|457/661|[from] item: Leftovers","|-heal|p2a: Suicune|301/401 par|[from] item: Leftovers","|upkeep","|turn|92","||adding 10 for new turn","|","|t:|1752923992","|move|p1a: Blissey|Soft-Boiled|p1a: Blissey","|-heal|p1a: Blissey|661/661","|move|p2a: Suicune|Surf|p1a: Blissey","|-damage|p1a: Blissey|461/661","|","|-weather|Sandstorm|[upkeep]","|-damage|p1a: Blissey|420/661|[from] Sandstorm","|-damage|p2a: Suicune|276/401 par|[from] Sandstorm","|-heal|p1a: Blissey|461/661|[from] item: Leftovers","|-heal|p2a: Suicune|301/401 par|[from] item: Leftovers","|upkeep","|turn|93","||adding 10 for new turn","|","|t:|1752923993","|move|p1a: Blissey|Soft-Boiled|p1a: Blissey","|-heal|p1a: Blissey|661/661","|move|p2a: Suicune|Surf|p1a: Blissey","|-damage|p1a: Blissey|480/661","|","|-weather|Sandstorm|[upkeep]","|-damage|p1a: Blissey|439/661|[from] Sandstorm","|-damage|p2a: Suicune|276/401 par|[from] Sandstorm","|-heal|p1a: Blissey|480/661|[from] item: Leftovers","|-heal|p2a: Suicune|301/401 par|[from] item: Leftovers","|upkeep","|turn|94","||adding 10 for new turn","|","|t:|1752923993","|move|p1a: Blissey|Soft-Boiled|p1a: Blissey","|-heal|p1a: Blissey|661/661","|move|p2a: Suicune|Surf|p1a: Blissey","|-damage|p1a: Blissey|476/661","|","|-weather|Sandstorm|[upkeep]","|-damage|p1a: Blissey|435/661|[from] Sandstorm","|-damage|p2a: Suicune|276/401 par|[from] Sandstorm","|-heal|p1a: Blissey|476/661|[from] item: Leftovers","|-heal|p2a: Suicune|301/401 par|[from] item: Leftovers","|upkeep","|turn|95","||adding 10 for new turn","|","|t:|1752923994","|move|p1a: Blissey|Soft-Boiled|p1a: Blissey","|-heal|p1a: Blissey|661/661","|cant|p2a: Suicune|par","|","|-weather|Sandstorm|[upkeep]","|-damage|p1a: Blissey|620/661|[from] Sandstorm","|-damage|p2a: Suicune|276/401 par|[from] Sandstorm","|-heal|p1a: Blissey|661/661|[from] item: Leftovers","|-heal|p2a: Suicune|301/401 par|[from] item: Leftovers","|upkeep","|turn|96","||adding 10 for new turn","|","|t:|1752923995","|switch|p1a: Milotic|Milotic, M|393/393","|move|p2a: Suicune|Surf|p1a: Milotic","|-resisted|p1a: Milotic","|-damage|p1a: Milotic|279/393","|","|-weather|Sandstorm|[upkeep]","|-damage|p1a: Milotic|255/393|[from] Sandstorm","|-damage|p2a: Suicune|276/401 par|[from] Sandstorm","|-heal|p1a: Milotic|279/393|[from] item: Leftovers","|-heal|p2a: Suicune|301/401 par|[from] item: Leftovers","|upkeep","|turn|97","||adding 10 for new turn","|","|t:|1752923996","|move|p1a: Milotic|Recover|p1a: Milotic","|-heal|p1a: Milotic|393/393","|move|p2a: Suicune|Surf|p1a: Milotic","|-resisted|p1a: Milotic","|-damage|p1a: Milotic|292/393","|","|-weather|Sandstorm|[upkeep]","|-damage|p1a: Milotic|268/393|[from] Sandstorm","|-damage|p2a: Suicune|276/401 par|[from] Sandstorm","|-heal|p1a: Milotic|292/393|[from] item: Leftovers","|-heal|p2a: Suicune|301/401 par|[from] item: Leftovers","|upkeep","|turn|98","||adding 10 for new turn","|","|t:|1752923997","|move|p1a: Milotic|Recover|p1a: Milotic","|-heal|p1a: Milotic|393/393","|cant|p2a: Suicune|par","|","|-weather|Sandstorm|[upkeep]","|-damage|p1a: Milotic|369/393|[from] Sandstorm","|-damage|p2a: Suicune|276/401 par|[from] Sandstorm","|-heal|p1a: Milotic|393/393|[from] item: Leftovers","|-heal|p2a: Suicune|301/401 par|[from] item: Leftovers","|upkeep","|turn|99","||adding 10 for new turn","|","|t:|1752923998","|switch|p1a: Blissey|Blissey, F|661/661","|move|p2a: Suicune|Ice Beam|p1a: Blissey","|-damage|p1a: Blissey|522/661","|","|-weather|Sandstorm|[upkeep]","|-damage|p1a: Blissey|481/661|[from] Sandstorm","|-damage|p2a: Suicune|276/401 par|[from] Sandstorm","|-heal|p1a: Blissey|522/661|[from] item: Leftovers","|-heal|p2a: Suicune|301/401 par|[from] item: Leftovers","|upkeep","|turn|100","||adding 10 for new turn","|","|t:|1752923999","|move|p1a: Blissey|Soft-Boiled|p1a: Blissey","|-heal|p1a: Blissey|661/661","|move|p2a: Suicune|Ice Beam|p1a: Blissey","|-damage|p1a: Blissey|522/661","|","|-weather|Sandstorm|[upkeep]","|-damage|p1a: Blissey|481/661|[from] Sandstorm","|-damage|p2a: Suicune|276/401 par|[from] Sandstorm","|-heal|p1a: Blissey|522/661|[from] item: Leftovers","|-heal|p2a: Suicune|301/401 par|[from] item: Leftovers","|upkeep","|turn|101","||adding 10 for new turn","|","|t:|1752923999","|move|p1a: Blissey|Soft-Boiled|p1a: Blissey","|-heal|p1a: Blissey|661/661","|move|p2a: Suicune|Ice Beam|p1a: Blissey","|-damage|p1a: Blissey|531/661","|","|-weather|Sandstorm|[upkeep]","|-damage|p1a: Blissey|490/661|[from] Sandstorm","|-damage|p2a: Suicune|276/401 par|[from] Sandstorm","|-heal|p1a: Blissey|531/661|[from] item: Leftovers","|-heal|p2a: Suicune|301/401 par|[from] item: Leftovers","|upkeep","|turn|102","||adding 10 for new turn","|","|t:|1752924000","|move|p1a: Blissey|Soft-Boiled|p1a: Blissey","|-heal|p1a: Blissey|661/661","|move|p2a: Suicune|Surf|p1a: Blissey","|-damage|p1a: Blissey|451/661","|","|-weather|Sandstorm|[upkeep]","|-damage|p1a: Blissey|410/661|[from] Sandstorm","|-damage|p2a: Suicune|276/401 par|[from] Sandstorm","|-heal|p1a: Blissey|451/661|[from] item: Leftovers","|-heal|p2a: Suicune|301/401 par|[from] item: Leftovers","|upkeep","|turn|103","||adding 10 for new turn","|","|t:|1752924001","|move|p1a: Blissey|Soft-Boiled|p1a: Blissey","|-heal|p1a: Blissey|661/661","|move|p2a: Suicune|Calm Mind|p2a: Suicune","|-boost|p2a: Suicune|spa|1","|-boost|p2a: Suicune|spd|1","|","|-weather|Sandstorm|[upkeep]","|-damage|p1a: Blissey|620/661|[from] Sandstorm","|-damage|p2a: Suicune|276/401 par|[from] Sandstorm","|-heal|p1a: Blissey|661/661|[from] item: Leftovers","|-heal|p2a: Suicune|301/401 par|[from] item: Leftovers","|upkeep","|turn|104","||adding 10 for new turn","|","|t:|1752924002","|switch|p1a: Milotic|Milotic, M|393/393","|move|p2a: Suicune|Surf|p1a: Milotic","|-resisted|p1a: Milotic","|-damage|p1a: Milotic|266/393","|","|-weather|Sandstorm|[upkeep]","|-damage|p1a: Milotic|242/393|[from] Sandstorm","|-damage|p2a: Suicune|276/401 par|[from] Sandstorm","|-heal|p1a: Milotic|266/393|[from] item: Leftovers","|-heal|p2a: Suicune|301/401 par|[from] item: Leftovers","|upkeep","|turn|105","||adding 10 for new turn","|","|t:|1752924003","|move|p1a: Milotic|Recover|p1a: Milotic","|-heal|p1a: Milotic|393/393","|cant|p2a: Suicune|par","|","|-weather|Sandstorm|[upkeep]","|-damage|p1a: Milotic|369/393|[from] Sandstorm","|-damage|p2a: Suicune|276/401 par|[from] Sandstorm","|-heal|p1a: Milotic|393/393|[from] item: Leftovers","|-heal|p2a: Suicune|301/401 par|[from] item: Leftovers","|upkeep","|turn|106","||adding 10 for new turn","|","|t:|1752924004","|move|p1a: Milotic|Surf|p2a: Suicune","|-resisted|p2a: Suicune","|-damage|p2a: Suicune|285/401 par","|cant|p2a: Suicune|par","|","|-weather|Sandstorm|[upkeep]","|-damage|p1a: Milotic|369/393|[from] Sandstorm","|-damage|p2a: Suicune|260/401 par|[from] Sandstorm","|-heal|p1a: Milotic|393/393|[from] item: Leftovers","|-heal|p2a: Suicune|285/401 par|[from] item: Leftovers","|upkeep","|turn|107","||adding 10 for new turn","|","|t:|1752924004","|move|p1a: Milotic|Surf|p2a: Suicune","|-resisted|p2a: Suicune","|-damage|p2a: Suicune|268/401 par","|cant|p2a: Suicune|par","|","|-weather|Sandstorm|[upkeep]","|-damage|p1a: Milotic|369/393|[from] Sandstorm","|-damage|p2a: Suicune|243/401 par|[from] Sandstorm","|-heal|p1a: Milotic|393/393|[from] item: Leftovers","|-heal|p2a: Suicune|268/401 par|[from] item: Leftovers","|upkeep","|turn|108","||adding 10 for new turn","|","|t:|1752924005","|move|p1a: Milotic|Surf|p2a: Suicune","|-resisted|p2a: Suicune","|-damage|p2a: Suicune|252/401 par","|move|p2a: Suicune|Surf|p1a: Milotic","|-resisted|p1a: Milotic","|-damage|p1a: Milotic|277/393","|","|-weather|Sandstorm|[upkeep]","|-damage|p1a: Milotic|253/393|[from] Sandstorm","|-damage|p2a: Suicune|227/401 par|[from] Sandstorm","|-heal|p1a: Milotic|277/393|[from] item: Leftovers","|-heal|p2a: Suicune|252/401 par|[from] item: Leftovers","|upkeep","|turn|109","||adding 10 for new turn","|","|t:|1752924006","|move|p1a: Milotic|Recover|p1a: Milotic","|-heal|p1a: Milotic|393/393","|move|p2a: Suicune|Surf|p1a: Milotic","|-resisted|p1a: Milotic","|-damage|p1a: Milotic|257/393","|","|-weather|Sandstorm|[upkeep]","|-damage|p1a: Milotic|233/393|[from] Sandstorm","|-damage|p2a: Suicune|227/401 par|[from] Sandstorm","|-heal|p1a: Milotic|257/393|[from] item: Leftovers","|-heal|p2a: Suicune|252/401 par|[from] item: Leftovers","|upkeep","|turn|110","||adding 10 for new turn","|","|t:|1752924007","|move|p1a: Milotic|Recover|p1a: Milotic","|-heal|p1a: Milotic|393/393","|move|p2a: Suicune|Surf|p1a: Milotic","|-resisted|p1a: Milotic","|-damage|p1a: Milotic|274/393","|","|-weather|Sandstorm|[upkeep]","|-damage|p1a: Milotic|250/393|[from] Sandstorm","|-damage|p2a: Suicune|227/401 par|[from] Sandstorm","|-heal|p1a: Milotic|274/393|[from] item: Leftovers","|-heal|p2a: Suicune|252/401 par|[from] item: Leftovers","|upkeep","|turn|111","||adding 10 for new turn","|","|t:|1752924008","|move|p1a: Milotic|Recover|p1a: Milotic","|-heal|p1a: Milotic|393/393","|move|p2a: Suicune|Surf|p1a: Milotic","|-resisted|p1a: Milotic","|-damage|p1a: Milotic|257/393","|","|-weather|Sandstorm|[upkeep]","|-damage|p1a: Milotic|233/393|[from] Sandstorm","|-damage|p2a: Suicune|227/401 par|[from] Sandstorm","|-heal|p1a: Milotic|257/393|[from] item: Leftovers","|-heal|p2a: Suicune|252/401 par|[from] item: Leftovers","|upkeep","|turn|112","||adding 10 for new turn","|","|t:|1752924009","|move|p1a: Milotic|Recover|p1a: Milotic","|-heal|p1a: Milotic|393/393","|move|p2a: Suicune|Surf|p1a: Milotic","|-resisted|p1a: Milotic","|-damage|p1a: Milotic|263/393","|","|-weather|Sandstorm|[upkeep]","|-damage|p1a: Milotic|239/393|[from] Sandstorm","|-damage|p2a: Suicune|227/401 par|[from] Sandstorm","|-heal|p1a: Milotic|263/393|[from] item: Leftovers","|-heal|p2a: Suicune|252/401 par|[from] item: Leftovers","|upkeep","|turn|113","||adding 10 for new turn","|","|t:|1752924010","|move|p1a: Milotic|Recover|p1a: Milotic","|-heal|p1a: Milotic|393/393","|cant|p2a: Suicune|par","|","|-weather|Sandstorm|[upkeep]","|-damage|p1a: Milotic|369/393|[from] Sandstorm","|-damage|p2a: Suicune|227/401 par|[from] Sandstorm","|-heal|p1a: Milotic|393/393|[from] item: Leftovers","|-heal|p2a: Suicune|252/401 par|[from] item: Leftovers","|upkeep","|turn|114","||adding 10 for new turn","|","|t:|1752924011","|move|p1a: Milotic|Surf|p2a: Suicune","|-resisted|p2a: Suicune","|-damage|p2a: Suicune|237/401 par","|move|p2a: Suicune|Ice Beam|p1a: Milotic","|-resisted|p1a: Milotic","|-damage|p1a: Milotic|303/393","|","|-weather|Sandstorm|[upkeep]","|-damage|p1a: Milotic|279/393|[from] Sandstorm","|-damage|p2a: Suicune|212/401 par|[from] Sandstorm","|-heal|p1a: Milotic|303/393|[from] item: Leftovers","|-heal|p2a: Suicune|237/401 par|[from] item: Leftovers","|upkeep","|turn|115","||adding 10 for new turn","|","|t:|1752924012","|move|p1a: Milotic|Recover|p1a: Milotic","|-heal|p1a: Milotic|393/393","|move|p2a: Suicune|Ice Beam|p1a: Milotic","|-resisted|p1a: Milotic","|-damage|p1a: Milotic|309/393","|","|-weather|Sandstorm|[upkeep]","|-damage|p1a: Milotic|285/393|[from] Sandstorm","|-damage|p2a: Suicune|212/401 par|[from] Sandstorm","|-heal|p1a: Milotic|309/393|[from] item: Leftovers","|-heal|p2a: Suicune|237/401 par|[from] item: Leftovers","|upkeep","|turn|116","||adding 10 for new turn","|","|t:|1752924013","|move|p1a: Milotic|Recover|p1a: Milotic","|-heal|p1a: Milotic|393/393","|move|p2a: Suicune|Ice Beam|p1a: Milotic","|-resisted|p1a: Milotic","|-damage|p1a: Milotic|312/393","|","|-weather|Sandstorm|[upkeep]","|-damage|p1a: Milotic|288/393|[from] Sandstorm","|-damage|p2a: Suicune|212/401 par|[from] Sandstorm","|-heal|p1a: Milotic|312/393|[from] item: Leftovers","|-heal|p2a: Suicune|237/401 par|[from] item: Leftovers","|upkeep","|turn|117","||adding 10 for new turn","|","|t:|1752924014","|move|p1a: Milotic|Recover|p1a: Milotic","|-heal|p1a: Milotic|393/393","|cant|p2a: Suicune|par","|","|-weather|Sandstorm|[upkeep]","|-damage|p1a: Milotic|369/393|[from] Sandstorm","|-damage|p2a: Suicune|212/401 par|[from] Sandstorm","|-heal|p1a: Milotic|393/393|[from] item: Leftovers","|-heal|p2a: Suicune|237/401 par|[from] item: Leftovers","|upkeep","|turn|118","||adding 10 for new turn","|","|t:|1752924015","|move|p1a: Milotic|Surf|p2a: Suicune","|-resisted|p2a: Suicune","|-damage|p2a: Suicune|220/401 par","|move|p2a: Suicune|Surf|p1a: Milotic","|-resisted|p1a: Milotic","|-damage|p1a: Milotic|268/393","|","|-weather|Sandstorm|[upkeep]","|-damage|p1a: Milotic|244/393|[from] Sandstorm","|-damage|p2a: Suicune|195/401 par|[from] Sandstorm","|-heal|p1a: Milotic|268/393|[from] item: Leftovers","|-heal|p2a: Suicune|220/401 par|[from] item: Leftovers","|upkeep","|turn|119","||adding 10 for new turn","|","|t:|1752924016","|move|p1a: Milotic|Recover|p1a: Milotic","|-heal|p1a: Milotic|393/393","|move|p2a: Suicune|Ice Beam|p1a: Milotic","|-resisted|p1a: Milotic","|-damage|p1a: Milotic|315/393","|","|-weather|Sandstorm|[upkeep]","|-damage|p1a: Milotic|291/393|[from] Sandstorm","|-damage|p2a: Suicune|195/401 par|[from] Sandstorm","|-heal|p1a: Milotic|315/393|[from] item: Leftovers","|-heal|p2a: Suicune|220/401 par|[from] item: Leftovers","|upkeep","|turn|120","||adding 10 for new turn","|","|t:|1752924017","|move|p1a: Milotic|Recover|p1a: Milotic","|-heal|p1a: Milotic|393/393","|cant|p2a: Suicune|par","|","|-weather|Sandstorm|[upkeep]","|-damage|p1a: Milotic|369/393|[from] Sandstorm","|-damage|p2a: Suicune|195/401 par|[from] Sandstorm","|-heal|p1a: Milotic|393/393|[from] item: Leftovers","|-heal|p2a: Suicune|220/401 par|[from] item: Leftovers","|upkeep","|turn|121","||adding 10 for new turn","|","|t:|1752924018","|switch|p1a: Blissey|Blissey, F|661/661","|move|p2a: Suicune|Ice Beam|p1a: Blissey","|-damage|p1a: Blissey|500/661","|","|-weather|Sandstorm|[upkeep]","|-damage|p1a: Blissey|459/661|[from] Sandstorm","|-damage|p2a: Suicune|195/401 par|[from] Sandstorm","|-heal|p1a: Blissey|500/661|[from] item: Leftovers","|-heal|p2a: Suicune|220/401 par|[from] item: Leftovers","|upkeep","|turn|122","||adding 10 for new turn","|","|t:|1752924018","|move|p1a: Blissey|Soft-Boiled|p1a: Blissey","|-heal|p1a: Blissey|661/661","|move|p2a: Suicune|Ice Beam|p1a: Blissey","|-damage|p1a: Blissey|510/661","|-status|p1a: Blissey|frz","|","|-weather|Sandstorm|[upkeep]","|-damage|p1a: Blissey|469/661 frz|[from] Sandstorm","|-damage|p2a: Suicune|195/401 par|[from] Sandstorm","|-heal|p1a: Blissey|510/661 frz|[from] item: Leftovers","|-heal|p2a: Suicune|220/401 par|[from] item: Leftovers","|upkeep","|turn|123","||adding 10 for new turn","|","|t:|1752924019","|-curestatus|p1a: Blissey|frz|[from] ability: Natural Cure","|switch|p1a: Milotic|Milotic, M|393/393","|move|p2a: Suicune|Ice Beam|p1a: Milotic","|-resisted|p1a: Milotic","|-damage|p1a: Milotic|304/393","|","|-weather|Sandstorm|[upkeep]","|-damage|p1a: Milotic|280/393|[from] Sandstorm","|-damage|p2a: Suicune|195/401 par|[from] Sandstorm","|-heal|p1a: Milotic|304/393|[from] item: Leftovers","|-heal|p2a: Suicune|220/401 par|[from] item: Leftovers","|upkeep","|turn|124","||adding 10 for new turn","|","|t:|1752924020","|move|p1a: Milotic|Recover|p1a: Milotic","|-heal|p1a: Milotic|393/393","|move|p2a: Suicune|Ice Beam|p1a: Milotic","|-resisted|p1a: Milotic","|-damage|p1a: Milotic|316/393","|","|-weather|Sandstorm|[upkeep]","|-damage|p1a: Milotic|292/393|[from] Sandstorm","|-damage|p2a: Suicune|195/401 par|[from] Sandstorm","|-heal|p1a: Milotic|316/393|[from] item: Leftovers","|-heal|p2a: Suicune|220/401 par|[from] item: Leftovers","|upkeep","|turn|125","||adding 10 for new turn","|","|t:|1752924021","|move|p1a: Milotic|Recover|p1a: Milotic","|-heal|p1a: Milotic|393/393","|move|p2a: Suicune|Ice Beam|p1a: Milotic","|-resisted|p1a: Milotic","|-damage|p1a: Milotic|305/393","|","|-weather|Sandstorm|[upkeep]","|-damage|p1a: Milotic|281/393|[from] Sandstorm","|-damage|p2a: Suicune|195/401 par|[from] Sandstorm","|-heal|p1a: Milotic|305/393|[from] item: Leftovers","|-heal|p2a: Suicune|220/401 par|[from] item: Leftovers","|upkeep","|turn|126","||adding 10 for new turn","|","|t:|1752924022","|move|p1a: Milotic|Recover|p1a: Milotic","|-heal|p1a: Milotic|393/393","|cant|p2a: Suicune|par","|","|-weather|Sandstorm|[upkeep]","|-damage|p1a: Milotic|369/393|[from] Sandstorm","|-damage|p2a: Suicune|195/401 par|[from] Sandstorm","|-heal|p1a: Milotic|393/393|[from] item: Leftovers","|-heal|p2a: Suicune|220/401 par|[from] item: Leftovers","|upkeep","|turn|127","||adding 10 for new turn","|","|t:|1752924023","|switch|p1a: Blissey|Blissey, F|510/661","|move|p2a: Suicune|Ice Beam|p1a: Blissey","|-damage|p1a: Blissey|357/661","|","|-weather|Sandstorm|[upkeep]","|-damage|p1a: Blissey|316/661|[from] Sandstorm","|-damage|p2a: Suicune|195/401 par|[from] Sandstorm","|-heal|p1a: Blissey|357/661|[from] item: Leftovers","|-heal|p2a: Suicune|220/401 par|[from] item: Leftovers","|upkeep","|turn|128","||adding 10 for new turn","|","|t:|1752924024","|move|p1a: Blissey|Soft-Boiled|p1a: Blissey","|-heal|p1a: Blissey|661/661","|move|p2a: Suicune|Ice Beam|p1a: Blissey","|-damage|p1a: Blissey|495/661","|","|-weather|Sandstorm|[upkeep]","|-damage|p1a: Blissey|454/661|[from] Sandstorm","|-damage|p2a: Suicune|195/401 par|[from] Sandstorm","|-heal|p1a: Blissey|495/661|[from] item: Leftovers","|-heal|p2a: Suicune|220/401 par|[from] item: Leftovers","|upkeep","|turn|129","||adding 10 for new turn","|","|t:|1752924025","|move|p1a: Blissey|Soft-Boiled|p1a: Blissey","|-heal|p1a: Blissey|661/661","|move|p2a: Suicune|Calm Mind|p2a: Suicune","|-boost|p2a: Suicune|spa|1","|-boost|p2a: Suicune|spd|1","|","|-weather|Sandstorm|[upkeep]","|-damage|p1a: Blissey|620/661|[from] Sandstorm","|-damage|p2a: Suicune|195/401 par|[from] Sandstorm","|-heal|p1a: Blissey|661/661|[from] item: Leftovers","|-heal|p2a: Suicune|220/401 par|[from] item: Leftovers","|upkeep","|turn|130","||adding 10 for new turn","|","|t:|1752924025","|switch|p1a: Milotic|Milotic, M|393/393","|move|p2a: Suicune|Calm Mind|p2a: Suicune","|-boost|p2a: Suicune|spa|1","|-boost|p2a: Suicune|spd|1","|","|-weather|Sandstorm|[upkeep]","|-damage|p1a: Milotic|369/393|[from] Sandstorm","|-damage|p2a: Suicune|195/401 par|[from] Sandstorm","|-heal|p1a: Milotic|393/393|[from] item: Leftovers","|-heal|p2a: Suicune|220/401 par|[from] item: Leftovers","|upkeep","|turn|131","||adding 10 for new turn","|","|t:|1752924026","|switch|p1a: Blissey|Blissey, F|661/661","|cant|p2a: Suicune|par","|","|-weather|Sandstorm|[upkeep]","|-damage|p1a: Blissey|620/661|[from] Sandstorm","|-damage|p2a: Suicune|195/401 par|[from] Sandstorm","|-heal|p1a: Blissey|661/661|[from] item: Leftovers","|-heal|p2a: Suicune|220/401 par|[from] item: Leftovers","|upkeep","|turn|132","||adding 10 for new turn","|","|t:|1752924027","|move|p1a: Blissey|Thunder Wave|p2a: Suicune","|-fail|p2a: Suicune|par","|move|p2a: Suicune|Surf|p1a: Blissey","|-damage|p1a: Blissey|349/661","|","|-weather|Sandstorm|[upkeep]","|-damage|p1a: Blissey|308/661|[from] Sandstorm","|-damage|p2a: Suicune|195/401 par|[from] Sandstorm","|-heal|p1a: Blissey|349/661|[from] item: Leftovers","|-heal|p2a: Suicune|220/401 par|[from] item: Leftovers","|upkeep","|turn|133","||adding 10 for new turn","|","|t:|1752924028","|move|p1a: Blissey|Soft-Boiled|p1a: Blissey","|-heal|p1a: Blissey|661/661","|cant|p2a: Suicune|par","|","|-weather|Sandstorm|[upkeep]","|-damage|p1a: Blissey|620/661|[from] Sandstorm","|-damage|p2a: Suicune|195/401 par|[from] Sandstorm","|-heal|p1a: Blissey|661/661|[from] item: Leftovers","|-heal|p2a: Suicune|220/401 par|[from] item: Leftovers","|upkeep","|turn|134","||adding 10 for new turn","|","|t:|1752924029","|move|p1a: Blissey|Thunder Wave|p2a: Suicune","|-fail|p2a: Suicune|par","|cant|p2a: Suicune|par","|","|-weather|Sandstorm|[upkeep]","|-damage|p1a: Blissey|620/661|[from] Sandstorm","|-damage|p2a: Suicune|195/401 par|[from] Sandstorm","|-heal|p1a: Blissey|661/661|[from] item: Leftovers","|-heal|p2a: Suicune|220/401 par|[from] item: Leftovers","|upkeep","|turn|135","||adding 10 for new turn","|","|t:|1752924029","|move|p1a: Blissey|Thunder Wave|p2a: Suicune","|-fail|p2a: Suicune|par","|move|p2a: Suicune|Rest|p2a: Suicune","|-status|p2a: Suicune|slp|[from] move: Rest","|-heal|p2a: Suicune|401/401 slp|[silent]","|","|-weather|Sandstorm|[upkeep]","|-damage|p2a: Suicune|376/401 slp|[from] Sandstorm","|-damage|p1a: Blissey|620/661|[from] Sandstorm","|-heal|p2a: Suicune|401/401 slp|[from] item: Leftovers","|-heal|p1a: Blissey|661/661|[from] item: Leftovers","|upkeep","|turn|136","||adding 10 for new turn","|","|t:|1752924030","|cant|p2a: Suicune|slp","|move|p1a: Blissey|Thunder Wave||[still]","|-fail|p1a: Blissey","|","|-weather|Sandstorm|[upkeep]","|-damage|p2a: Suicune|376/401 slp|[from] Sandstorm","|-damage|p1a: Blissey|620/661|[from] Sandstorm","|-heal|p2a: Suicune|401/401 slp|[from] item: Leftovers","|-heal|p1a: Blissey|661/661|[from] item: Leftovers","|upkeep","|turn|137","||adding 10 for new turn","|","|t:|1752924031","|cant|p2a: Suicune|slp","|move|p1a: Blissey|Thunder Wave||[still]","|-fail|p1a: Blissey","|","|-weather|Sandstorm|[upkeep]","|-damage|p2a: Suicune|376/401 slp|[from] Sandstorm","|-damage|p1a: Blissey|620/661|[from] Sandstorm","|-heal|p2a: Suicune|401/401 slp|[from] item: Leftovers","|-heal|p1a: Blissey|661/661|[from] item: Leftovers","|upkeep","|turn|138","||adding 10 for new turn","|","|t:|1752924032","|-curestatus|p2a: Suicune|slp|[msg]","|move|p2a: Suicune|Calm Mind|p2a: Suicune","|-boost|p2a: Suicune|spa|0","|-boost|p2a: Suicune|spd|0","|move|p1a: Blissey|Thunder Wave|p2a: Suicune","|-status|p2a: Suicune|par","|","|-weather|Sandstorm|[upkeep]","|-damage|p1a: Blissey|620/661|[from] Sandstorm","|-damage|p2a: Suicune|376/401 par|[from] Sandstorm","|-heal|p1a: Blissey|661/661|[from] item: Leftovers","|-heal|p2a: Suicune|401/401 par|[from] item: Leftovers","|upkeep","|turn|139","||adding 10 for new turn","|","|t:|1752924032","|move|p1a: Blissey|Thunder Wave|p2a: Suicune","|-fail|p2a: Suicune|par","|move|p2a: Suicune|Calm Mind|p2a: Suicune","|-boost|p2a: Suicune|spa|0","|-boost|p2a: Suicune|spd|0","|","|-weather|Sandstorm|[upkeep]","|-damage|p1a: Blissey|620/661|[from] Sandstorm","|-damage|p2a: Suicune|376/401 par|[from] Sandstorm","|-heal|p1a: Blissey|661/661|[from] item: Leftovers","|-heal|p2a: Suicune|401/401 par|[from] item: Leftovers","|upkeep","|turn|140","||adding 10 for new turn","|","|t:|1752924033","|move|p1a: Blissey|Thunder Wave|p2a: Suicune","|-fail|p2a: Suicune|par","|move|p2a: Suicune|Calm Mind|p2a: Suicune","|-boost|p2a: Suicune|spa|0","|-boost|p2a: Suicune|spd|0","|","|-weather|Sandstorm|[upkeep]","|-damage|p1a: Blissey|620/661|[from] Sandstorm","|-damage|p2a: Suicune|376/401 par|[from] Sandstorm","|-heal|p1a: Blissey|661/661|[from] item: Leftovers","|-heal|p2a: Suicune|401/401 par|[from] item: Leftovers","|upkeep","|turn|141","||adding 10 for new turn","|","|t:|1752924034","|move|p1a: Blissey|Thunder Wave|p2a: Suicune","|-fail|p2a: Suicune|par","|move|p2a: Suicune|Calm Mind|p2a: Suicune","|-boost|p2a: Suicune|spa|0","|-boost|p2a: Suicune|spd|0","|","|-weather|Sandstorm|[upkeep]","|-damage|p1a: Blissey|620/661|[from] Sandstorm","|-damage|p2a: Suicune|376/401 par|[from] Sandstorm","|-heal|p1a: Blissey|661/661|[from] item: Leftovers","|-heal|p2a: Suicune|401/401 par|[from] item: Leftovers","|upkeep","|turn|142","||adding 10 for new turn","|","|t:|1752924035","|move|p1a: Blissey|Thunder Wave|p2a: Suicune","|-fail|p2a: Suicune|par","|move|p2a: Suicune|Calm Mind|p2a: Suicune","|-boost|p2a: Suicune|spa|0","|-boost|p2a: Suicune|spd|0","|","|-weather|Sandstorm|[upkeep]","|-damage|p1a: Blissey|620/661|[from] Sandstorm","|-damage|p2a: Suicune|376/401 par|[from] Sandstorm","|-heal|p1a: Blissey|661/661|[from] item: Leftovers","|-heal|p2a: Suicune|401/401 par|[from] item: Leftovers","|upkeep","|turn|143","||adding 10 for new turn","|","|t:|1752924035","|switch|p1a: Milotic|Milotic, M|393/393","|move|p2a: Suicune|Calm Mind|p2a: Suicune","|-boost|p2a: Suicune|spa|0","|-boost|p2a: Suicune|spd|0","|","|-weather|Sandstorm|[upkeep]","|-damage|p1a: Milotic|369/393|[from] Sandstorm","|-damage|p2a: Suicune|376/401 par|[from] Sandstorm","|-heal|p1a: Milotic|393/393|[from] item: Leftovers","|-heal|p2a: Suicune|401/401 par|[from] item: Leftovers","|upkeep","|turn|144","||adding 10 for new turn","|","|t:|1752924036","|switch|p1a: Blissey|Blissey, F|661/661","|move|p2a: Suicune|Calm Mind|p2a: Suicune","|-boost|p2a: Suicune|spa|0","|-boost|p2a: Suicune|spd|0","|","|-weather|Sandstorm|[upkeep]","|-damage|p1a: Blissey|620/661|[from] Sandstorm","|-damage|p2a: Suicune|376/401 par|[from] Sandstorm","|-heal|p1a: Blissey|661/661|[from] item: Leftovers","|-heal|p2a: Suicune|401/401 par|[from] item: Leftovers","|upkeep","|turn|145","||adding 10 for new turn","|","|t:|1752924037","|switch|p1a: Milotic|Milotic, M|393/393","|move|p2a: Suicune|Calm Mind|p2a: Suicune","|-boost|p2a: Suicune|spa|0","|-boost|p2a: Suicune|spd|0","|","|-weather|Sandstorm|[upkeep]","|-damage|p1a: Milotic|369/393|[from] Sandstorm","|-damage|p2a: Suicune|376/401 par|[from] Sandstorm","|-heal|p1a: Milotic|393/393|[from] item: Leftovers","|-heal|p2a: Suicune|401/401 par|[from] item: Leftovers","|upkeep","|turn|146","||adding 10 for new turn","|","|t:|1752924038","|switch|p1a: Blissey|Blissey, F|661/661","|move|p2a: Suicune|Calm Mind|p2a: Suicune","|-boost|p2a: Suicune|spa|0","|-boost|p2a: Suicune|spd|0","|","|-weather|Sandstorm|[upkeep]","|-damage|p1a: Blissey|620/661|[from] Sandstorm","|-damage|p2a: Suicune|376/401 par|[from] Sandstorm","|-heal|p1a: Blissey|661/661|[from] item: Leftovers","|-heal|p2a: Suicune|401/401 par|[from] item: Leftovers","|upkeep","|turn|147","||adding 10 for new turn","|","|t:|1752924039","|switch|p1a: Milotic|Milotic, M|393/393","|move|p2a: Suicune|Calm Mind|p2a: Suicune","|-boost|p2a: Suicune|spa|0","|-boost|p2a: Suicune|spd|0","|","|-weather|Sandstorm|[upkeep]","|-damage|p1a: Milotic|369/393|[from] Sandstorm","|-damage|p2a: Suicune|376/401 par|[from] Sandstorm","|-heal|p1a: Milotic|393/393|[from] item: Leftovers","|-heal|p2a: Suicune|401/401 par|[from] item: Leftovers","|upkeep","|turn|148","||adding 10 for new turn","|","|t:|1752924039","|switch|p1a: Blissey|Blissey, F|661/661","|move|p2a: Suicune|Calm Mind|p2a: Suicune","|-boost|p2a: Suicune|spa|0","|-boost|p2a: Suicune|spd|0","|","|-weather|Sandstorm|[upkeep]","|-damage|p1a: Blissey|620/661|[from] Sandstorm","|-damage|p2a: Suicune|376/401 par|[from] Sandstorm","|-heal|p1a: Blissey|661/661|[from] item: Leftovers","|-heal|p2a: Suicune|401/401 par|[from] item: Leftovers","|upkeep","|turn|149","||adding 10 for new turn","|","|t:|1752924040","|switch|p1a: Milotic|Milotic, M|393/393","|move|p2a: Suicune|Calm Mind|p2a: Suicune","|-boost|p2a: Suicune|spa|0","|-boost|p2a: Suicune|spd|0","|","|-weather|Sandstorm|[upkeep]","|-damage|p1a: Milotic|369/393|[from] Sandstorm","|-damage|p2a: Suicune|376/401 par|[from] Sandstorm","|-heal|p1a: Milotic|393/393|[from] item: Leftovers","|-heal|p2a: Suicune|401/401 par|[from] item: Leftovers","|upkeep","|turn|150","||adding 10 for new turn","|","|t:|1752924041","|switch|p1a: Blissey|Blissey, F|661/661","|cant|p2a: Suicune|par","|","|-weather|Sandstorm|[upkeep]","|-damage|p1a: Blissey|620/661|[from] Sandstorm","|-damage|p2a: Suicune|376/401 par|[from] Sandstorm","|-heal|p1a: Blissey|661/661|[from] item: Leftovers","|-heal|p2a: Suicune|401/401 par|[from] item: Leftovers","|upkeep","|turn|151","||adding 10 for new turn","|","|t:|1752924042","|switch|p1a: Milotic|Milotic, M|393/393","|move|p2a: Suicune|Calm Mind|p2a: Suicune","|-boost|p2a: Suicune|spa|0","|-boost|p2a: Suicune|spd|0","|","|-weather|Sandstorm|[upkeep]","|-damage|p1a: Milotic|369/393|[from] Sandstorm","|-damage|p2a: Suicune|376/401 par|[from] Sandstorm","|-heal|p1a: Milotic|393/393|[from] item: Leftovers","|-heal|p2a: Suicune|401/401 par|[from] item: Leftovers","|upkeep","|turn|152","||adding 10 for new turn","|","|t:|1752924043","|switch|p1a: Blissey|Blissey, F|661/661","|move|p2a: Suicune|Calm Mind|p2a: Suicune","|-boost|p2a: Suicune|spa|0","|-boost|p2a: Suicune|spd|0","|","|-weather|Sandstorm|[upkeep]","|-damage|p1a: Blissey|620/661|[from] Sandstorm","|-damage|p2a: Suicune|376/401 par|[from] Sandstorm","|-heal|p1a: Blissey|661/661|[from] item: Leftovers","|-heal|p2a: Suicune|401/401 par|[from] item: Leftovers","|upkeep","|turn|153","||adding 10 for new turn","|","|t:|1752924043","|switch|p1a: Milotic|Milotic, M|393/393","|move|p2a: Suicune|Calm Mind|p2a: Suicune","|-boost|p2a: Suicune|spa|0","|-boost|p2a: Suicune|spd|0","|","|-weather|Sandstorm|[upkeep]","|-damage|p1a: Milotic|369/393|[from] Sandstorm","|-damage|p2a: Suicune|376/401 par|[from] Sandstorm","|-heal|p1a: Milotic|393/393|[from] item: Leftovers","|-heal|p2a: Suicune|401/401 par|[from] item: Leftovers","|upkeep","|turn|154","||adding 10 for new turn","|","|t:|1752924044","|move|p1a: Milotic|Toxic||[still]","|-fail|p1a: Milotic","|move|p2a: Suicune|Calm Mind|p2a: Suicune","|-boost|p2a: Suicune|spa|0","|-boost|p2a: Suicune|spd|0","|","|-weather|Sandstorm|[upkeep]","|-damage|p1a: Milotic|369/393|[from] Sandstorm","|-damage|p2a: Suicune|376/401 par|[from] Sandstorm","|-heal|p1a: Milotic|393/393|[from] item: Leftovers","|-heal|p2a: Suicune|401/401 par|[from] item: Leftovers","|upkeep","|turn|155","||adding 10 for new turn","|","|t:|1752924045","|move|p1a: Milotic|Toxic||[still]","|-fail|p1a: Milotic","|cant|p2a: Suicune|par","|","|-weather|Sandstorm|[upkeep]","|-damage|p1a: Milotic|369/393|[from] Sandstorm","|-damage|p2a: Suicune|376/401 par|[from] Sandstorm","|-heal|p1a: Milotic|393/393|[from] item: Leftovers","|-heal|p2a: Suicune|401/401 par|[from] item: Leftovers","|upkeep","|turn|156","||adding 10 for new turn","|","|t:|1752924046","|move|p1a: Milotic|Toxic||[still]","|-fail|p1a: Milotic","|move|p2a: Suicune|Calm Mind|p2a: Suicune","|-boost|p2a: Suicune|spa|0","|-boost|p2a: Suicune|spd|0","|","|-weather|Sandstorm|[upkeep]","|-damage|p1a: Milotic|369/393|[from] Sandstorm","|-damage|p2a: Suicune|376/401 par|[from] Sandstorm","|-heal|p1a: Milotic|393/393|[from] item: Leftovers","|-heal|p2a: Suicune|401/401 par|[from] item: Leftovers","|upkeep","|turn|157","||adding 10 for new turn","|","|t:|1752924046","|move|p1a: Milotic|Recover||[still]","|-fail|p1a: Milotic|heal","|move|p2a: Suicune|Calm Mind|p2a: Suicune","|-boost|p2a: Suicune|spa|0","|-boost|p2a: Suicune|spd|0","|","|-weather|Sandstorm|[upkeep]","|-damage|p1a: Milotic|369/393|[from] Sandstorm","|-damage|p2a: Suicune|376/401 par|[from] Sandstorm","|-heal|p1a: Milotic|393/393|[from] item: Leftovers","|-heal|p2a: Suicune|401/401 par|[from] item: Leftovers","|upkeep","|turn|158","||adding 10 for new turn","|","|t:|1752924047","|move|p1a: Milotic|Toxic||[still]","|-fail|p1a: Milotic","|move|p2a: Suicune|Calm Mind|p2a: Suicune","|-boost|p2a: Suicune|spa|0","|-boost|p2a: Suicune|spd|0","|","|-weather|Sandstorm|[upkeep]","|-damage|p1a: Milotic|369/393|[from] Sandstorm","|-damage|p2a: Suicune|376/401 par|[from] Sandstorm","|-heal|p1a: Milotic|393/393|[from] item: Leftovers","|-heal|p2a: Suicune|401/401 par|[from] item: Leftovers","|upkeep","|turn|159","||adding 10 for new turn","|","|t:|1752924048","|switch|p1a: Blissey|Blissey, F|661/661","|cant|p2a: Suicune|par","|","|-weather|Sandstorm|[upkeep]","|-damage|p1a: Blissey|620/661|[from] Sandstorm","|-damage|p2a: Suicune|376/401 par|[from] Sandstorm","|-heal|p1a: Blissey|661/661|[from] item: Leftovers","|-heal|p2a: Suicune|401/401 par|[from] item: Leftovers","|upkeep","|turn|160","||adding 10 for new turn","|","|t:|1752924049","|switch|p1a: Milotic|Milotic, M|393/393","|move|p2a: Suicune|Calm Mind|p2a: Suicune","|-boost|p2a: Suicune|spa|0","|-boost|p2a: Suicune|spd|0","|","|-weather|Sandstorm|[upkeep]","|-damage|p1a: Milotic|369/393|[from] Sandstorm","|-damage|p2a: Suicune|376/401 par|[from] Sandstorm","|-heal|p1a: Milotic|393/393|[from] item: Leftovers","|-heal|p2a: Suicune|401/401 par|[from] item: Leftovers","|upkeep","|turn|161","||adding 10 for new turn","|","|t:|1752924049","|switch|p1a: Blissey|Blissey, F|661/661","|move|p2a: Suicune|Calm Mind|p2a: Suicune","|-boost|p2a: Suicune|spa|0","|-boost|p2a: Suicune|spd|0","|","|-weather|Sandstorm|[upkeep]","|-damage|p1a: Blissey|620/661|[from] Sandstorm","|-damage|p2a: Suicune|376/401 par|[from] Sandstorm","|-heal|p1a: Blissey|661/661|[from] item: Leftovers","|-heal|p2a: Suicune|401/401 par|[from] item: Leftovers","|upkeep","|turn|162","||adding 10 for new turn","|","|t:|1752924050","|switch|p1a: Milotic|Milotic, M|393/393","|move|p2a: Suicune|Calm Mind|p2a: Suicune","|-boost|p2a: Suicune|spa|0","|-boost|p2a: Suicune|spd|0","|","|-weather|Sandstorm|[upkeep]","|-damage|p1a: Milotic|369/393|[from] Sandstorm","|-damage|p2a: Suicune|376/401 par|[from] Sandstorm","|-heal|p1a: Milotic|393/393|[from] item: Leftovers","|-heal|p2a: Suicune|401/401 par|[from] item: Leftovers","|upkeep","|turn|163","||adding 10 for new turn","|","|t:|1752924051","|switch|p1a: Blissey|Blissey, F|661/661","|move|p2a: Suicune|Rest|p2a: Suicune","|-fail|p2a: Suicune|heal","|","|-weather|Sandstorm|[upkeep]","|-damage|p1a: Blissey|620/661|[from] Sandstorm","|-damage|p2a: Suicune|376/401 par|[from] Sandstorm","|-heal|p1a: Blissey|661/661|[from] item: Leftovers","|-heal|p2a: Suicune|401/401 par|[from] item: Leftovers","|upkeep","|turn|164","||adding 10 for new turn","|","|t:|1752924052","|switch|p1a: Milotic|Milotic, M|393/393","|move|p2a: Suicune|Rest|p2a: Suicune","|-fail|p2a: Suicune|heal","|","|-weather|Sandstorm|[upkeep]","|-damage|p1a: Milotic|369/393|[from] Sandstorm","|-damage|p2a: Suicune|376/401 par|[from] Sandstorm","|-heal|p1a: Milotic|393/393|[from] item: Leftovers","|-heal|p2a: Suicune|401/401 par|[from] item: Leftovers","|upkeep","|turn|165","||adding 10 for new turn","|","|t:|1752924052","|switch|p1a: Blissey|Blissey, F|661/661","|move|p2a: Suicune|Rest|p2a: Suicune","|-fail|p2a: Suicune|heal","|","|-weather|Sandstorm|[upkeep]","|-damage|p1a: Blissey|620/661|[from] Sandstorm","|-damage|p2a: Suicune|376/401 par|[from] Sandstorm","|-heal|p1a: Blissey|661/661|[from] item: Leftovers","|-heal|p2a: Suicune|401/401 par|[from] item: Leftovers","|upkeep","|turn|166","||adding 10 for new turn","|","|t:|1752924053","|switch|p1a: Milotic|Milotic, M|393/393","|cant|p2a: Suicune|par","|","|-weather|Sandstorm|[upkeep]","|-damage|p1a: Milotic|369/393|[from] Sandstorm","|-damage|p2a: Suicune|376/401 par|[from] Sandstorm","|-heal|p1a: Milotic|393/393|[from] item: Leftovers","|-heal|p2a: Suicune|401/401 par|[from] item: Leftovers","|upkeep","|turn|167","||adding 10 for new turn","|","|t:|1752924054","|switch|p1a: Blissey|Blissey, F|661/661","|move|p2a: Suicune|Rest|p2a: Suicune","|-fail|p2a: Suicune|heal","|","|-weather|Sandstorm|[upkeep]","|-damage|p1a: Blissey|620/661|[from] Sandstorm","|-damage|p2a: Suicune|376/401 par|[from] Sandstorm","|-heal|p1a: Blissey|661/661|[from] item: Leftovers","|-heal|p2a: Suicune|401/401 par|[from] item: Leftovers","|upkeep","|turn|168","||adding 10 for new turn","|","|t:|1752924055","|switch|p1a: Milotic|Milotic, M|393/393","|move|p2a: Suicune|Rest|p2a: Suicune","|-fail|p2a: Suicune|heal","|","|-weather|Sandstorm|[upkeep]","|-damage|p1a: Milotic|369/393|[from] Sandstorm","|-damage|p2a: Suicune|376/401 par|[from] Sandstorm","|-heal|p1a: Milotic|393/393|[from] item: Leftovers","|-heal|p2a: Suicune|401/401 par|[from] item: Leftovers","|upkeep","|turn|169","||adding 10 for new turn","|","|t:|1752924055","|switch|p1a: Blissey|Blissey, F|661/661","|move|p2a: Suicune|Rest|p2a: Suicune","|-fail|p2a: Suicune|heal","|","|-weather|Sandstorm|[upkeep]","|-damage|p1a: Blissey|620/661|[from] Sandstorm","|-damage|p2a: Suicune|376/401 par|[from] Sandstorm","|-heal|p1a: Blissey|661/661|[from] item: Leftovers","|-heal|p2a: Suicune|401/401 par|[from] item: Leftovers","|upkeep","|turn|170","||adding 10 for new turn","|","|t:|1752924056","|switch|p1a: Milotic|Milotic, M|393/393","|cant|p2a: Suicune|par","|","|-weather|Sandstorm|[upkeep]","|-damage|p1a: Milotic|369/393|[from] Sandstorm","|-damage|p2a: Suicune|376/401 par|[from] Sandstorm","|-heal|p1a: Milotic|393/393|[from] item: Leftovers","|-heal|p2a: Suicune|401/401 par|[from] item: Leftovers","|upkeep","|turn|171","||adding 10 for new turn","|","|t:|1752924057","|switch|p1a: Blissey|Blissey, F|661/661","|move|p2a: Suicune|Rest|p2a: Suicune","|-fail|p2a: Suicune|heal","|","|-weather|Sandstorm|[upkeep]","|-damage|p1a: Blissey|620/661|[from] Sandstorm","|-damage|p2a: Suicune|376/401 par|[from] Sandstorm","|-heal|p1a: Blissey|661/661|[from] item: Leftovers","|-heal|p2a: Suicune|401/401 par|[from] item: Leftovers","|upkeep","|turn|172","||adding 10 for new turn","|","|t:|1752924058","|switch|p1a: Milotic|Milotic, M|393/393","|move|p2a: Suicune|Rest|p2a: Suicune","|-fail|p2a: Suicune|heal","|","|-weather|Sandstorm|[upkeep]","|-damage|p1a: Milotic|369/393|[from] Sandstorm","|-damage|p2a: Suicune|376/401 par|[from] Sandstorm","|-heal|p1a: Milotic|393/393|[from] item: Leftovers","|-heal|p2a: Suicune|401/401 par|[from] item: Leftovers","|upkeep","|turn|173","||adding 10 for new turn","|","|t:|1752924058","|switch|p1a: Blissey|Blissey, F|661/661","|move|p2a: Suicune|Ice Beam|p1a: Blissey","|-damage|p1a: Blissey|446/661","|","|-weather|Sandstorm|[upkeep]","|-damage|p1a: Blissey|405/661|[from] Sandstorm","|-damage|p2a: Suicune|376/401 par|[from] Sandstorm","|-heal|p1a: Blissey|446/661|[from] item: Leftovers","|-heal|p2a: Suicune|401/401 par|[from] item: Leftovers","|upkeep","|turn|174","||adding 10 for new turn","|","|t:|1752924059","|switch|p2a: Snorlax|Snorlax, F|406/497 slp","|move|p1a: Blissey|Soft-Boiled|p1a: Blissey","|-heal|p1a: Blissey|661/661","|","|-weather|Sandstorm|[upkeep]","|-damage|p1a: Blissey|620/661|[from] Sandstorm","|-damage|p2a: Snorlax|375/497 slp|[from] Sandstorm","|-heal|p1a: Blissey|661/661|[from] item: Leftovers","|-heal|p2a: Snorlax|406/497 slp|[from] item: Leftovers","|upkeep","|turn|175","||adding 10 for new turn","|","|t:|1752924060","|switch|p1a: Claydol|Claydol|241/317","|cant|p2a: Snorlax|slp","|","|-weather|Sandstorm|[upkeep]","|-damage|p2a: Snorlax|375/497 slp|[from] Sandstorm","|-heal|p1a: Claydol|260/317|[from] item: Leftovers","|-heal|p2a: Snorlax|406/497 slp|[from] item: Leftovers","|upkeep","|turn|176","||adding 10 for new turn","|","|t:|1752924061","|move|p1a: Claydol|Earthquake|p2a: Snorlax","|-damage|p2a: Snorlax|250/497 slp","|cant|p2a: Snorlax|slp","|","|-weather|Sandstorm|[upkeep]","|-damage|p2a: Snorlax|219/497 slp|[from] Sandstorm","|-heal|p1a: Claydol|279/317|[from] item: Leftovers","|-heal|p2a: Snorlax|250/497 slp|[from] item: Leftovers","|upkeep","|turn|177","||adding 10 for new turn","|","|t:|1752924062","|move|p1a: Claydol|Earthquake|p2a: Snorlax","|-crit|p2a: Snorlax","|-damage|p2a: Snorlax|0 fnt","|faint|p2a: Snorlax","||adding 5 to each for mid turn request","|","|t:|1752924063","|switch|p2a: Claydol|Claydol|324/324","|","|-weather|Sandstorm|[upkeep]","|-heal|p1a: Claydol|298/317|[from] item: Leftovers","|upkeep","|turn|178","||adding 10 for new turn","|","|t:|1752924064","|switch|p1a: Milotic|Milotic, M|393/393","|move|p2a: Claydol|Psychic|p1a: Milotic","|-damage|p1a: Milotic|325/393","|","|-weather|Sandstorm|[upkeep]","|-damage|p1a: Milotic|301/393|[from] Sandstorm","|-heal|p1a: Milotic|325/393|[from] item: Leftovers","|upkeep","|turn|179","||adding 10 for new turn","|","|t:|1752924064","|switch|p2a: Suicune|Suicune|401/401 par","|-ability|p2a: Suicune|Pressure|[silent]","|move|p1a: Milotic|Surf|p2a: Suicune","|-resisted|p2a: Suicune","|-damage|p2a: Suicune|356/401 par","|","|-weather|Sandstorm|[upkeep]","|-damage|p1a: Milotic|301/393|[from] Sandstorm","|-damage|p2a: Suicune|331/401 par|[from] Sandstorm","|-heal|p1a: Milotic|325/393|[from] item: Leftovers","|-heal|p2a: Suicune|356/401 par|[from] item: Leftovers","|upkeep","|turn|180","||adding 10 for new turn","|","|t:|1752924065","|move|p1a: Milotic|Recover|p1a: Milotic","|-heal|p1a: Milotic|393/393","|move|p2a: Suicune|Rest|p2a: Suicune","|-status|p2a: Suicune|slp|[from] move: Rest","|-heal|p2a: Suicune|401/401 slp|[silent]","|","|-weather|Sandstorm|[upkeep]","|-damage|p2a: Suicune|376/401 slp|[from] Sandstorm","|-damage|p1a: Milotic|369/393|[from] Sandstorm","|-heal|p2a: Suicune|401/401 slp|[from] item: Leftovers","|-heal|p1a: Milotic|393/393|[from] item: Leftovers","|upkeep","|turn|181","||adding 10 for new turn","|","|t:|1752924066","|cant|p2a: Suicune|slp","|move|p1a: Milotic|Surf|p2a: Suicune","|-resisted|p2a: Suicune","|-damage|p2a: Suicune|351/401 slp","|","|-weather|Sandstorm|[upkeep]","|-damage|p1a: Milotic|369/393|[from] Sandstorm","|-damage|p2a: Suicune|326/401 slp|[from] Sandstorm","|-heal|p1a: Milotic|393/393|[from] item: Leftovers","|-heal|p2a: Suicune|351/401 slp|[from] item: Leftovers","|upkeep","|turn|182","||adding 10 for new turn","|","|t:|1752924067","|cant|p2a: Suicune|slp","|move|p1a: Milotic|Surf|p2a: Suicune","|-resisted|p2a: Suicune","|-damage|p2a: Suicune|300/401 slp","|","|-weather|Sandstorm|[upkeep]","|-damage|p2a: Suicune|275/401 slp|[from] Sandstorm","|-damage|p1a: Milotic|369/393|[from] Sandstorm","|-heal|p2a: Suicune|300/401 slp|[from] item: Leftovers","|-heal|p1a: Milotic|393/393|[from] item: Leftovers","|upkeep","|turn|183","||adding 10 for new turn","|","|t:|1752924068","|switch|p2a: Claydol|Claydol|324/324","|move|p1a: Milotic|Surf|p2a: Claydol","|-supereffective|p2a: Claydol","|-damage|p2a: Claydol|140/324","|","|-weather|Sandstorm|[upkeep]","|-damage|p1a: Milotic|369/393|[from] Sandstorm","|-heal|p1a: Milotic|393/393|[from] item: Leftovers","|-heal|p2a: Claydol|160/324|[from] item: Leftovers","|upkeep","|turn|184","||adding 10 for new turn","|","|t:|1752924068","|switch|p2a: Suicune|Suicune|300/401 slp","|-ability|p2a: Suicune|Pressure|[silent]","|move|p1a: Milotic|Surf|p2a: Suicune","|-resisted|p2a: Suicune","|-damage|p2a: Suicune|251/401 slp","|","|-weather|Sandstorm|[upkeep]","|-damage|p2a: Suicune|226/401 slp|[from] Sandstorm","|-damage|p1a: Milotic|369/393|[from] Sandstorm","|-heal|p1a: Milotic|393/393|[from] item: Leftovers","|-heal|p2a: Suicune|251/401 slp|[from] item: Leftovers","|upkeep","|turn|185","||adding 10 for new turn","|","|t:|1752924069","|move|p1a: Milotic|Surf|p2a: Suicune","|-resisted|p2a: Suicune","|-crit|p2a: Suicune","|-damage|p2a: Suicune|147/401 slp","|-curestatus|p2a: Suicune|slp|[msg]","|move|p2a: Suicune|Calm Mind|p2a: Suicune","|-boost|p2a: Suicune|spa|1","|-boost|p2a: Suicune|spd|1","|","|-weather|Sandstorm|[upkeep]","|-damage|p1a: Milotic|369/393|[from] Sandstorm","|-damage|p2a: Suicune|122/401|[from] Sandstorm","|-heal|p1a: Milotic|393/393|[from] item: Leftovers","|-heal|p2a: Suicune|147/401|[from] item: Leftovers","|upkeep","|turn|186","||adding 10 for new turn","|","|t:|1752924070","|move|p2a: Suicune|Struggle|p1a: Milotic","|-damage|p1a: Milotic|374/393","|-damage|p2a: Suicune|143/401|[from] Recoil|[of] p1a: Milotic","|move|p1a: Milotic|Surf|p2a: Suicune","|-resisted|p2a: Suicune","|-damage|p2a: Suicune|110/401","|","|-weather|Sandstorm|[upkeep]","|-damage|p1a: Milotic|350/393|[from] Sandstorm","|-damage|p2a: Suicune|85/401|[from] Sandstorm","|-heal|p1a: Milotic|374/393|[from] item: Leftovers","|-heal|p2a: Suicune|110/401|[from] item: Leftovers","|upkeep","|turn|187","||adding 10 for new turn","|","|t:|1752924071","|switch|p2a: Claydol|Claydol|160/324","|move|p1a: Milotic|Surf|p2a: Claydol","|-supereffective|p2a: Claydol","|-damage|p2a: Claydol|0 fnt","|faint|p2a: Claydol","||adding 5 to each for mid turn request","|","|t:|1752924071","|switch|p2a: Suicune|Suicune|110/401","|-ability|p2a: Suicune|Pressure|[silent]","|","|-weather|Sandstorm|[upkeep]","|-damage|p2a: Suicune|85/401|[from] Sandstorm","|-damage|p1a: Milotic|350/393|[from] Sandstorm","|-heal|p2a: Suicune|110/401|[from] item: Leftovers","|-heal|p1a: Milotic|374/393|[from] item: Leftovers","|upkeep","|turn|188","||adding 10 for new turn","|","|t:|1752924072","|switch|p1a: Dugtrio|Dugtrio, F|211/211","|move|p2a: Suicune|Struggle|p1a: Dugtrio","|-damage|p1a: Dugtrio|166/211","|-damage|p2a: Suicune|99/401|[from] Recoil|[of] p1a: Dugtrio","|","|-weather|Sandstorm|[upkeep]","|-damage|p2a: Suicune|74/401|[from] Sandstorm","|-heal|p2a: Suicune|99/401|[from] item: Leftovers","|upkeep","|turn|189","||adding 10 for new turn","|","|t:|1752924073","|move|p1a: Dugtrio|Earthquake|p2a: Suicune","|-damage|p2a: Suicune|0 fnt","|faint|p2a: Suicune","|","|win|foultestchallenge1",""],"p1rating":null,"p2rating":null,"endType":"normal","ladderError":true,"timestamp":"Sat Jul 19 2025 04:21:13 GMT-0700 (アメリカ太平洋夏時間)","roomid":"battle-gen3ou-938","format":"gen3ou"}