{"winner":"foultestchallenge1","seed":"sodium,d4c47c892e54365ba97da89611795ab5","turns":229,"p1":"foultestchallenge1","p2":"foultestacceptor1","p1team":[{"name":"Dugtrio","species":"Dugtrio","item":"Choice Band","ability":"Arena Trap","moves":["Earthquake","Hidden Power Bug","Aerial Ace","Sunny Day"],"nature":"Adamant","evs":{"hp":96,"atk":168,"def":20,"spa":0,"spd":0,"spe":224},"gender":"M","ivs":{"hp":31,"atk":30,"def":30,"spa":31,"spd":30,"spe":31},"happiness":255,"hpType":"Bug","pokeball":"","gigantamax":false,"dynamaxLevel":10,"teraType":"","level":100},{"name":"Forretress","species":"Forretress","item":"Leftovers","ability":"Sturdy","moves":["Spikes","Zap Cannon","Explosion","Hidden Power Bug"],"nature":"Careful","evs":{"hp":252,"atk":0,"def":4,"spa":0,"spd":252,"spe":0},"gender":"M","ivs":{"hp":31,"atk":30,"def":30,"spa":31,"spd":30,"spe":31},"happiness":255,"hpType":"Bug","pokeball":"","gigantamax":false,"dynamaxLevel":10,"teraType":"","level":100},{"name":"Snorlax","species":"Snorlax","item":"Leftovers","ability":"Immunity","moves":["Return","Curse","Rest","Shadow Ball"],"nature":"Careful","evs":{"hp":144,"atk":96,"def":132,"spa":0,"spd":136,"spe":0},"gender":"F","level":100,"ivs":{"hp":31,"atk":31,"def":31,"spa":31,"spd":31,"spe":31}},{"name":"Suicune","species":"Suicune","item":"Leftovers","ability":"Pressure","moves":["Calm Mind","Rest","Ice Beam","Surf"],"nature":"Bold","evs":{"hp":240,"atk":0,"def":252,"spa":0,"spd":0,"spe":16},"gender":"N","ivs":{"hp":31,"atk":0,"def":31,"spa":31,"spd":31,"spe":31},"level":100},{"name":"Claydol","species":"Claydol","item":"Leftovers","ability":"Levitate","moves":["Earthquake","Psychic","Rapid Spin","Rest"],"nature":"Lonely","evs":{"hp":252,"atk":224,"def":0,"spa":24,"spd":0,"spe":8},"gender":"N","level":100,"ivs":{"hp":31,"atk":31,"def":31,"spa":31,"spd":31,"spe":31}},{"name":"Blissey","species":"Blissey","item":"Leftovers","ability":"Natural Cure","moves":["Soft-Boiled","Seismic Toss","Thunder Wave","Aromatherapy"],"nature":"Bold","evs":{"hp":252,"atk":0,"def":252,"spa":0,"spd":0,"spe":4},"gender":"F","ivs":{"hp":31,"atk":0,"def":31,"spa":31,"spd":31,"spe":31},"level":100}],"p2team":[{"name":"Tyranitar","species":"Tyranitar","item":"Leftovers","ability":"Sand Stream","moves":["Rock Slide","Earthquake","Hidden Power Bug","Roar"],"nature":"Adamant","evs":{"hp":184,"atk":196,"def":120,"spa":0,"spd":0,"spe":8},"gender":"F","ivs":{"hp":31,"atk":30,"def":30,"spa":31,"spd":30,"spe":31},"happiness":255,"hpType":"Bug","pokeball":"","gigantamax":false,"dynamaxLevel":10,"teraType":"","level":100},{"name":"Milotic","species":"Milotic","item":"Leftovers","ability":"Marvel Scale","moves":["Surf","Toxic","Recover","Refresh"],"nature":"Bold","evs":{"hp":248,"atk":0,"def":212,"spa":0,"spd":0,"spe":48},"gender":"M","ivs":{"hp":31,"atk":0,"def":31,"spa":31,"spd":31,"spe":31},"level":100},{"name":"Blissey","species":"Blissey","item":"Leftovers","ability":"Natural Cure","moves":["Seismic Toss","Ice Beam","Thunder Wave","Soft-Boiled"],"nature":"Bold","evs":{"hp":40,"atk":0,"def":244,"spa":208,"spd":0,"spe":16},"gender":"F","level":100,"ivs":{"hp":31,"atk":31,"def":31,"spa":31,"spd":31,"spe":31}},{"name":"Skarmory","species":"Skarmory","item":"Leftovers","ability":"Keen Eye","moves":["Drill Peck","Toxic","Spikes","Roar"],"nature":"Careful","evs":{"hp":248,"atk":0,"def":0,"spa":0,"spd":236,"spe":24},"gender":"F","level":100,"ivs":{"hp":31,"atk":31,"def":31,"spa":31,"spd":31,"spe":31}},{"name":"Claydol","species":"Claydol","item":"Leftovers","ability":"Levitate","moves":["Earthquake","Psychic","Refresh","Rapid Spin"],"nature":"Adamant","evs":{"hp":224,"atk":228,"def":0,"spa":36,"spd":0,"spe":20},"gender":"N","level":100,"ivs":{"hp":31,"atk":31,"def":31,"spa":31,"spd":31,"spe":31}},{"name":"Dugtrio","species":"Dugtrio","item":"Choice Band","ability":"Arena Trap","moves":["Earthquake","Aerial Ace","Hidden Power Bug","Screech"],"nature":"Jolly","evs":{"hp":0,"atk":252,"def":0,"spa":0,"spd":4,"spe":252},"gender":"F","ivs":{"hp":31,"atk":30,"def":30,"spa":31,"spd":30,"spe":31},"happiness":255,"hpType":"Bug","pokeball":"","gigantamax":false,"dynamaxLevel":10,"teraType":"","level":100}],"score":[3,0],"inputLog":[">version 372d05e49c92a79eecdf6c8dddb208bd1765c00f",">start {\"formatid\":\"gen3ou\",\"seed\":\"sodium,d4c47c892e54365ba97da89611795ab5\"}",">player p1 {\"name\":\"foultestchallenge1\",\"avatar\":\"1\",\"team\":\"Dugtrio||ChoiceBand|ArenaTrap|Earthquake,HiddenPowerBug,AerialAce,SunnyDay|Adamant|96,168,20,,,224|M|,30,30,,30,|||,Bug,,,,]Forretress||Leftovers|Sturdy|Spikes,ZapCannon,Explosion,HiddenPowerBug|Careful|252,,4,,252,|M|,30,30,,30,|||,Bug,,,,]Snorlax||Leftovers|Immunity|Return,Curse,Rest,ShadowBall|Careful|144,96,132,,136,|F||||]Suicune||Leftovers|Pressure|CalmMind,Rest,IceBeam,Surf|Bold|240,,252,,,16|N|,0,,,,|||]Claydol||Leftovers|Levitate|Earthquake,Psychic,RapidSpin,Rest|Lonely|252,224,,24,,8|N||||]Blissey||Leftovers|NaturalCure|SoftBoiled,SeismicToss,ThunderWave,Aromatherapy|Bold|252,,252,,,4|F|,0,,,,|||\",\"rating\":0}",">player p2 {\"name\":\"foultestacceptor1\",\"avatar\":\"1\",\"team\":\"Tyranitar||Leftovers|SandStream|RockSlide,Earthquake,HiddenPowerBug,Roar|Adamant|184,196,120,,,8|F|,30,30,,30,|||,Bug,,,,]Milotic||Leftovers|MarvelScale|Surf,Toxic,Recover,Refresh|Bold|248,,212,,,48|M|,0,,,,|||]Blissey||Leftovers|NaturalCure|SeismicToss,IceBeam,ThunderWave,SoftBoiled|Bold|40,,244,208,,16|F||||]Skarmory||Leftovers|KeenEye|DrillPeck,Toxic,Spikes,Roar|Careful|248,,,,236,24|F||||]Claydol||Leftovers|Levitate|Earthquake,Psychic,Refresh,RapidSpin|Adamant|224,228,,36,,20|N||||]Dugtrio||ChoiceBand|ArenaTrap|Earthquake,AerialAce,HiddenPowerBug,Screech|Jolly|,252,,,4,252|F|,30,30,,30,|||,Bug,,,,\",\"rating\":0}",">p1 move earthquake",">p2 move earthquake",">p1 move earthquake",">p2 move rockslide",">p2 switch 4",">p1 switch 5",">p2 move spikes",">p1 move rapidspin",">p2 move toxic",">p1 move psychic",">p2 move spikes",">p1 move rapidspin",">p2 move spikes",">p1 move rapidspin",">p2 move spikes",">p1 move rapidspin",">p2 move spikes",">p1 move rapidspin",">p2 move toxic",">p1 switch 4",">p2 move spikes",">p1 move surf",">p2 switch 3",">p1 move calmmind",">p2 move seismictoss",">p1 move calmmind",">p2 move seismictoss",">p1 move icebeam",">p2 move seismictoss",">p1 move rest",">p2 move seismictoss",">p1 move surf",">p2 switch 3",">p1 move calmmind",">p2 move roar",">p1 move aromatherapy",">p2 move spikes",">p1 switch 4",">p2 move spikes",">p1 move rapidspin",">p2 move spikes",">p1 move rapidspin",">p2 move spikes",">p1 move rapidspin",">p2 move spikes",">p1 move rapidspin",">p2 move spikes",">p1 move rapidspin",">p2 move spikes",">p1 move rapidspin",">p2 move spikes",">p1 move rapidspin",">p2 move spikes",">p1 move rapidspin",">p2 move spikes",">p1 move rapidspin",">p2 move spikes",">p1 move rapidspin",">p2 move spikes",">p1 move rapidspin",">p2 move spikes",">p1 move rapidspin",">p2 move spikes",">p1 move rapidspin",">p2 move spikes",">p1 move rapidspin",">p2 move spikes",">p1 move rapidspin",">p2 move spikes",">p1 move rapidspin",">p2 move spikes",">p1 move rapidspin",">p2 move spikes",">p1 move rapidspin",">p2 move spikes",">p1 move rapidspin",">p2 move spikes",">p1 move rapidspin",">p2 move spikes",">p1 move rapidspin",">p2 move spikes",">p1 move rapidspin",">p2 move toxic",">p1 switch 6",">p2 move spikes",">p1 move surf",">p2 move toxic",">p1 move rest",">p2 move drillpeck",">p1 move rest",">p2 move drillpeck",">p1 move rest",">p2 move roar",">p1 switch 6",">p1 move rapidspin",">p2 move drillpeck",">p1 move rest",">p2 move drillpeck",">p1 switch 5",">p2 move drillpeck",">p1 move surf",">p2 move toxic",">p1 move rest",">p2 move drillpeck",">p1 switch 4",">p2 move drillpeck",">p1 move aromatherapy",">p2 move drillpeck",">p1 move softboiled",">p2 move drillpeck",">p1 move softboiled",">p2 switch 3",">p1 move thunderwave",">p2 move softboiled",">p1 move seismictoss",">p2 move icebeam",">p1 move seismictoss",">p2 move seismictoss",">p1 move seismictoss",">p2 move softboiled",">p1 move seismictoss",">p2 move seismictoss",">p1 move softboiled",">p2 move softboiled",">p1 move seismictoss",">p2 move icebeam",">p1 move seismictoss",">p2 move softboiled",">p1 move seismictoss",">p2 switch 3",">p1 move seismictoss",">p2 move drillpeck",">p1 move softboiled",">p2 move drillpeck",">p1 move seismictoss",">p2 move drillpeck",">p1 move softboiled",">p2 move toxic",">p1 switch 4",">p2 move drillpeck",">p1 move surf",">p2 move toxic",">p1 move rest",">p2 move drillpeck",">p1 move rest",">p2 move drillpeck",">p1 move rest",">p2 move drillpeck",">p1 move rest",">p2 move toxic",">p1 move icebeam",">p2 move drillpeck",">p1 move rest",">p2 move roar",">p1 switch 4",">p2 move drillpeck",">p1 move calmmind",">p2 move toxic",">p1 move rest",">p2 move roar",">p1 switch 2",">p2 move drillpeck",">p1 move spikes",">p2 move drillpeck",">p1 move spikes",">p2 move drillpeck",">p1 move spikes",">p2 switch 5",">p1 move hiddenpower",">p2 move rapidspin",">p1 move spikes",">p2 move earthquake",">p1 move hiddenpower",">p2 move earthquake",">p1 switch 2",">p2 move earthquake",">p1 move psychic",">p2 move rapidspin",">p1 switch 2",">p2 move earthquake",">p1 switch 5",">p1 move surf",">p2 move earthquake",">p1 move surf",">p2 move earthquake",">p1 move surf",">p2 switch 3",">p1 move calmmind",">p2 move seismictoss",">p1 move calmmind",">p2 move seismictoss",">p1 move rest",">p2 move seismictoss",">p1 move icebeam",">p2 switch 5",">p1 move calmmind",">p2 move roar",">p1 switch 2",">p2 move roar",">p1 switch 3",">p2 move drillpeck",">p1 move surf",">p2 move toxic",">p1 move rest",">p2 switch 5",">p1 move icebeam",">p2 move seismictoss",">p1 move icebeam",">p2 move seismictoss",">p1 move calmmind",">p2 move seismictoss",">p1 move rest",">p2 move seismictoss",">p1 move surf",">p2 switch 5",">p1 move icebeam",">p2 move roar",">p1 switch 2",">p2 move roar",">p1 switch 4",">p2 switch 5",">p1 move calmmind",">p2 move thunderwave",">p1 move calmmind",">p2 move seismictoss",">p1 move surf",">p2 move seismictoss",">p1 move rest",">p2 move seismictoss",">p1 move calmmind",">p2 switch 5",">p1 move icebeam",">p2 move roar",">p1 switch 2",">p2 switch 3",">p1 move calmmind",">p2 switch 5",">p1 move calmmind",">p2 move softboiled",">p1 move surf",">p2 move thunderwave",">p1 move surf",">p2 move softboiled",">p1 move surf",">p2 move seismictoss",">p1 move surf",">p2 move seismictoss",">p1 move surf",">p2 move softboiled",">p1 move surf",">p2 move softboiled",">p1 move surf",">p2 switch 3",">p1 move surf",">p2 move roar",">p1 switch 2",">p2 switch 5",">p1 move surf",">p2 switch 5",">p1 move rest",">p2 move roar",">p1 move aromatherapy",">p2 move roar",">p1 move return",">p2 move roar",">p1 move calmmind",">p2 move roar",">p1 switch 2",">p2 switch 5",">p1 move calmmind",">p2 switch 5",">p1 move icebeam",">p2 move roar",">p1 move return",">p2 move roar",">p1 move seismictoss",">p2 switch 3",">p1 move seismictoss",">p2 move thunderwave",">p1 switch 4",">p2 move softboiled",">p1 move calmmind",">p2 move thunderwave",">p1 move calmmind",">p2 move icebeam",">p1 move calmmind",">p2 move icebeam",">p1 move calmmind",">p2 move icebeam",">p1 move surf",">p2 switch 2",">p1 move surf",">p2 move recover",">p1 move surf",">p2 move recover",">p1 move icebeam",">p2 move recover",">p1 move icebeam",">p2 move surf",">p1 move icebeam",">p2 move recover",">p1 move icebeam",">p2 move recover",">p1 move icebeam",">p2 move recover",">p1 move icebeam",">p2 move recover",">p1 move calmmind",">p2 move recover",">p1 move surf",">p2 move surf",">p1 move calmmind",">p2 move recover",">p1 move surf",">p2 move surf",">p1 move surf",">p2 move recover",">p1 move surf",">p2 move recover",">p1 move surf",">p2 move surf",">p1 move surf",">p2 move surf",">p1 move surf",">p2 move surf",">p1 move surf",">p2 move recover",">p1 move surf",">p2 move recover",">p1 move surf",">p2 move recover",">p1 move icebeam",">p2 move recover",">p1 move surf",">p2 move recover",">p1 move icebeam",">p2 move recover",">p1 move icebeam",">p2 move recover",">p1 move icebeam",">p2 move recover",">p1 move icebeam",">p2 move recover",">p1 move icebeam",">p2 move recover",">p1 move icebeam",">p2 move recover",">p1 move icebeam",">p2 switch 2",">p1 move icebeam",">p2 move softboiled",">p1 move calmmind",">p2 move softboiled",">p1 move surf",">p2 switch 3",">p1 move icebeam",">p2 move roar",">p2 switch 3",">p1 move calmmind",">p2 switch 2",">p1 move calmmind",">p2 switch 2",">p1 move calmmind",">p2 switch 2",">p1 move calmmind",">p2 switch 2",">p1 move surf",">p2 switch 2",">p1 move surf",">p2 switch 2",">p1 move rest",">p2 move softboiled",">p1 move calmmind",">p2 switch 5",">p1 move calmmind",">p2 move refresh",">p1 move calmmind",">p2 move refresh",">p1 move calmmind",">p2 move rapidspin",">p1 move calmmind",">p2 move refresh",">p1 move calmmind",">p2 move rapidspin",">p1 move calmmind",">p2 switch 5",">p1 move calmmind",">p2 switch 5",">p1 move calmmind",">p2 switch 5",">p1 move calmmind",">p2 move thunderwave",">p1 move calmmind",">p2 move thunderwave",">p1 move calmmind",">p2 move thunderwave",">p1 move calmmind",">p2 move thunderwave",">p1 move rest",">p2 move thunderwave",">p1 move rest",">p2 move thunderwave",">p1 move calmmind",">p2 move thunderwave",">p1 move calmmind",">p2 move thunderwave",">p1 move rest",">p2 switch 2",">p1 move rest",">p2 move toxic",">p1 move calmmind",">p2 switch 2",">p1 switch 4",">p2 switch 2",">p1 move seismictoss",">p2 move toxic",">p1 switch 3",">p2 move recover",">p1 move return",">p2 move surf",">p1 move return",">p2 move recover",">p1 move return",">p2 move recover",">p1 move curse",">p2 move recover",">p1 move return",">p2 move surf",">p1 move return",">p2 move recover",">p1 move return",">p2 move recover",">p1 move return",">p2 move recover",">p1 move return",">p2 move recover",">p1 move return",">p2 move recover",">p1 move return",">p2 move recover",">p1 move return",">p2 move recover",">p1 move return",">p2 move surf",">p2 switch 2",">p1 move return",">p2 move thunderwave",">p1 move return",">p2 move icebeam",">p2 switch 5",">p1 move rest",">p2 move earthquake",">p1 move return",">p2 move earthquake",">p1 move shadowball",">p2 move earthquake",">p1 move return",">p2 move earthquake",">p1 move shadowball",">p2 move earthquake",">p2 switch 6",">p1 move return",">p2 move earthquake",">p1 switch 2",">p1 move earthquake",">p2 move earthquake"],"log":["|j|☆foultestchallenge1","|j|☆foultestacceptor1","|t:|1752925964","|gametype|singles","|player|p1|foultestchallenge1|1|","|player|p2|foultestacceptor1|1|","|teamsize|p1|6","|teamsize|p2|6","|gen|3","|tier|[Gen 3] OU","|rule|Sleep Clause Mod: Limit one foe put to sleep","|rule|Switch Priority Clause Mod: Faster Pokémon switch first","|rule|Species Clause: Limit one of each Pokémon","|rule|OHKO Clause: OHKO moves are banned","|rule|Evasion Items Clause: Evasion items are banned","|rule|Evasion Moves Clause: Evasion moves are banned","|rule|Endless Battle Clause: Forcing endless battles is banned","|rule|HP Percentage Mod: HP is shown in percentages","|rule|One Boost Passer Clause: Limit one Baton Passer that has a way to boost its stats","|rule|Freeze Clause Mod: Limit one foe frozen","|","|t:|1752925964","|start","|switch|p1a: Dugtrio|Dugtrio, M|235/235","|switch|p2a: Tyranitar|Tyranitar, F|387/387","|-weather|Sandstorm|[from] ability: Sand Stream|[of] p2a: Tyranitar","|turn|1","|inactive|Battle timer is ON: inactive players will automatically lose when time's up. (requested by foultestacceptor1)","|inactive|foultestchallenge1 also wants the timer to be on.","|","|t:|1752925965","|move|p1a: Dugtrio|Earthquake|p2a: Tyranitar","|-supereffective|p2a: Tyranitar","|-damage|p2a: Tyranitar|46/387","|move|p2a: Tyranitar|Earthquake|p1a: Dugtrio","|-damage|p1a: Dugtrio|20/235","|","|-weather|Sandstorm|[upkeep]","|-heal|p2a: Tyranitar|70/387|[from] item: Leftovers","|upkeep","|turn|2","||adding 10 for new turn","|","|t:|1752925967","|move|p1a: Dugtrio|Earthquake|p2a: Tyranitar","|-supereffective|p2a: Tyranitar","|-damage|p2a: Tyranitar|0 fnt","|faint|p2a: Tyranitar","||adding 5 to each for mid turn request","|","|t:|1752925968","|switch|p2a: Skarmory|Skarmory, F|333/333","|","|-weather|Sandstorm|[upkeep]","|upkeep","|turn|3","||adding 10 for new turn","|","|t:|1752925968","|switch|p1a: Claydol|Claydol|324/324","|move|p2a: Skarmory|Spikes|p1a: Claydol","|-sidestart|p1: foultestchallenge1|Spikes","|","|-weather|Sandstorm|[upkeep]","|upkeep","|turn|4","||adding 10 for new turn","|","|t:|1752925969","|move|p1a: Claydol|Rapid Spin|p2a: Skarmory","|-resisted|p2a: Skarmory","|-damage|p2a: Skarmory|327/333","|-sideend|p1: foultestchallenge1|Spikes|[from] move: Rapid Spin|[of] p1a: Claydol","|move|p2a: Skarmory|Toxic|p1a: Claydol|[miss]","|-miss|p2a: Skarmory|p1a: Claydol","|","|-weather|Sandstorm|[upkeep]","|-heal|p2a: Skarmory|333/333|[from] item: Leftovers","|upkeep","|turn|5","||adding 10 for new turn","|","|t:|1752925971","|move|p1a: Claydol|Psychic|p2a: Skarmory","|-resisted|p2a: Skarmory","|-damage|p2a: Skarmory|297/333","|-unboost|p2a: Skarmory|spd|1","|move|p2a: Skarmory|Spikes|p1a: Claydol","|-sidestart|p1: foultestchallenge1|Spikes","|","|-weather|Sandstorm|[upkeep]","|-heal|p2a: Skarmory|317/333|[from] item: Leftovers","|upkeep","|turn|6","||adding 10 for new turn","|","|t:|1752925972","|move|p1a: Claydol|Rapid Spin|p2a: Skarmory","|-resisted|p2a: Skarmory","|-damage|p2a: Skarmory|311/333","|-sideend|p1: foultestchallenge1|Spikes|[from] move: Rapid Spin|[of] p1a: Claydol","|move|p2a: Skarmory|Spikes|p1a: Claydol","|-sidestart|p1: foultestchallenge1|Spikes","|","|-weather|Sandstorm|[upkeep]","|-heal|p2a: Skarmory|331/333|[from] item: Leftovers","|upkeep","|turn|7","||adding 10 for new turn","|","|t:|1752925973","|move|p1a: Claydol|Rapid Spin|p2a: Skarmory","|-resisted|p2a: Skarmory","|-damage|p2a: Skarmory|324/333","|-sideend|p1: foultestchallenge1|Spikes|[from] move: Rapid Spin|[of] p1a: Claydol","|move|p2a: Skarmory|Spikes|p1a: Claydol","|-sidestart|p1: foultestchallenge1|Spikes","|","|-weather|Sandstorm|[upkeep]","|-heal|p2a: Skarmory|333/333|[from] item: Leftovers","|upkeep","|turn|8","||adding 10 for new turn","|","|t:|1752925974","|move|p1a: Claydol|Rapid Spin|p2a: Skarmory","|-resisted|p2a: Skarmory","|-damage|p2a: Skarmory|327/333","|-sideend|p1: foultestchallenge1|Spikes|[from] move: Rapid Spin|[of] p1a: Claydol","|move|p2a: Skarmory|Spikes|p1a: Claydol","|-sidestart|p1: foultestchallenge1|Spikes","|","|-weather|Sandstorm|[upkeep]","|-heal|p2a: Skarmory|333/333|[from] item: Leftovers","|upkeep","|turn|9","||adding 10 for new turn","|","|t:|1752925975","|move|p1a: Claydol|Rapid Spin|p2a: Skarmory","|-resisted|p2a: Skarmory","|-damage|p2a: Skarmory|326/333","|-sideend|p1: foultestchallenge1|Spikes|[from] move: Rapid Spin|[of] p1a: Claydol","|move|p2a: Skarmory|Toxic|p1a: Claydol","|-status|p1a: Claydol|tox","|","|-weather|Sandstorm|[upkeep]","|-damage|p1a: Claydol|304/324 tox|[from] psn","|-heal|p2a: Skarmory|333/333|[from] item: Leftovers","|upkeep","|turn|10","||adding 10 for new turn","|","|t:|1752925976","|switch|p1a: Suicune|Suicune|401/401","|-ability|p1a: Suicune|Pressure|[silent]","|move|p2a: Skarmory|Spikes|p1a: Suicune","|-sidestart|p1: foultestchallenge1|Spikes","|","|-weather|Sandstorm|[upkeep]","|-damage|p1a: Suicune|376/401|[from] Sandstorm","|-heal|p1a: Suicune|401/401|[from] item: Leftovers","|upkeep","|turn|11","||adding 10 for new turn","|","|t:|1752925977","|switch|p2a: Blissey|Blissey, F|661/661","|move|p1a: Suicune|Surf|p2a: Blissey","|-damage|p2a: Blissey|584/661","|","|-weather|Sandstorm|[upkeep]","|-damage|p1a: Suicune|376/401|[from] Sandstorm","|-damage|p2a: Blissey|543/661|[from] Sandstorm","|-heal|p1a: Suicune|401/401|[from] item: Leftovers","|-heal|p2a: Blissey|584/661|[from] item: Leftovers","|upkeep","|turn|12","||adding 10 for new turn","|","|t:|1752925978","|move|p1a: Suicune|Calm Mind|p1a: Suicune","|-boost|p1a: Suicune|spa|1","|-boost|p1a: Suicune|spd|1","|move|p2a: Blissey|Seismic Toss|p1a: Suicune","|-damage|p1a: Suicune|301/401","|","|-weather|Sandstorm|[upkeep]","|-damage|p1a: Suicune|276/401|[from] Sandstorm","|-damage|p2a: Blissey|543/661|[from] Sandstorm","|-heal|p1a: Suicune|301/401|[from] item: Leftovers","|-heal|p2a: Blissey|584/661|[from] item: Leftovers","|upkeep","|turn|13","||adding 10 for new turn","|","|t:|1752925979","|move|p1a: Suicune|Calm Mind|p1a: Suicune","|-boost|p1a: Suicune|spa|1","|-boost|p1a: Suicune|spd|1","|move|p2a: Blissey|Seismic Toss|p1a: Suicune","|-damage|p1a: Suicune|201/401","|","|-weather|Sandstorm|[upkeep]","|-damage|p1a: Suicune|176/401|[from] Sandstorm","|-damage|p2a: Blissey|543/661|[from] Sandstorm","|-heal|p1a: Suicune|201/401|[from] item: Leftovers","|-heal|p2a: Blissey|584/661|[from] item: Leftovers","|upkeep","|turn|14","||adding 10 for new turn","|","|t:|1752925980","|move|p1a: Suicune|Ice Beam|p2a: Blissey","|-damage|p2a: Blissey|478/661","|move|p2a: Blissey|Seismic Toss|p1a: Suicune","|-damage|p1a: Suicune|101/401","|","|-weather|Sandstorm|[upkeep]","|-damage|p1a: Suicune|76/401|[from] Sandstorm","|-damage|p2a: Blissey|437/661|[from] Sandstorm","|-heal|p1a: Suicune|101/401|[from] item: Leftovers","|-heal|p2a: Blissey|478/661|[from] item: Leftovers","|upkeep","|turn|15","||adding 10 for new turn","|","|t:|1752925982","|move|p1a: Suicune|Rest|p1a: Suicune","|-status|p1a: Suicune|slp|[from] move: Rest","|-heal|p1a: Suicune|401/401 slp|[silent]","|move|p2a: Blissey|Seismic Toss|p1a: Suicune","|-damage|p1a: Suicune|301/401 slp","|","|-weather|Sandstorm|[upkeep]","|-damage|p1a: Suicune|276/401 slp|[from] Sandstorm","|-damage|p2a: Blissey|437/661|[from] Sandstorm","|-heal|p1a: Suicune|301/401 slp|[from] item: Leftovers","|-heal|p2a: Blissey|478/661|[from] item: Leftovers","|upkeep","|turn|16","||adding 10 for new turn","|","|t:|1752925983","|switch|p2a: Skarmory|Skarmory, F|333/333","|cant|p1a: Suicune|slp","|","|-weather|Sandstorm|[upkeep]","|-damage|p1a: Suicune|276/401 slp|[from] Sandstorm","|-heal|p1a: Suicune|301/401 slp|[from] item: Leftovers","|upkeep","|turn|17","||adding 10 for new turn","|","|t:|1752925983","|cant|p1a: Suicune|slp","|move|p2a: Skarmory|Roar|p1a: Suicune","|drag|p1a: Blissey|Blissey, F|714/714","|-damage|p1a: Blissey|625/714|[from] Spikes","|","|-weather|Sandstorm|[upkeep]","|-damage|p1a: Blissey|581/714|[from] Sandstorm","|-heal|p1a: Blissey|625/714|[from] item: Leftovers","|upkeep","|turn|18","||adding 10 for new turn","|","|t:|1752925984","|move|p2a: Skarmory|Spikes|p1a: Blissey","|-sidestart|p1: foultestchallenge1|Spikes","|move|p1a: Blissey|Aromatherapy|p1a: Blissey","|-cureteam|p1a: Blissey|[from] move: Aromatherapy","|","|-weather|Sandstorm|[upkeep]","|-damage|p1a: Blissey|581/714|[from] Sandstorm","|-heal|p1a: Blissey|625/714|[from] item: Leftovers","|upkeep","|turn|19","||adding 10 for new turn","|","|t:|1752925985","|switch|p1a: Claydol|Claydol|304/324","|move|p2a: Skarmory|Spikes|p1a: Claydol","|-sidestart|p1: foultestchallenge1|Spikes","|","|-weather|Sandstorm|[upkeep]","|-heal|p1a: Claydol|324/324|[from] item: Leftovers","|upkeep","|turn|20","||adding 10 for new turn","|","|t:|1752925986","|move|p1a: Claydol|Rapid Spin|p2a: Skarmory","|-resisted|p2a: Skarmory","|-crit|p2a: Skarmory","|-damage|p2a: Skarmory|318/333","|-sideend|p1: foultestchallenge1|Spikes|[from] move: Rapid Spin|[of] p1a: Claydol","|move|p2a: Skarmory|Spikes|p1a: Claydol","|-sidestart|p1: foultestchallenge1|Spikes","|","|-weather|Sandstorm|[upkeep]","|-heal|p2a: Skarmory|333/333|[from] item: Leftovers","|upkeep","|turn|21","||adding 10 for new turn","|","|t:|1752925987","|move|p1a: Claydol|Rapid Spin|p2a: Skarmory","|-resisted|p2a: Skarmory","|-damage|p2a: Skarmory|327/333","|-sideend|p1: foultestchallenge1|Spikes|[from] move: Rapid Spin|[of] p1a: Claydol","|move|p2a: Skarmory|Spikes|p1a: Claydol","|-sidestart|p1: foultestchallenge1|Spikes","|","|-weather|Sandstorm|[upkeep]","|-heal|p2a: Skarmory|333/333|[from] item: Leftovers","|upkeep","|turn|22","||adding 10 for new turn","|","|t:|1752925988","|move|p1a: Claydol|Rapid Spin|p2a: Skarmory","|-resisted|p2a: Skarmory","|-damage|p2a: Skarmory|327/333","|-sideend|p1: foultestchallenge1|Spikes|[from] move: Rapid Spin|[of] p1a: Claydol","|move|p2a: Skarmory|Spikes|p1a: Claydol","|-sidestart|p1: foultestchallenge1|Spikes","|","|-weather|Sandstorm|[upkeep]","|-heal|p2a: Skarmory|333/333|[from] item: Leftovers","|upkeep","|turn|23","||adding 10 for new turn","|","|t:|1752925989","|move|p1a: Claydol|Rapid Spin|p2a: Skarmory","|-resisted|p2a: Skarmory","|-damage|p2a: Skarmory|327/333","|-sideend|p1: foultestchallenge1|Spikes|[from] move: Rapid Spin|[of] p1a: Claydol","|move|p2a: Skarmory|Spikes|p1a: Claydol","|-sidestart|p1: foultestchallenge1|Spikes","|","|-weather|Sandstorm|[upkeep]","|-heal|p2a: Skarmory|333/333|[from] item: Leftovers","|upkeep","|turn|24","||adding 10 for new turn","|","|t:|1752925990","|move|p1a: Claydol|Rapid Spin|p2a: Skarmory","|-resisted|p2a: Skarmory","|-damage|p2a: Skarmory|327/333","|-sideend|p1: foultestchallenge1|Spikes|[from] move: Rapid Spin|[of] p1a: Claydol","|move|p2a: Skarmory|Spikes|p1a: Claydol","|-sidestart|p1: foultestchallenge1|Spikes","|","|-weather|Sandstorm|[upkeep]","|-heal|p2a: Skarmory|333/333|[from] item: Leftovers","|upkeep","|turn|25","||adding 10 for new turn","|","|t:|1752925991","|move|p1a: Claydol|Rapid Spin|p2a: Skarmory","|-resisted|p2a: Skarmory","|-damage|p2a: Skarmory|327/333","|-sideend|p1: foultestchallenge1|Spikes|[from] move: Rapid Spin|[of] p1a: Claydol","|move|p2a: Skarmory|Spikes|p1a: Claydol","|-sidestart|p1: foultestchallenge1|Spikes","|","|-weather|Sandstorm|[upkeep]","|-heal|p2a: Skarmory|333/333|[from] item: Leftovers","|upkeep","|turn|26","||adding 10 for new turn","|","|t:|1752925992","|move|p1a: Claydol|Rapid Spin|p2a: Skarmory","|-resisted|p2a: Skarmory","|-damage|p2a: Skarmory|327/333","|-sideend|p1: foultestchallenge1|Spikes|[from] move: Rapid Spin|[of] p1a: Claydol","|move|p2a: Skarmory|Spikes|p1a: Claydol","|-sidestart|p1: foultestchallenge1|Spikes","|","|-weather|Sandstorm|[upkeep]","|-heal|p2a: Skarmory|333/333|[from] item: Leftovers","|upkeep","|turn|27","||adding 10 for new turn","|","|t:|1752925993","|move|p1a: Claydol|Rapid Spin|p2a: Skarmory","|-resisted|p2a: Skarmory","|-damage|p2a: Skarmory|327/333","|-sideend|p1: foultestchallenge1|Spikes|[from] move: Rapid Spin|[of] p1a: Claydol","|move|p2a: Skarmory|Spikes|p1a: Claydol","|-sidestart|p1: foultestchallenge1|Spikes","|","|-weather|Sandstorm|[upkeep]","|-heal|p2a: Skarmory|333/333|[from] item: Leftovers","|upkeep","|turn|28","||adding 10 for new turn","|","|t:|1752925994","|move|p1a: Claydol|Rapid Spin|p2a: Skarmory","|-resisted|p2a: Skarmory","|-crit|p2a: Skarmory","|-damage|p2a: Skarmory|320/333","|-sideend|p1: foultestchallenge1|Spikes|[from] move: Rapid Spin|[of] p1a: Claydol","|move|p2a: Skarmory|Spikes|p1a: Claydol","|-sidestart|p1: foultestchallenge1|Spikes","|","|-weather|Sandstorm|[upkeep]","|-heal|p2a: Skarmory|333/333|[from] item: Leftovers","|upkeep","|turn|29","||adding 10 for new turn","|","|t:|1752925995","|move|p1a: Claydol|Rapid Spin|p2a: Skarmory","|-resisted|p2a: Skarmory","|-damage|p2a: Skarmory|326/333","|-sideend|p1: foultestchallenge1|Spikes|[from] move: Rapid Spin|[of] p1a: Claydol","|move|p2a: Skarmory|Spikes|p1a: Claydol","|-sidestart|p1: foultestchallenge1|Spikes","|","|-weather|Sandstorm|[upkeep]","|-heal|p2a: Skarmory|333/333|[from] item: Leftovers","|upkeep","|turn|30","||adding 10 for new turn","|","|t:|1752925996","|move|p1a: Claydol|Rapid Spin|p2a: Skarmory","|-resisted|p2a: Skarmory","|-damage|p2a: Skarmory|327/333","|-sideend|p1: foultestchallenge1|Spikes|[from] move: Rapid Spin|[of] p1a: Claydol","|move|p2a: Skarmory|Spikes|p1a: Claydol","|-sidestart|p1: foultestchallenge1|Spikes","|","|-weather|Sandstorm|[upkeep]","|-heal|p2a: Skarmory|333/333|[from] item: Leftovers","|upkeep","|turn|31","||adding 10 for new turn","|","|t:|1752925997","|move|p1a: Claydol|Rapid Spin|p2a: Skarmory","|-resisted|p2a: Skarmory","|-damage|p2a: Skarmory|327/333","|-sideend|p1: foultestchallenge1|Spikes|[from] move: Rapid Spin|[of] p1a: Claydol","|move|p2a: Skarmory|Spikes|p1a: Claydol","|-sidestart|p1: foultestchallenge1|Spikes","|","|-weather|Sandstorm|[upkeep]","|-heal|p2a: Skarmory|333/333|[from] item: Leftovers","|upkeep","|turn|32","||adding 10 for new turn","|","|t:|1752925998","|move|p1a: Claydol|Rapid Spin|p2a: Skarmory","|-resisted|p2a: Skarmory","|-damage|p2a: Skarmory|327/333","|-sideend|p1: foultestchallenge1|Spikes|[from] move: Rapid Spin|[of] p1a: Claydol","|move|p2a: Skarmory|Spikes|p1a: Claydol","|-sidestart|p1: foultestchallenge1|Spikes","|","|-weather|Sandstorm|[upkeep]","|-heal|p2a: Skarmory|333/333|[from] item: Leftovers","|upkeep","|turn|33","||adding 10 for new turn","|","|t:|1752925999","|move|p1a: Claydol|Rapid Spin|p2a: Skarmory","|-resisted|p2a: Skarmory","|-damage|p2a: Skarmory|327/333","|-sideend|p1: foultestchallenge1|Spikes|[from] move: Rapid Spin|[of] p1a: Claydol","|move|p2a: Skarmory|Spikes|p1a: Claydol","|-sidestart|p1: foultestchallenge1|Spikes","|","|-weather|Sandstorm|[upkeep]","|-heal|p2a: Skarmory|333/333|[from] item: Leftovers","|upkeep","|turn|34","||adding 10 for new turn","|","|t:|1752926000","|move|p1a: Claydol|Rapid Spin|p2a: Skarmory","|-resisted|p2a: Skarmory","|-damage|p2a: Skarmory|327/333","|-sideend|p1: foultestchallenge1|Spikes|[from] move: Rapid Spin|[of] p1a: Claydol","|move|p2a: Skarmory|Spikes|p1a: Claydol","|-sidestart|p1: foultestchallenge1|Spikes","|","|-weather|Sandstorm|[upkeep]","|-heal|p2a: Skarmory|333/333|[from] item: Leftovers","|upkeep","|turn|35","||adding 10 for new turn","|","|t:|1752926001","|move|p1a: Claydol|Rapid Spin|p2a: Skarmory","|-resisted|p2a: Skarmory","|-damage|p2a: Skarmory|327/333","|-sideend|p1: foultestchallenge1|Spikes|[from] move: Rapid Spin|[of] p1a: Claydol","|move|p2a: Skarmory|Spikes|p1a: Claydol","|-sidestart|p1: foultestchallenge1|Spikes","|","|-weather|Sandstorm|[upkeep]","|-heal|p2a: Skarmory|333/333|[from] item: Leftovers","|upkeep","|turn|36","||adding 10 for new turn","|","|t:|1752926002","|move|p1a: Claydol|Rapid Spin|p2a: Skarmory","|-resisted|p2a: Skarmory","|-damage|p2a: Skarmory|327/333","|-sideend|p1: foultestchallenge1|Spikes|[from] move: Rapid Spin|[of] p1a: Claydol","|move|p2a: Skarmory|Spikes|p1a: Claydol","|-sidestart|p1: foultestchallenge1|Spikes","|","|-weather|Sandstorm|[upkeep]","|-heal|p2a: Skarmory|333/333|[from] item: Leftovers","|upkeep","|turn|37","||adding 10 for new turn","|","|t:|1752926003","|move|p1a: Claydol|Rapid Spin|p2a: Skarmory","|-resisted|p2a: Skarmory","|-damage|p2a: Skarmory|326/333","|-sideend|p1: foultestchallenge1|Spikes|[from] move: Rapid Spin|[of] p1a: Claydol","|move|p2a: Skarmory|Spikes|p1a: Claydol","|-sidestart|p1: foultestchallenge1|Spikes","|","|-weather|Sandstorm|[upkeep]","|-heal|p2a: Skarmory|333/333|[from] item: Leftovers","|upkeep","|turn|38","||adding 10 for new turn","|","|t:|1752926004","|move|p1a: Claydol|Rapid Spin|p2a: Skarmory","|-resisted|p2a: Skarmory","|-damage|p2a: Skarmory|327/333","|-sideend|p1: foultestchallenge1|Spikes|[from] move: Rapid Spin|[of] p1a: Claydol","|move|p2a: Skarmory|Spikes|p1a: Claydol","|-sidestart|p1: foultestchallenge1|Spikes","|","|-weather|Sandstorm|[upkeep]","|-heal|p2a: Skarmory|333/333|[from] item: Leftovers","|upkeep","|turn|39","||adding 10 for new turn","|","|t:|1752926006","|move|p1a: Claydol|Rapid Spin|p2a: Skarmory","|-resisted|p2a: Skarmory","|-damage|p2a: Skarmory|327/333","|-sideend|p1: foultestchallenge1|Spikes|[from] move: Rapid Spin|[of] p1a: Claydol","|move|p2a: Skarmory|Spikes|p1a: Claydol","|-sidestart|p1: foultestchallenge1|Spikes","|","|-weather|Sandstorm|[upkeep]","|-heal|p2a: Skarmory|333/333|[from] item: Leftovers","|upkeep","|turn|40","||adding 10 for new turn","|","|t:|1752926006","|move|p1a: Claydol|Rapid Spin|p2a: Skarmory","|-resisted|p2a: Skarmory","|-damage|p2a: Skarmory|327/333","|-sideend|p1: foultestchallenge1|Spikes|[from] move: Rapid Spin|[of] p1a: Claydol","|move|p2a: Skarmory|Spikes|p1a: Claydol","|-sidestart|p1: foultestchallenge1|Spikes","|","|-weather|Sandstorm|[upkeep]","|-heal|p2a: Skarmory|333/333|[from] item: Leftovers","|upkeep","|turn|41","||adding 10 for new turn","|","|t:|1752926008","|move|p1a: Claydol|Rapid Spin|p2a: Skarmory","|-resisted|p2a: Skarmory","|-damage|p2a: Skarmory|327/333","|-sideend|p1: foultestchallenge1|Spikes|[from] move: Rapid Spin|[of] p1a: Claydol","|move|p2a: Skarmory|Toxic|p1a: Claydol","|-status|p1a: Claydol|tox","|","|-weather|Sandstorm|[upkeep]","|-damage|p1a: Claydol|304/324 tox|[from] psn","|-heal|p2a: Skarmory|333/333|[from] item: Leftovers","|upkeep","|turn|42","||adding 10 for new turn","|","|t:|1752926009","|switch|p1a: Suicune|Suicune|301/401","|-ability|p1a: Suicune|Pressure|[silent]","|move|p2a: Skarmory|Spikes|p1a: Suicune","|-sidestart|p1: foultestchallenge1|Spikes","|","|-weather|Sandstorm|[upkeep]","|-damage|p1a: Suicune|276/401|[from] Sandstorm","|-heal|p1a: Suicune|301/401|[from] item: Leftovers","|upkeep","|turn|43","||adding 10 for new turn","|","|t:|1752926009","|move|p1a: Suicune|Surf|p2a: Skarmory","|-damage|p2a: Skarmory|235/333","|move|p2a: Skarmory|Toxic|p1a: Suicune","|-status|p1a: Suicune|tox","|","|-weather|Sandstorm|[upkeep]","|-damage|p1a: Suicune|276/401 tox|[from] Sandstorm","|-heal|p1a: Suicune|301/401 tox|[from] item: Leftovers","|-damage|p1a: Suicune|276/401 tox|[from] psn","|-heal|p2a: Skarmory|255/333|[from] item: Leftovers","|upkeep","|turn|44","||adding 10 for new turn","|","|t:|1752926010","|move|p1a: Suicune|Rest|p1a: Suicune","|-status|p1a: Suicune|slp|[from] move: Rest","|-heal|p1a: Suicune|401/401 slp|[silent]","|move|p2a: Skarmory|Drill Peck|p1a: Suicune","|-damage|p1a: Suicune|347/401 slp","|","|-weather|Sandstorm|[upkeep]","|-damage|p1a: Suicune|322/401 slp|[from] Sandstorm","|-heal|p1a: Suicune|347/401 slp|[from] item: Leftovers","|-heal|p2a: Skarmory|275/333|[from] item: Leftovers","|upkeep","|turn|45","||adding 10 for new turn","|","|t:|1752926011","|cant|p1a: Suicune|slp","|move|p2a: Skarmory|Drill Peck|p1a: Suicune","|-damage|p1a: Suicune|292/401 slp","|","|-weather|Sandstorm|[upkeep]","|-damage|p1a: Suicune|267/401 slp|[from] Sandstorm","|-heal|p1a: Suicune|292/401 slp|[from] item: Leftovers","|-heal|p2a: Skarmory|295/333|[from] item: Leftovers","|upkeep","|turn|46","||adding 10 for new turn","|","|t:|1752926012","|cant|p1a: Suicune|slp","|move|p2a: Skarmory|Roar|p1a: Suicune","|drag|p1a: Dugtrio|Dugtrio, M|20/235","|-damage|p1a: Dugtrio|0 fnt|[from] Spikes","|faint|p1a: Dugtrio","||adding 5 to each for mid turn request","|","|t:|1752926012","|switch|p1a: Claydol|Claydol|304/324 tox","|","|-weather|Sandstorm|[upkeep]","|-heal|p1a: Claydol|324/324 tox|[from] item: Leftovers","|-damage|p1a: Claydol|304/324 tox|[from] psn","|-heal|p2a: Skarmory|315/333|[from] item: Leftovers","|upkeep","|turn|47","||adding 10 for new turn","|","|t:|1752926013","|move|p1a: Claydol|Rapid Spin|p2a: Skarmory","|-resisted|p2a: Skarmory","|-damage|p2a: Skarmory|309/333","|-sideend|p1: foultestchallenge1|Spikes|[from] move: Rapid Spin|[of] p1a: Claydol","|move|p2a: Skarmory|Drill Peck|p1a: Claydol","|-damage|p1a: Claydol|225/324 tox","|","|-weather|Sandstorm|[upkeep]","|-heal|p1a: Claydol|245/324 tox|[from] item: Leftovers","|-damage|p1a: Claydol|205/324 tox|[from] psn","|-heal|p2a: Skarmory|329/333|[from] item: Leftovers","|upkeep","|turn|48","||adding 10 for new turn","|","|t:|1752926014","|move|p1a: Claydol|Rest|p1a: Claydol","|-status|p1a: Claydol|slp|[from] move: Rest","|-heal|p1a: Claydol|324/324 slp|[silent]","|move|p2a: Skarmory|Drill Peck|p1a: Claydol","|-damage|p1a: Claydol|243/324 slp","|","|-weather|Sandstorm|[upkeep]","|-heal|p1a: Claydol|263/324 slp|[from] item: Leftovers","|-heal|p2a: Skarmory|333/333|[from] item: Leftovers","|upkeep","|turn|49","||adding 10 for new turn","|","|t:|1752926015","|switch|p1a: Suicune|Suicune|292/401 slp","|-ability|p1a: Suicune|Pressure|[silent]","|move|p2a: Skarmory|Drill Peck|p1a: Suicune","|-damage|p1a: Suicune|235/401 slp","|","|-weather|Sandstorm|[upkeep]","|-damage|p1a: Suicune|210/401 slp|[from] Sandstorm","|-heal|p1a: Suicune|235/401 slp|[from] item: Leftovers","|upkeep","|turn|50","||adding 10 for new turn","|","|t:|1752926016","|-curestatus|p1a: Suicune|slp|[msg]","|move|p1a: Suicune|Surf|p2a: Skarmory","|-damage|p2a: Skarmory|243/333","|move|p2a: Skarmory|Toxic|p1a: Suicune","|-status|p1a: Suicune|tox","|","|-weather|Sandstorm|[upkeep]","|-damage|p1a: Suicune|210/401 tox|[from] Sandstorm","|-heal|p1a: Suicune|235/401 tox|[from] item: Leftovers","|-damage|p1a: Suicune|210/401 tox|[from] psn","|-heal|p2a: Skarmory|263/333|[from] item: Leftovers","|upkeep","|turn|51","||adding 10 for new turn","|","|t:|1752926017","|move|p1a: Suicune|Rest|p1a: Suicune","|-status|p1a: Suicune|slp|[from] move: Rest","|-heal|p1a: Suicune|401/401 slp|[silent]","|move|p2a: Skarmory|Drill Peck|p1a: Suicune","|-damage|p1a: Suicune|350/401 slp","|","|-weather|Sandstorm|[upkeep]","|-damage|p1a: Suicune|325/401 slp|[from] Sandstorm","|-heal|p1a: Suicune|350/401 slp|[from] item: Leftovers","|-heal|p2a: Skarmory|283/333|[from] item: Leftovers","|upkeep","|turn|52","||adding 10 for new turn","|","|t:|1752926018","|switch|p1a: Blissey|Blissey, F|625/714","|move|p2a: Skarmory|Drill Peck|p1a: Blissey","|-damage|p1a: Blissey|475/714","|","|-weather|Sandstorm|[upkeep]","|-damage|p1a: Blissey|431/714|[from] Sandstorm","|-heal|p2a: Skarmory|303/333|[from] item: Leftovers","|-heal|p1a: Blissey|475/714|[from] item: Leftovers","|upkeep","|turn|53","||adding 10 for new turn","|","|t:|1752926019","|move|p2a: Skarmory|Drill Peck|p1a: Blissey","|-damage|p1a: Blissey|342/714","|move|p1a: Blissey|Aromatherapy|p1a: Blissey","|-cureteam|p1a: Blissey|[from] move: Aromatherapy","|","|-weather|Sandstorm|[upkeep]","|-damage|p1a: Blissey|298/714|[from] Sandstorm","|-heal|p2a: Skarmory|323/333|[from] item: Leftovers","|-heal|p1a: Blissey|342/714|[from] item: Leftovers","|upkeep","|turn|54","||adding 10 for new turn","|","|t:|1752926020","|move|p2a: Skarmory|Drill Peck|p1a: Blissey","|-damage|p1a: Blissey|204/714","|move|p1a: Blissey|Soft-Boiled|p1a: Blissey","|-heal|p1a: Blissey|561/714","|","|-weather|Sandstorm|[upkeep]","|-damage|p1a: Blissey|517/714|[from] Sandstorm","|-heal|p2a: Skarmory|333/333|[from] item: Leftovers","|-heal|p1a: Blissey|561/714|[from] item: Leftovers","|upkeep","|turn|55","||adding 10 for new turn","|","|t:|1752926021","|switch|p2a: Blissey|Blissey, F|478/661","|move|p1a: Blissey|Soft-Boiled|p1a: Blissey","|-heal|p1a: Blissey|714/714","|","|-weather|Sandstorm|[upkeep]","|-damage|p2a: Blissey|437/661|[from] Sandstorm","|-damage|p1a: Blissey|670/714|[from] Sandstorm","|-heal|p2a: Blissey|478/661|[from] item: Leftovers","|-heal|p1a: Blissey|714/714|[from] item: Leftovers","|upkeep","|turn|56","||adding 10 for new turn","|","|t:|1752926022","|move|p2a: Blissey|Soft-Boiled|p2a: Blissey","|-heal|p2a: Blissey|661/661","|move|p1a: Blissey|Thunder Wave|p2a: Blissey","|-status|p2a: Blissey|par","|","|-weather|Sandstorm|[upkeep]","|-damage|p1a: Blissey|670/714|[from] Sandstorm","|-damage|p2a: Blissey|620/661 par|[from] Sandstorm","|-heal|p1a: Blissey|714/714|[from] item: Leftovers","|-heal|p2a: Blissey|661/661 par|[from] item: Leftovers","|upkeep","|turn|57","||adding 10 for new turn","|","|t:|1752926023","|move|p1a: Blissey|Seismic Toss|p2a: Blissey","|-damage|p2a: Blissey|561/661 par","|move|p2a: Blissey|Ice Beam|p1a: Blissey","|-damage|p1a: Blissey|650/714","|","|-weather|Sandstorm|[upkeep]","|-damage|p1a: Blissey|606/714|[from] Sandstorm","|-damage|p2a: Blissey|520/661 par|[from] Sandstorm","|-heal|p1a: Blissey|650/714|[from] item: Leftovers","|-heal|p2a: Blissey|561/661 par|[from] item: Leftovers","|upkeep","|turn|58","||adding 10 for new turn","|","|t:|1752926024","|move|p1a: Blissey|Seismic Toss|p2a: Blissey","|-damage|p2a: Blissey|461/661 par","|cant|p2a: Blissey|par","|","|-weather|Sandstorm|[upkeep]","|-damage|p1a: Blissey|606/714|[from] Sandstorm","|-damage|p2a: Blissey|420/661 par|[from] Sandstorm","|-heal|p1a: Blissey|650/714|[from] item: Leftovers","|-heal|p2a: Blissey|461/661 par|[from] item: Leftovers","|upkeep","|turn|59","||adding 10 for new turn","|","|t:|1752926025","|move|p1a: Blissey|Seismic Toss|p2a: Blissey","|-damage|p2a: Blissey|361/661 par","|move|p2a: Blissey|Soft-Boiled|p2a: Blissey","|-heal|p2a: Blissey|661/661 par","|","|-weather|Sandstorm|[upkeep]","|-damage|p1a: Blissey|606/714|[from] Sandstorm","|-damage|p2a: Blissey|620/661 par|[from] Sandstorm","|-heal|p1a: Blissey|650/714|[from] item: Leftovers","|-heal|p2a: Blissey|661/661 par|[from] item: Leftovers","|upkeep","|turn|60","||adding 10 for new turn","|","|t:|1752926026","|move|p1a: Blissey|Seismic Toss|p2a: Blissey","|-damage|p2a: Blissey|561/661 par","|move|p2a: Blissey|Seismic Toss|p1a: Blissey","|-damage|p1a: Blissey|550/714","|","|-weather|Sandstorm|[upkeep]","|-damage|p1a: Blissey|506/714|[from] Sandstorm","|-damage|p2a: Blissey|520/661 par|[from] Sandstorm","|-heal|p1a: Blissey|550/714|[from] item: Leftovers","|-heal|p2a: Blissey|561/661 par|[from] item: Leftovers","|upkeep","|turn|61","||adding 10 for new turn","|","|t:|1752926027","|move|p1a: Blissey|Soft-Boiled|p1a: Blissey","|-heal|p1a: Blissey|714/714","|move|p2a: Blissey|Soft-Boiled|p2a: Blissey","|-heal|p2a: Blissey|661/661 par","|","|-weather|Sandstorm|[upkeep]","|-damage|p1a: Blissey|670/714|[from] Sandstorm","|-damage|p2a: Blissey|620/661 par|[from] Sandstorm","|-heal|p1a: Blissey|714/714|[from] item: Leftovers","|-heal|p2a: Blissey|661/661 par|[from] item: Leftovers","|upkeep","|turn|62","||adding 10 for new turn","|","|t:|1752926028","|move|p1a: Blissey|Seismic Toss|p2a: Blissey","|-damage|p2a: Blissey|561/661 par","|move|p2a: Blissey|Ice Beam|p1a: Blissey","|-damage|p1a: Blissey|659/714","|","|-weather|Sandstorm|[upkeep]","|-damage|p1a: Blissey|615/714|[from] Sandstorm","|-damage|p2a: Blissey|520/661 par|[from] Sandstorm","|-heal|p1a: Blissey|659/714|[from] item: Leftovers","|-heal|p2a: Blissey|561/661 par|[from] item: Leftovers","|upkeep","|turn|63","||adding 10 for new turn","|","|t:|1752926029","|move|p1a: Blissey|Seismic Toss|p2a: Blissey","|-damage|p2a: Blissey|461/661 par","|move|p2a: Blissey|Soft-Boiled|p2a: Blissey","|-heal|p2a: Blissey|661/661 par","|","|-weather|Sandstorm|[upkeep]","|-damage|p1a: Blissey|615/714|[from] Sandstorm","|-damage|p2a: Blissey|620/661 par|[from] Sandstorm","|-heal|p1a: Blissey|659/714|[from] item: Leftovers","|-heal|p2a: Blissey|661/661 par|[from] item: Leftovers","|upkeep","|turn|64","||adding 10 for new turn","|","|t:|1752926030","|-curestatus|p2a: Blissey|par|[from] ability: Natural Cure","|switch|p2a: Skarmory|Skarmory, F|333/333","|move|p1a: Blissey|Seismic Toss|p2a: Skarmory","|-damage|p2a: Skarmory|233/333","|","|-weather|Sandstorm|[upkeep]","|-damage|p1a: Blissey|615/714|[from] Sandstorm","|-heal|p2a: Skarmory|253/333|[from] item: Leftovers","|-heal|p1a: Blissey|659/714|[from] item: Leftovers","|upkeep","|turn|65","||adding 10 for new turn","|","|t:|1752926031","|move|p2a: Skarmory|Drill Peck|p1a: Blissey","|-crit|p1a: Blissey","|-damage|p1a: Blissey|381/714","|move|p1a: Blissey|Seismic Toss|p2a: Skarmory","|-damage|p2a: Skarmory|153/333","|","|-weather|Sandstorm|[upkeep]","|-damage|p1a: Blissey|337/714|[from] Sandstorm","|-heal|p2a: Skarmory|173/333|[from] item: Leftovers","|-heal|p1a: Blissey|381/714|[from] item: Leftovers","|upkeep","|turn|66","||adding 10 for new turn","|","|t:|1752926032","|move|p2a: Skarmory|Drill Peck|p1a: Blissey","|-damage|p1a: Blissey|248/714","|move|p1a: Blissey|Soft-Boiled|p1a: Blissey","|-heal|p1a: Blissey|605/714","|","|-weather|Sandstorm|[upkeep]","|-damage|p1a: Blissey|561/714|[from] Sandstorm","|-heal|p2a: Skarmory|193/333|[from] item: Leftovers","|-heal|p1a: Blissey|605/714|[from] item: Leftovers","|upkeep","|turn|67","||adding 10 for new turn","|","|t:|1752926033","|move|p2a: Skarmory|Drill Peck|p1a: Blissey","|-damage|p1a: Blissey|458/714","|move|p1a: Blissey|Seismic Toss|p2a: Skarmory","|-damage|p2a: Skarmory|93/333","|","|-weather|Sandstorm|[upkeep]","|-damage|p1a: Blissey|414/714|[from] Sandstorm","|-heal|p2a: Skarmory|113/333|[from] item: Leftovers","|-heal|p1a: Blissey|458/714|[from] item: Leftovers","|upkeep","|turn|68","||adding 10 for new turn","|","|t:|1752926034","|move|p2a: Skarmory|Toxic|p1a: Blissey","|-status|p1a: Blissey|tox","|move|p1a: Blissey|Soft-Boiled|p1a: Blissey","|-heal|p1a: Blissey|714/714 tox","|","|-weather|Sandstorm|[upkeep]","|-damage|p1a: Blissey|670/714 tox|[from] Sandstorm","|-heal|p2a: Skarmory|133/333|[from] item: Leftovers","|-heal|p1a: Blissey|714/714 tox|[from] item: Leftovers","|-damage|p1a: Blissey|670/714 tox|[from] psn","|upkeep","|turn|69","||adding 10 for new turn","|","|t:|1752926034","|-curestatus|p1a: Blissey|tox|[from] ability: Natural Cure","|switch|p1a: Suicune|Suicune|350/401","|-ability|p1a: Suicune|Pressure|[silent]","|move|p2a: Skarmory|Drill Peck|p1a: Suicune","|-crit|p1a: Suicune","|-damage|p1a: Suicune|249/401","|","|-weather|Sandstorm|[upkeep]","|-damage|p1a: Suicune|224/401|[from] Sandstorm","|-heal|p1a: Suicune|249/401|[from] item: Leftovers","|-heal|p2a: Skarmory|153/333|[from] item: Leftovers","|upkeep","|turn|70","||adding 10 for new turn","|","|t:|1752926035","|move|p1a: Suicune|Surf|p2a: Skarmory","|-damage|p2a: Skarmory|61/333","|move|p2a: Skarmory|Toxic|p1a: Suicune","|-status|p1a: Suicune|tox","|","|-weather|Sandstorm|[upkeep]","|-damage|p1a: Suicune|224/401 tox|[from] Sandstorm","|-heal|p1a: Suicune|249/401 tox|[from] item: Leftovers","|-damage|p1a: Suicune|224/401 tox|[from] psn","|-heal|p2a: Skarmory|81/333|[from] item: Leftovers","|upkeep","|turn|71","||adding 10 for new turn","|","|t:|1752926036","|move|p1a: Suicune|Rest|p1a: Suicune","|-status|p1a: Suicune|slp|[from] move: Rest","|-heal|p1a: Suicune|401/401 slp|[silent]","|move|p2a: Skarmory|Drill Peck|p1a: Suicune","|-damage|p1a: Suicune|345/401 slp","|","|-weather|Sandstorm|[upkeep]","|-damage|p1a: Suicune|320/401 slp|[from] Sandstorm","|-heal|p1a: Suicune|345/401 slp|[from] item: Leftovers","|-heal|p2a: Skarmory|101/333|[from] item: Leftovers","|upkeep","|turn|72","||adding 10 for new turn","|","|t:|1752926037","|cant|p1a: Suicune|slp","|move|p2a: Skarmory|Drill Peck|p1a: Suicune","|-damage|p1a: Suicune|292/401 slp","|","|-weather|Sandstorm|[upkeep]","|-damage|p1a: Suicune|267/401 slp|[from] Sandstorm","|-heal|p1a: Suicune|292/401 slp|[from] item: Leftovers","|-heal|p2a: Skarmory|121/333|[from] item: Leftovers","|upkeep","|turn|73","||adding 10 for new turn","|","|t:|1752926038","|cant|p1a: Suicune|slp","|move|p2a: Skarmory|Drill Peck|p1a: Suicune","|-crit|p1a: Suicune","|-damage|p1a: Suicune|191/401 slp","|","|-weather|Sandstorm|[upkeep]","|-damage|p1a: Suicune|166/401 slp|[from] Sandstorm","|-heal|p1a: Suicune|191/401 slp|[from] item: Leftovers","|-heal|p2a: Skarmory|141/333|[from] item: Leftovers","|upkeep","|turn|74","||adding 10 for new turn","|","|t:|1752926039","|-curestatus|p1a: Suicune|slp|[msg]","|move|p1a: Suicune|Rest|p1a: Suicune","|-status|p1a: Suicune|slp|[from] move: Rest","|-heal|p1a: Suicune|401/401 slp|[silent]","|move|p2a: Skarmory|Toxic|p1a: Suicune|[miss]","|-miss|p2a: Skarmory|p1a: Suicune","|","|-weather|Sandstorm|[upkeep]","|-damage|p1a: Suicune|376/401 slp|[from] Sandstorm","|-heal|p1a: Suicune|401/401 slp|[from] item: Leftovers","|-heal|p2a: Skarmory|161/333|[from] item: Leftovers","|upkeep","|turn|75","||adding 10 for new turn","|","|t:|1752926039","|cant|p1a: Suicune|slp","|move|p2a: Skarmory|Drill Peck|p1a: Suicune","|-damage|p1a: Suicune|350/401 slp","|","|-weather|Sandstorm|[upkeep]","|-damage|p1a: Suicune|325/401 slp|[from] Sandstorm","|-heal|p1a: Suicune|350/401 slp|[from] item: Leftovers","|-heal|p2a: Skarmory|181/333|[from] item: Leftovers","|upkeep","|turn|76","||adding 10 for new turn","|","|t:|1752926040","|cant|p1a: Suicune|slp","|move|p2a: Skarmory|Roar|p1a: Suicune","|drag|p1a: Blissey|Blissey, F|670/714","|","|-weather|Sandstorm|[upkeep]","|-damage|p1a: Blissey|626/714|[from] Sandstorm","|-heal|p2a: Skarmory|201/333|[from] item: Leftovers","|-heal|p1a: Blissey|670/714|[from] item: Leftovers","|upkeep","|turn|77","||adding 10 for new turn","|","|t:|1752926041","|switch|p1a: Suicune|Suicune|350/401 slp","|-ability|p1a: Suicune|Pressure|[silent]","|move|p2a: Skarmory|Drill Peck|p1a: Suicune","|-damage|p1a: Suicune|296/401 slp","|","|-weather|Sandstorm|[upkeep]","|-damage|p1a: Suicune|271/401 slp|[from] Sandstorm","|-heal|p1a: Suicune|296/401 slp|[from] item: Leftovers","|-heal|p2a: Skarmory|221/333|[from] item: Leftovers","|upkeep","|turn|78","||adding 10 for new turn","|","|t:|1752926042","|-curestatus|p1a: Suicune|slp|[msg]","|move|p1a: Suicune|Calm Mind|p1a: Suicune","|-boost|p1a: Suicune|spa|1","|-boost|p1a: Suicune|spd|1","|move|p2a: Skarmory|Toxic|p1a: Suicune","|-status|p1a: Suicune|tox","|","|-weather|Sandstorm|[upkeep]","|-damage|p1a: Suicune|271/401 tox|[from] Sandstorm","|-heal|p1a: Suicune|296/401 tox|[from] item: Leftovers","|-damage|p1a: Suicune|271/401 tox|[from] psn","|-heal|p2a: Skarmory|241/333|[from] item: Leftovers","|upkeep","|turn|79","||adding 10 for new turn","|","|t:|1752926043","|move|p1a: Suicune|Rest|p1a: Suicune","|-status|p1a: Suicune|slp|[from] move: Rest","|-heal|p1a: Suicune|401/401 slp|[silent]","|move|p2a: Skarmory|Roar|p1a: Suicune","|drag|p1a: Claydol|Claydol|263/324","|","|-weather|Sandstorm|[upkeep]","|-heal|p1a: Claydol|283/324|[from] item: Leftovers","|-heal|p2a: Skarmory|261/333|[from] item: Leftovers","|upkeep","|turn|80","||adding 10 for new turn","|","|t:|1752926043","|switch|p1a: Forretress|Forretress, M|354/354","|move|p2a: Skarmory|Drill Peck|p1a: Forretress","|-crit|p1a: Forretress","|-damage|p1a: Forretress|233/354","|","|-weather|Sandstorm|[upkeep]","|-heal|p2a: Skarmory|281/333|[from] item: Leftovers","|-heal|p1a: Forretress|255/354|[from] item: Leftovers","|upkeep","|turn|81","||adding 10 for new turn","|","|t:|1752926044","|move|p2a: Skarmory|Drill Peck|p1a: Forretress","|-damage|p1a: Forretress|193/354","|move|p1a: Forretress|Spikes|p2a: Skarmory","|-sidestart|p2: foultestacceptor1|Spikes","|","|-weather|Sandstorm|[upkeep]","|-heal|p2a: Skarmory|301/333|[from] item: Leftovers","|-heal|p1a: Forretress|215/354|[from] item: Leftovers","|upkeep","|turn|82","||adding 10 for new turn","|","|t:|1752926045","|move|p2a: Skarmory|Drill Peck|p1a: Forretress","|-damage|p1a: Forretress|154/354","|move|p1a: Forretress|Spikes|p2a: Skarmory","|-sidestart|p2: foultestacceptor1|Spikes","|","|-weather|Sandstorm|[upkeep]","|-heal|p2a: Skarmory|321/333|[from] item: Leftovers","|-heal|p1a: Forretress|176/354|[from] item: Leftovers","|upkeep","|turn|83","||adding 10 for new turn","|","|t:|1752926046","|switch|p2a: Claydol|Claydol|317/317","|move|p1a: Forretress|Spikes|p2a: Claydol","|-sidestart|p2: foultestacceptor1|Spikes","|","|-weather|Sandstorm|[upkeep]","|-heal|p1a: Forretress|198/354|[from] item: Leftovers","|upkeep","|turn|84","||adding 10 for new turn","|","|t:|1752926047","|move|p2a: Claydol|Rapid Spin|p1a: Forretress","|-resisted|p1a: Forretress","|-damage|p1a: Forretress|192/354","|-sideend|p2: foultestacceptor1|Spikes|[from] move: Rapid Spin|[of] p2a: Claydol","|move|p1a: Forretress|Hidden Power|p2a: Claydol","|-supereffective|p2a: Claydol","|-damage|p2a: Claydol|182/317","|","|-weather|Sandstorm|[upkeep]","|-heal|p2a: Claydol|201/317|[from] item: Leftovers","|-heal|p1a: Forretress|214/354|[from] item: Leftovers","|upkeep","|turn|85","||adding 10 for new turn","|","|t:|1752926048","|move|p2a: Claydol|Earthquake|p1a: Forretress","|-damage|p1a: Forretress|121/354","|move|p1a: Forretress|Spikes|p2a: Claydol","|-sidestart|p2: foultestacceptor1|Spikes","|","|-weather|Sandstorm|[upkeep]","|-heal|p2a: Claydol|220/317|[from] item: Leftovers","|-heal|p1a: Forretress|143/354|[from] item: Leftovers","|upkeep","|turn|86","||adding 10 for new turn","|","|t:|1752926049","|move|p2a: Claydol|Earthquake|p1a: Forretress","|-damage|p1a: Forretress|41/354","|move|p1a: Forretress|Hidden Power|p2a: Claydol","|-supereffective|p2a: Claydol","|-damage|p2a: Claydol|86/317","|","|-weather|Sandstorm|[upkeep]","|-heal|p2a: Claydol|105/317|[from] item: Leftovers","|-heal|p1a: Forretress|63/354|[from] item: Leftovers","|upkeep","|turn|87","||adding 10 for new turn","|","|t:|1752926050","|switch|p1a: Claydol|Claydol|283/324","|move|p2a: Claydol|Earthquake|p1a: Claydol","|-immune|p1a: Claydol","|","|-weather|Sandstorm|[upkeep]","|-heal|p2a: Claydol|124/317|[from] item: Leftovers","|-heal|p1a: Claydol|303/324|[from] item: Leftovers","|upkeep","|turn|88","||adding 10 for new turn","|","|t:|1752926051","|move|p2a: Claydol|Rapid Spin|p1a: Claydol","|-crit|p1a: Claydol","|-damage|p1a: Claydol|264/324","|-sideend|p2: foultestacceptor1|Spikes|[from] move: Rapid Spin|[of] p2a: Claydol","|move|p1a: Claydol|Psychic|p2a: Claydol","|-resisted|p2a: Claydol","|-crit|p2a: Claydol","|-damage|p2a: Claydol|55/317","|","|-weather|Sandstorm|[upkeep]","|-heal|p2a: Claydol|74/317|[from] item: Leftovers","|-heal|p1a: Claydol|284/324|[from] item: Leftovers","|upkeep","|turn|89","||adding 10 for new turn","|","|t:|1752926052","|switch|p1a: Forretress|Forretress, M|63/354","|move|p2a: Claydol|Earthquake|p1a: Forretress","|-damage|p1a: Forretress|0 fnt","|faint|p1a: Forretress","||adding 5 to each for mid turn request","|","|t:|1752926053","|switch|p1a: Suicune|Suicune|401/401 slp","|-ability|p1a: Suicune|Pressure|[silent]","|","|-weather|Sandstorm|[upkeep]","|-damage|p1a: Suicune|376/401 slp|[from] Sandstorm","|-heal|p1a: Suicune|401/401 slp|[from] item: Leftovers","|-heal|p2a: Claydol|93/317|[from] item: Leftovers","|upkeep","|turn|90","||adding 10 for new turn","|","|t:|1752926054","|cant|p1a: Suicune|slp","|move|p2a: Claydol|Earthquake|p1a: Suicune","|-damage|p1a: Suicune|321/401 slp","|","|-weather|Sandstorm|[upkeep]","|-damage|p1a: Suicune|296/401 slp|[from] Sandstorm","|-heal|p1a: Suicune|321/401 slp|[from] item: Leftovers","|-heal|p2a: Claydol|112/317|[from] item: Leftovers","|upkeep","|turn|91","||adding 10 for new turn","|","|t:|1752926055","|cant|p1a: Suicune|slp","|move|p2a: Claydol|Earthquake|p1a: Suicune","|-damage|p1a: Suicune|242/401 slp","|","|-weather|Sandstorm|[upkeep]","|-damage|p1a: Suicune|217/401 slp|[from] Sandstorm","|-heal|p1a: Suicune|242/401 slp|[from] item: Leftovers","|-heal|p2a: Claydol|131/317|[from] item: Leftovers","|upkeep","|turn|92","||adding 10 for new turn","|","|t:|1752926056","|switch|p2a: Blissey|Blissey, F|661/661","|-curestatus|p1a: Suicune|slp|[msg]","|move|p1a: Suicune|Surf|p2a: Blissey","|-damage|p2a: Blissey|584/661","|","|-weather|Sandstorm|[upkeep]","|-damage|p1a: Suicune|217/401|[from] Sandstorm","|-damage|p2a: Blissey|543/661|[from] Sandstorm","|-heal|p1a: Suicune|242/401|[from] item: Leftovers","|-heal|p2a: Blissey|584/661|[from] item: Leftovers","|upkeep","|turn|93","||adding 10 for new turn","|","|t:|1752926057","|move|p1a: Suicune|Calm Mind|p1a: Suicune","|-boost|p1a: Suicune|spa|1","|-boost|p1a: Suicune|spd|1","|move|p2a: Blissey|Seismic Toss|p1a: Suicune","|-damage|p1a: Suicune|142/401","|","|-weather|Sandstorm|[upkeep]","|-damage|p1a: Suicune|117/401|[from] Sandstorm","|-damage|p2a: Blissey|543/661|[from] Sandstorm","|-heal|p1a: Suicune|142/401|[from] item: Leftovers","|-heal|p2a: Blissey|584/661|[from] item: Leftovers","|upkeep","|turn|94","||adding 10 for new turn","|","|t:|1752926057","|move|p1a: Suicune|Calm Mind|p1a: Suicune","|-boost|p1a: Suicune|spa|1","|-boost|p1a: Suicune|spd|1","|move|p2a: Blissey|Seismic Toss|p1a: Suicune","|-damage|p1a: Suicune|42/401","|","|-weather|Sandstorm|[upkeep]","|-damage|p1a: Suicune|17/401|[from] Sandstorm","|-damage|p2a: Blissey|543/661|[from] Sandstorm","|-heal|p1a: Suicune|42/401|[from] item: Leftovers","|-heal|p2a: Blissey|584/661|[from] item: Leftovers","|upkeep","|turn|95","||adding 10 for new turn","|","|t:|1752926058","|move|p1a: Suicune|Rest|p1a: Suicune","|-status|p1a: Suicune|slp|[from] move: Rest","|-heal|p1a: Suicune|401/401 slp|[silent]","|move|p2a: Blissey|Seismic Toss|p1a: Suicune","|-damage|p1a: Suicune|301/401 slp","|","|-weather|Sandstorm|[upkeep]","|-damage|p1a: Suicune|276/401 slp|[from] Sandstorm","|-damage|p2a: Blissey|543/661|[from] Sandstorm","|-heal|p1a: Suicune|301/401 slp|[from] item: Leftovers","|-heal|p2a: Blissey|584/661|[from] item: Leftovers","|upkeep","|turn|96","||adding 10 for new turn","|","|t:|1752926059","|switch|p2a: Skarmory|Skarmory, F|321/333","|cant|p1a: Suicune|slp","|","|-weather|Sandstorm|[upkeep]","|-damage|p1a: Suicune|276/401 slp|[from] Sandstorm","|-heal|p1a: Suicune|301/401 slp|[from] item: Leftovers","|-heal|p2a: Skarmory|333/333|[from] item: Leftovers","|upkeep","|turn|97","||adding 10 for new turn","|","|t:|1752926060","|cant|p1a: Suicune|slp","|move|p2a: Skarmory|Roar|p1a: Suicune","|drag|p1a: Claydol|Claydol|284/324","|","|-weather|Sandstorm|[upkeep]","|-heal|p1a: Claydol|304/324|[from] item: Leftovers","|upkeep","|turn|98","||adding 10 for new turn","|","|t:|1752926061","|switch|p1a: Suicune|Suicune|301/401 slp","|-ability|p1a: Suicune|Pressure|[silent]","|move|p2a: Skarmory|Roar|p1a: Suicune","|drag|p1a: Snorlax|Snorlax, F|497/497","|","|-weather|Sandstorm|[upkeep]","|-damage|p1a: Snorlax|466/497|[from] Sandstorm","|-heal|p1a: Snorlax|497/497|[from] item: Leftovers","|upkeep","|turn|99","||adding 10 for new turn","|","|t:|1752926062","|switch|p1a: Suicune|Suicune|301/401 slp","|-ability|p1a: Suicune|Pressure|[silent]","|move|p2a: Skarmory|Drill Peck|p1a: Suicune","|-damage|p1a: Suicune|246/401 slp","|","|-weather|Sandstorm|[upkeep]","|-damage|p1a: Suicune|221/401 slp|[from] Sandstorm","|-heal|p1a: Suicune|246/401 slp|[from] item: Leftovers","|upkeep","|turn|100","||adding 10 for new turn","|","|t:|1752926062","|-curestatus|p1a: Suicune|slp|[msg]","|move|p1a: Suicune|Surf|p2a: Skarmory","|-damage|p2a: Skarmory|234/333","|move|p2a: Skarmory|Toxic|p1a: Suicune","|-status|p1a: Suicune|tox","|","|-weather|Sandstorm|[upkeep]","|-damage|p1a: Suicune|221/401 tox|[from] Sandstorm","|-heal|p1a: Suicune|246/401 tox|[from] item: Leftovers","|-damage|p1a: Suicune|221/401 tox|[from] psn","|-heal|p2a: Skarmory|254/333|[from] item: Leftovers","|upkeep","|turn|101","||adding 10 for new turn","|","|t:|1752926063","|switch|p2a: Blissey|Blissey, F|584/661","|move|p1a: Suicune|Rest|p1a: Suicune","|-status|p1a: Suicune|slp|[from] move: Rest","|-heal|p1a: Suicune|401/401 slp|[silent]","|","|-weather|Sandstorm|[upkeep]","|-damage|p1a: Suicune|376/401 slp|[from] Sandstorm","|-damage|p2a: Blissey|543/661|[from] Sandstorm","|-heal|p1a: Suicune|401/401 slp|[from] item: Leftovers","|-heal|p2a: Blissey|584/661|[from] item: Leftovers","|upkeep","|turn|102","||adding 10 for new turn","|","|t:|1752926064","|cant|p1a: Suicune|slp","|move|p2a: Blissey|Seismic Toss|p1a: Suicune","|-damage|p1a: Suicune|301/401 slp","|","|-weather|Sandstorm|[upkeep]","|-damage|p1a: Suicune|276/401 slp|[from] Sandstorm","|-damage|p2a: Blissey|543/661|[from] Sandstorm","|-heal|p1a: Suicune|301/401 slp|[from] item: Leftovers","|-heal|p2a: Blissey|584/661|[from] item: Leftovers","|upkeep","|turn|103","||adding 10 for new turn","|","|t:|1752926065","|cant|p1a: Suicune|slp","|move|p2a: Blissey|Seismic Toss|p1a: Suicune","|-damage|p1a: Suicune|201/401 slp","|","|-weather|Sandstorm|[upkeep]","|-damage|p1a: Suicune|176/401 slp|[from] Sandstorm","|-damage|p2a: Blissey|543/661|[from] Sandstorm","|-heal|p1a: Suicune|201/401 slp|[from] item: Leftovers","|-heal|p2a: Blissey|584/661|[from] item: Leftovers","|upkeep","|turn|104","||adding 10 for new turn","|","|t:|1752926066","|-curestatus|p1a: Suicune|slp|[msg]","|move|p1a: Suicune|Calm Mind|p1a: Suicune","|-boost|p1a: Suicune|spa|1","|-boost|p1a: Suicune|spd|1","|move|p2a: Blissey|Seismic Toss|p1a: Suicune","|-damage|p1a: Suicune|101/401","|","|-weather|Sandstorm|[upkeep]","|-damage|p1a: Suicune|76/401|[from] Sandstorm","|-damage|p2a: Blissey|543/661|[from] Sandstorm","|-heal|p1a: Suicune|101/401|[from] item: Leftovers","|-heal|p2a: Blissey|584/661|[from] item: Leftovers","|upkeep","|turn|105","||adding 10 for new turn","|","|t:|1752926067","|move|p1a: Suicune|Rest|p1a: Suicune","|-status|p1a: Suicune|slp|[from] move: Rest","|-heal|p1a: Suicune|401/401 slp|[silent]","|move|p2a: Blissey|Seismic Toss|p1a: Suicune","|-damage|p1a: Suicune|301/401 slp","|","|-weather|Sandstorm|[upkeep]","|-damage|p1a: Suicune|276/401 slp|[from] Sandstorm","|-damage|p2a: Blissey|543/661|[from] Sandstorm","|-heal|p1a: Suicune|301/401 slp|[from] item: Leftovers","|-heal|p2a: Blissey|584/661|[from] item: Leftovers","|upkeep","|turn|106","||adding 10 for new turn","|","|t:|1752926067","|switch|p2a: Skarmory|Skarmory, F|254/333","|cant|p1a: Suicune|slp","|","|-weather|Sandstorm|[upkeep]","|-damage|p1a: Suicune|276/401 slp|[from] Sandstorm","|-heal|p1a: Suicune|301/401 slp|[from] item: Leftovers","|-heal|p2a: Skarmory|274/333|[from] item: Leftovers","|upkeep","|turn|107","||adding 10 for new turn","|","|t:|1752926068","|cant|p1a: Suicune|slp","|move|p2a: Skarmory|Roar|p1a: Suicune","|drag|p1a: Claydol|Claydol|304/324","|","|-weather|Sandstorm|[upkeep]","|-heal|p1a: Claydol|324/324|[from] item: Leftovers","|-heal|p2a: Skarmory|294/333|[from] item: Leftovers","|upkeep","|turn|108","||adding 10 for new turn","|","|t:|1752926069","|switch|p1a: Suicune|Suicune|301/401 slp","|-ability|p1a: Suicune|Pressure|[silent]","|move|p2a: Skarmory|Roar|p1a: Suicune","|drag|p1a: Blissey|Blissey, F|670/714","|","|-weather|Sandstorm|[upkeep]","|-damage|p1a: Blissey|626/714|[from] Sandstorm","|-heal|p2a: Skarmory|314/333|[from] item: Leftovers","|-heal|p1a: Blissey|670/714|[from] item: Leftovers","|upkeep","|turn|109","||adding 10 for new turn","|","|t:|1752926070","|switch|p2a: Blissey|Blissey, F|584/661","|switch|p1a: Suicune|Suicune|301/401 slp","|-ability|p1a: Suicune|Pressure|[silent]","|","|-weather|Sandstorm|[upkeep]","|-damage|p1a: Suicune|276/401 slp|[from] Sandstorm","|-damage|p2a: Blissey|543/661|[from] Sandstorm","|-heal|p1a: Suicune|301/401 slp|[from] item: Leftovers","|-heal|p2a: Blissey|584/661|[from] item: Leftovers","|upkeep","|turn|110","||adding 10 for new turn","|","|t:|1752926070","|-curestatus|p1a: Suicune|slp|[msg]","|move|p1a: Suicune|Calm Mind|p1a: Suicune","|-boost|p1a: Suicune|spa|1","|-boost|p1a: Suicune|spd|1","|move|p2a: Blissey|Thunder Wave|p1a: Suicune","|-status|p1a: Suicune|par","|","|-weather|Sandstorm|[upkeep]","|-damage|p2a: Blissey|543/661|[from] Sandstorm","|-damage|p1a: Suicune|276/401 par|[from] Sandstorm","|-heal|p2a: Blissey|584/661|[from] item: Leftovers","|-heal|p1a: Suicune|301/401 par|[from] item: Leftovers","|upkeep","|turn|111","||adding 10 for new turn","|","|t:|1752926071","|move|p2a: Blissey|Seismic Toss|p1a: Suicune","|-damage|p1a: Suicune|201/401 par","|move|p1a: Suicune|Calm Mind|p1a: Suicune","|-boost|p1a: Suicune|spa|1","|-boost|p1a: Suicune|spd|1","|","|-weather|Sandstorm|[upkeep]","|-damage|p2a: Blissey|543/661|[from] Sandstorm","|-damage|p1a: Suicune|176/401 par|[from] Sandstorm","|-heal|p2a: Blissey|584/661|[from] item: Leftovers","|-heal|p1a: Suicune|201/401 par|[from] item: Leftovers","|upkeep","|turn|112","||adding 10 for new turn","|","|t:|1752926072","|move|p2a: Blissey|Seismic Toss|p1a: Suicune","|-damage|p1a: Suicune|101/401 par","|move|p1a: Suicune|Surf|p2a: Blissey","|-damage|p2a: Blissey|425/661","|","|-weather|Sandstorm|[upkeep]","|-damage|p2a: Blissey|384/661|[from] Sandstorm","|-damage|p1a: Suicune|76/401 par|[from] Sandstorm","|-heal|p2a: Blissey|425/661|[from] item: Leftovers","|-heal|p1a: Suicune|101/401 par|[from] item: Leftovers","|upkeep","|turn|113","||adding 10 for new turn","|","|t:|1752926073","|move|p2a: Blissey|Seismic Toss|p1a: Suicune","|-damage|p1a: Suicune|1/401 par","|move|p1a: Suicune|Rest|p1a: Suicune","|-status|p1a: Suicune|slp|[from] move: Rest","|-heal|p1a: Suicune|401/401 slp|[silent]","|","|-weather|Sandstorm|[upkeep]","|-damage|p1a: Suicune|376/401 slp|[from] Sandstorm","|-damage|p2a: Blissey|384/661|[from] Sandstorm","|-heal|p1a: Suicune|401/401 slp|[from] item: Leftovers","|-heal|p2a: Blissey|425/661|[from] item: Leftovers","|upkeep","|turn|114","||adding 10 for new turn","|","|t:|1752926074","|switch|p2a: Skarmory|Skarmory, F|314/333","|cant|p1a: Suicune|slp","|","|-weather|Sandstorm|[upkeep]","|-damage|p1a: Suicune|376/401 slp|[from] Sandstorm","|-heal|p1a: Suicune|401/401 slp|[from] item: Leftovers","|-heal|p2a: Skarmory|333/333|[from] item: Leftovers","|upkeep","|turn|115","||adding 10 for new turn","|","|t:|1752926075","|cant|p1a: Suicune|slp","|move|p2a: Skarmory|Roar|p1a: Suicune","|drag|p1a: Claydol|Claydol|324/324","|","|-weather|Sandstorm|[upkeep]","|upkeep","|turn|116","||adding 10 for new turn","|","|t:|1752926075","|switch|p1a: Suicune|Suicune|401/401 slp","|-ability|p1a: Suicune|Pressure|[silent]","|switch|p2a: Claydol|Claydol|131/317","|","|-weather|Sandstorm|[upkeep]","|-damage|p1a: Suicune|376/401 slp|[from] Sandstorm","|-heal|p1a: Suicune|401/401 slp|[from] item: Leftovers","|-heal|p2a: Claydol|150/317|[from] item: Leftovers","|upkeep","|turn|117","||adding 10 for new turn","|","|t:|1752926076","|switch|p2a: Blissey|Blissey, F|425/661","|-curestatus|p1a: Suicune|slp|[msg]","|move|p1a: Suicune|Calm Mind|p1a: Suicune","|-boost|p1a: Suicune|spa|1","|-boost|p1a: Suicune|spd|1","|","|-weather|Sandstorm|[upkeep]","|-damage|p1a: Suicune|376/401|[from] Sandstorm","|-damage|p2a: Blissey|384/661|[from] Sandstorm","|-heal|p1a: Suicune|401/401|[from] item: Leftovers","|-heal|p2a: Blissey|425/661|[from] item: Leftovers","|upkeep","|turn|118","||adding 10 for new turn","|","|t:|1752926077","|move|p1a: Suicune|Calm Mind|p1a: Suicune","|-boost|p1a: Suicune|spa|1","|-boost|p1a: Suicune|spd|1","|move|p2a: Blissey|Soft-Boiled|p2a: Blissey","|-heal|p2a: Blissey|661/661","|","|-weather|Sandstorm|[upkeep]","|-damage|p1a: Suicune|376/401|[from] Sandstorm","|-damage|p2a: Blissey|620/661|[from] Sandstorm","|-heal|p1a: Suicune|401/401|[from] item: Leftovers","|-heal|p2a: Blissey|661/661|[from] item: Leftovers","|upkeep","|turn|119","||adding 10 for new turn","|","|t:|1752926078","|move|p1a: Suicune|Surf|p2a: Blissey","|-damage|p2a: Blissey|516/661","|move|p2a: Blissey|Thunder Wave|p1a: Suicune","|-status|p1a: Suicune|par","|","|-weather|Sandstorm|[upkeep]","|-damage|p2a: Blissey|475/661|[from] Sandstorm","|-damage|p1a: Suicune|376/401 par|[from] Sandstorm","|-heal|p2a: Blissey|516/661|[from] item: Leftovers","|-heal|p1a: Suicune|401/401 par|[from] item: Leftovers","|upkeep","|turn|120","||adding 10 for new turn","|","|t:|1752926079","|move|p2a: Blissey|Soft-Boiled|p2a: Blissey","|-heal|p2a: Blissey|661/661","|cant|p1a: Suicune|par","|","|-weather|Sandstorm|[upkeep]","|-damage|p2a: Blissey|620/661|[from] Sandstorm","|-damage|p1a: Suicune|376/401 par|[from] Sandstorm","|-heal|p2a: Blissey|661/661|[from] item: Leftovers","|-heal|p1a: Suicune|401/401 par|[from] item: Leftovers","|upkeep","|turn|121","||adding 10 for new turn","|","|t:|1752926079","|move|p2a: Blissey|Seismic Toss|p1a: Suicune","|-damage|p1a: Suicune|301/401 par","|cant|p1a: Suicune|par","|","|-weather|Sandstorm|[upkeep]","|-damage|p2a: Blissey|620/661|[from] Sandstorm","|-damage|p1a: Suicune|276/401 par|[from] Sandstorm","|-heal|p2a: Blissey|661/661|[from] item: Leftovers","|-heal|p1a: Suicune|301/401 par|[from] item: Leftovers","|upkeep","|turn|122","||adding 10 for new turn","|","|t:|1752926080","|move|p2a: Blissey|Seismic Toss|p1a: Suicune","|-damage|p1a: Suicune|201/401 par","|move|p1a: Suicune|Surf|p2a: Blissey","|-damage|p2a: Blissey|504/661","|","|-weather|Sandstorm|[upkeep]","|-damage|p2a: Blissey|463/661|[from] Sandstorm","|-damage|p1a: Suicune|176/401 par|[from] Sandstorm","|-heal|p2a: Blissey|504/661|[from] item: Leftovers","|-heal|p1a: Suicune|201/401 par|[from] item: Leftovers","|upkeep","|turn|123","||adding 10 for new turn","|","|t:|1752926081","|move|p2a: Blissey|Soft-Boiled|p2a: Blissey","|-heal|p2a: Blissey|661/661","|move|p1a: Suicune|Surf|p2a: Blissey","|-damage|p2a: Blissey|502/661","|","|-weather|Sandstorm|[upkeep]","|-damage|p2a: Blissey|461/661|[from] Sandstorm","|-damage|p1a: Suicune|176/401 par|[from] Sandstorm","|-heal|p2a: Blissey|502/661|[from] item: Leftovers","|-heal|p1a: Suicune|201/401 par|[from] item: Leftovers","|upkeep","|turn|124","||adding 10 for new turn","|","|t:|1752926082","|move|p2a: Blissey|Soft-Boiled|p2a: Blissey","|-heal|p2a: Blissey|661/661","|cant|p1a: Suicune|par","|","|-weather|Sandstorm|[upkeep]","|-damage|p2a: Blissey|620/661|[from] Sandstorm","|-damage|p1a: Suicune|176/401 par|[from] Sandstorm","|-heal|p2a: Blissey|661/661|[from] item: Leftovers","|-heal|p1a: Suicune|201/401 par|[from] item: Leftovers","|upkeep","|turn|125","||adding 10 for new turn","|","|t:|1752926082","|switch|p2a: Skarmory|Skarmory, F|333/333","|move|p1a: Suicune|Surf|p2a: Skarmory","|-damage|p2a: Skarmory|150/333","|","|-weather|Sandstorm|[upkeep]","|-damage|p1a: Suicune|176/401 par|[from] Sandstorm","|-heal|p2a: Skarmory|170/333|[from] item: Leftovers","|-heal|p1a: Suicune|201/401 par|[from] item: Leftovers","|upkeep","|turn|126","||adding 10 for new turn","|","|t:|1752926083","|cant|p1a: Suicune|par","|move|p2a: Skarmory|Roar|p1a: Suicune","|drag|p1a: Claydol|Claydol|324/324","|","|-weather|Sandstorm|[upkeep]","|-heal|p2a: Skarmory|190/333|[from] item: Leftovers","|upkeep","|turn|127","||adding 10 for new turn","|","|t:|1752926084","|switch|p1a: Suicune|Suicune|201/401 par","|-ability|p1a: Suicune|Pressure|[silent]","|switch|p2a: Claydol|Claydol|150/317","|","|-weather|Sandstorm|[upkeep]","|-damage|p1a: Suicune|176/401 par|[from] Sandstorm","|-heal|p2a: Claydol|169/317|[from] item: Leftovers","|-heal|p1a: Suicune|201/401 par|[from] item: Leftovers","|upkeep","|turn|128","||adding 10 for new turn","|","|t:|1752926085","|switch|p2a: Skarmory|Skarmory, F|190/333","|move|p1a: Suicune|Surf|p2a: Skarmory","|-damage|p2a: Skarmory|102/333","|","|-weather|Sandstorm|[upkeep]","|-damage|p1a: Suicune|176/401 par|[from] Sandstorm","|-heal|p2a: Skarmory|122/333|[from] item: Leftovers","|-heal|p1a: Suicune|201/401 par|[from] item: Leftovers","|upkeep","|turn|129","||adding 10 for new turn","|","|t:|1752926086","|move|p1a: Suicune|Rest|p1a: Suicune","|-status|p1a: Suicune|slp|[from] move: Rest","|-heal|p1a: Suicune|401/401 slp|[silent]","|move|p2a: Skarmory|Roar|p1a: Suicune","|drag|p1a: Blissey|Blissey, F|670/714","|","|-weather|Sandstorm|[upkeep]","|-damage|p1a: Blissey|626/714|[from] Sandstorm","|-heal|p2a: Skarmory|142/333|[from] item: Leftovers","|-heal|p1a: Blissey|670/714|[from] item: Leftovers","|upkeep","|turn|130","||adding 10 for new turn","|","|t:|1752926086","|move|p1a: Blissey|Aromatherapy|p1a: Blissey","|-cureteam|p1a: Blissey|[from] move: Aromatherapy","|move|p2a: Skarmory|Roar|p1a: Blissey","|drag|p1a: Snorlax|Snorlax, F|497/497","|","|-weather|Sandstorm|[upkeep]","|-damage|p1a: Snorlax|466/497|[from] Sandstorm","|-heal|p2a: Skarmory|162/333|[from] item: Leftovers","|-heal|p1a: Snorlax|497/497|[from] item: Leftovers","|upkeep","|turn|131","||adding 10 for new turn","|","|t:|1752926087","|move|p1a: Snorlax|Return|p2a: Skarmory","|-resisted|p2a: Skarmory","|-damage|p2a: Skarmory|106/333","|move|p2a: Skarmory|Roar|p1a: Snorlax","|drag|p1a: Suicune|Suicune|401/401","|-ability|p1a: Suicune|Pressure|[silent]","|","|-weather|Sandstorm|[upkeep]","|-damage|p1a: Suicune|376/401|[from] Sandstorm","|-heal|p1a: Suicune|401/401|[from] item: Leftovers","|-heal|p2a: Skarmory|126/333|[from] item: Leftovers","|upkeep","|turn|132","||adding 10 for new turn","|","|t:|1752926088","|move|p1a: Suicune|Calm Mind|p1a: Suicune","|-boost|p1a: Suicune|spa|1","|-boost|p1a: Suicune|spd|1","|move|p2a: Skarmory|Roar|p1a: Suicune","|drag|p1a: Claydol|Claydol|324/324","|","|-weather|Sandstorm|[upkeep]","|-heal|p2a: Skarmory|146/333|[from] item: Leftovers","|upkeep","|turn|133","||adding 10 for new turn","|","|t:|1752926089","|switch|p1a: Suicune|Suicune|401/401","|-ability|p1a: Suicune|Pressure|[silent]","|switch|p2a: Claydol|Claydol|169/317","|","|-weather|Sandstorm|[upkeep]","|-damage|p1a: Suicune|376/401|[from] Sandstorm","|-heal|p1a: Suicune|401/401|[from] item: Leftovers","|-heal|p2a: Claydol|188/317|[from] item: Leftovers","|upkeep","|turn|134","||adding 10 for new turn","|","|t:|1752926090","|switch|p2a: Skarmory|Skarmory, F|146/333","|move|p1a: Suicune|Calm Mind|p1a: Suicune","|-boost|p1a: Suicune|spa|1","|-boost|p1a: Suicune|spd|1","|","|-weather|Sandstorm|[upkeep]","|-damage|p1a: Suicune|376/401|[from] Sandstorm","|-heal|p1a: Suicune|401/401|[from] item: Leftovers","|-heal|p2a: Skarmory|166/333|[from] item: Leftovers","|upkeep","|turn|135","||adding 10 for new turn","|","|t:|1752926091","|move|p1a: Suicune|Ice Beam|p2a: Skarmory","|-damage|p2a: Skarmory|70/333","|move|p2a: Skarmory|Roar|p1a: Suicune","|drag|p1a: Snorlax|Snorlax, F|497/497","|","|-weather|Sandstorm|[upkeep]","|-damage|p1a: Snorlax|466/497|[from] Sandstorm","|-heal|p2a: Skarmory|90/333|[from] item: Leftovers","|-heal|p1a: Snorlax|497/497|[from] item: Leftovers","|upkeep","|turn|136","||adding 10 for new turn","|","|t:|1752926092","|move|p1a: Snorlax|Return|p2a: Skarmory","|-resisted|p2a: Skarmory","|-damage|p2a: Skarmory|41/333","|move|p2a: Skarmory|Roar|p1a: Snorlax","|drag|p1a: Blissey|Blissey, F|670/714","|","|-weather|Sandstorm|[upkeep]","|-damage|p1a: Blissey|626/714|[from] Sandstorm","|-heal|p2a: Skarmory|61/333|[from] item: Leftovers","|-heal|p1a: Blissey|670/714|[from] item: Leftovers","|upkeep","|turn|137","||adding 10 for new turn","|","|t:|1752926093","|switch|p2a: Blissey|Blissey, F|661/661","|move|p1a: Blissey|Seismic Toss|p2a: Blissey","|-damage|p2a: Blissey|561/661","|","|-weather|Sandstorm|[upkeep]","|-damage|p2a: Blissey|520/661|[from] Sandstorm","|-damage|p1a: Blissey|626/714|[from] Sandstorm","|-heal|p2a: Blissey|561/661|[from] item: Leftovers","|-heal|p1a: Blissey|670/714|[from] item: Leftovers","|upkeep","|turn|138","||adding 10 for new turn","|","|t:|1752926093","|move|p2a: Blissey|Thunder Wave|p1a: Blissey","|-status|p1a: Blissey|par","|move|p1a: Blissey|Seismic Toss|p2a: Blissey","|-damage|p2a: Blissey|461/661","|","|-weather|Sandstorm|[upkeep]","|-damage|p2a: Blissey|420/661|[from] Sandstorm","|-damage|p1a: Blissey|626/714 par|[from] Sandstorm","|-heal|p2a: Blissey|461/661|[from] item: Leftovers","|-heal|p1a: Blissey|670/714 par|[from] item: Leftovers","|upkeep","|turn|139","||adding 10 for new turn","|","|t:|1752926094","|-curestatus|p1a: Blissey|par|[from] ability: Natural Cure","|switch|p1a: Suicune|Suicune|401/401","|-ability|p1a: Suicune|Pressure|[silent]","|move|p2a: Blissey|Soft-Boiled|p2a: Blissey","|-heal|p2a: Blissey|661/661","|","|-weather|Sandstorm|[upkeep]","|-damage|p1a: Suicune|376/401|[from] Sandstorm","|-damage|p2a: Blissey|620/661|[from] Sandstorm","|-heal|p1a: Suicune|401/401|[from] item: Leftovers","|-heal|p2a: Blissey|661/661|[from] item: Leftovers","|upkeep","|turn|140","||adding 10 for new turn","|","|t:|1752926095","|move|p1a: Suicune|Calm Mind|p1a: Suicune","|-boost|p1a: Suicune|spa|1","|-boost|p1a: Suicune|spd|1","|move|p2a: Blissey|Thunder Wave|p1a: Suicune","|-status|p1a: Suicune|par","|","|-weather|Sandstorm|[upkeep]","|-damage|p2a: Blissey|620/661|[from] Sandstorm","|-damage|p1a: Suicune|376/401 par|[from] Sandstorm","|-heal|p2a: Blissey|661/661|[from] item: Leftovers","|-heal|p1a: Suicune|401/401 par|[from] item: Leftovers","|upkeep","|turn|141","||adding 10 for new turn","|","|t:|1752926096","|move|p2a: Blissey|Ice Beam|p1a: Suicune","|-resisted|p1a: Suicune","|-damage|p1a: Suicune|377/401 par","|cant|p1a: Suicune|par","|","|-weather|Sandstorm|[upkeep]","|-damage|p2a: Blissey|620/661|[from] Sandstorm","|-damage|p1a: Suicune|352/401 par|[from] Sandstorm","|-heal|p2a: Blissey|661/661|[from] item: Leftovers","|-heal|p1a: Suicune|377/401 par|[from] item: Leftovers","|upkeep","|turn|142","||adding 10 for new turn","|","|t:|1752926097","|move|p2a: Blissey|Ice Beam|p1a: Suicune","|-resisted|p1a: Suicune","|-damage|p1a: Suicune|353/401 par","|cant|p1a: Suicune|par","|","|-weather|Sandstorm|[upkeep]","|-damage|p2a: Blissey|620/661|[from] Sandstorm","|-damage|p1a: Suicune|328/401 par|[from] Sandstorm","|-heal|p2a: Blissey|661/661|[from] item: Leftovers","|-heal|p1a: Suicune|353/401 par|[from] item: Leftovers","|upkeep","|turn|143","||adding 10 for new turn","|","|t:|1752926097","|move|p2a: Blissey|Ice Beam|p1a: Suicune","|-resisted|p1a: Suicune","|-damage|p1a: Suicune|331/401 par","|move|p1a: Suicune|Calm Mind|p1a: Suicune","|-boost|p1a: Suicune|spa|1","|-boost|p1a: Suicune|spd|1","|","|-weather|Sandstorm|[upkeep]","|-damage|p2a: Blissey|620/661|[from] Sandstorm","|-damage|p1a: Suicune|306/401 par|[from] Sandstorm","|-heal|p2a: Blissey|661/661|[from] item: Leftovers","|-heal|p1a: Suicune|331/401 par|[from] item: Leftovers","|upkeep","|turn|144","||adding 10 for new turn","|","|t:|1752926098","|switch|p2a: Milotic|Milotic, M|393/393","|move|p1a: Suicune|Surf|p2a: Milotic","|-resisted|p2a: Milotic","|-damage|p2a: Milotic|306/393","|","|-weather|Sandstorm|[upkeep]","|-damage|p2a: Milotic|282/393|[from] Sandstorm","|-damage|p1a: Suicune|306/401 par|[from] Sandstorm","|-heal|p2a: Milotic|306/393|[from] item: Leftovers","|-heal|p1a: Suicune|331/401 par|[from] item: Leftovers","|upkeep","|turn|145","||adding 10 for new turn","|","|t:|1752926099","|move|p2a: Milotic|Recover|p2a: Milotic","|-heal|p2a: Milotic|393/393","|move|p1a: Suicune|Surf|p2a: Milotic","|-resisted|p2a: Milotic","|-damage|p2a: Milotic|313/393","|","|-weather|Sandstorm|[upkeep]","|-damage|p2a: Milotic|289/393|[from] Sandstorm","|-damage|p1a: Suicune|306/401 par|[from] Sandstorm","|-heal|p2a: Milotic|313/393|[from] item: Leftovers","|-heal|p1a: Suicune|331/401 par|[from] item: Leftovers","|upkeep","|turn|146","||adding 10 for new turn","|","|t:|1752926100","|move|p2a: Milotic|Recover|p2a: Milotic","|-heal|p2a: Milotic|393/393","|move|p1a: Suicune|Surf|p2a: Milotic","|-resisted|p2a: Milotic","|-damage|p2a: Milotic|312/393","|","|-weather|Sandstorm|[upkeep]","|-damage|p2a: Milotic|288/393|[from] Sandstorm","|-damage|p1a: Suicune|306/401 par|[from] Sandstorm","|-heal|p2a: Milotic|312/393|[from] item: Leftovers","|-heal|p1a: Suicune|331/401 par|[from] item: Leftovers","|upkeep","|turn|147","||adding 10 for new turn","|","|t:|1752926101","|move|p2a: Milotic|Recover|p2a: Milotic","|-heal|p2a: Milotic|393/393","|cant|p1a: Suicune|par","|","|-weather|Sandstorm|[upkeep]","|-damage|p2a: Milotic|369/393|[from] Sandstorm","|-damage|p1a: Suicune|306/401 par|[from] Sandstorm","|-heal|p2a: Milotic|393/393|[from] item: Leftovers","|-heal|p1a: Suicune|331/401 par|[from] item: Leftovers","|upkeep","|turn|148","||adding 10 for new turn","|","|t:|1752926102","|move|p2a: Milotic|Surf|p1a: Suicune","|-resisted|p1a: Suicune","|-damage|p1a: Suicune|308/401 par","|move|p1a: Suicune|Ice Beam|p2a: Milotic","|-resisted|p2a: Milotic","|-damage|p2a: Milotic|339/393","|","|-weather|Sandstorm|[upkeep]","|-damage|p2a: Milotic|315/393|[from] Sandstorm","|-damage|p1a: Suicune|283/401 par|[from] Sandstorm","|-heal|p2a: Milotic|339/393|[from] item: Leftovers","|-heal|p1a: Suicune|308/401 par|[from] item: Leftovers","|upkeep","|turn|149","||adding 10 for new turn","|","|t:|1752926103","|move|p2a: Milotic|Recover|p2a: Milotic","|-heal|p2a: Milotic|393/393","|move|p1a: Suicune|Ice Beam|p2a: Milotic","|-resisted|p2a: Milotic","|-damage|p2a: Milotic|339/393","|","|-weather|Sandstorm|[upkeep]","|-damage|p2a: Milotic|315/393|[from] Sandstorm","|-damage|p1a: Suicune|283/401 par|[from] Sandstorm","|-heal|p2a: Milotic|339/393|[from] item: Leftovers","|-heal|p1a: Suicune|308/401 par|[from] item: Leftovers","|upkeep","|turn|150","||adding 10 for new turn","|","|t:|1752926104","|move|p2a: Milotic|Recover|p2a: Milotic","|-heal|p2a: Milotic|393/393","|move|p1a: Suicune|Ice Beam|p2a: Milotic","|-resisted|p2a: Milotic","|-damage|p2a: Milotic|340/393","|","|-weather|Sandstorm|[upkeep]","|-damage|p2a: Milotic|316/393|[from] Sandstorm","|-damage|p1a: Suicune|283/401 par|[from] Sandstorm","|-heal|p2a: Milotic|340/393|[from] item: Leftovers","|-heal|p1a: Suicune|308/401 par|[from] item: Leftovers","|upkeep","|turn|151","||adding 10 for new turn","|","|t:|1752926105","|move|p2a: Milotic|Recover|p2a: Milotic","|-heal|p2a: Milotic|393/393","|move|p1a: Suicune|Ice Beam|p2a: Milotic","|-resisted|p2a: Milotic","|-damage|p2a: Milotic|339/393","|","|-weather|Sandstorm|[upkeep]","|-damage|p2a: Milotic|315/393|[from] Sandstorm","|-damage|p1a: Suicune|283/401 par|[from] Sandstorm","|-heal|p2a: Milotic|339/393|[from] item: Leftovers","|-heal|p1a: Suicune|308/401 par|[from] item: Leftovers","|upkeep","|turn|152","||adding 10 for new turn","|","|t:|1752926106","|move|p2a: Milotic|Recover|p2a: Milotic","|-heal|p2a: Milotic|393/393","|move|p1a: Suicune|Ice Beam|p2a: Milotic","|-resisted|p2a: Milotic","|-damage|p2a: Milotic|334/393","|","|-weather|Sandstorm|[upkeep]","|-damage|p2a: Milotic|310/393|[from] Sandstorm","|-damage|p1a: Suicune|283/401 par|[from] Sandstorm","|-heal|p2a: Milotic|334/393|[from] item: Leftovers","|-heal|p1a: Suicune|308/401 par|[from] item: Leftovers","|upkeep","|turn|153","||adding 10 for new turn","|","|t:|1752926107","|move|p2a: Milotic|Recover|p2a: Milotic","|-heal|p2a: Milotic|393/393","|cant|p1a: Suicune|par","|","|-weather|Sandstorm|[upkeep]","|-damage|p2a: Milotic|369/393|[from] Sandstorm","|-damage|p1a: Suicune|283/401 par|[from] Sandstorm","|-heal|p2a: Milotic|393/393|[from] item: Leftovers","|-heal|p1a: Suicune|308/401 par|[from] item: Leftovers","|upkeep","|turn|154","||adding 10 for new turn","|","|t:|1752926108","|move|p2a: Milotic|Surf|p1a: Suicune","|-resisted|p1a: Suicune","|-damage|p1a: Suicune|282/401 par","|move|p1a: Suicune|Surf|p2a: Milotic","|-resisted|p2a: Milotic","|-damage|p2a: Milotic|302/393","|","|-weather|Sandstorm|[upkeep]","|-damage|p2a: Milotic|278/393|[from] Sandstorm","|-damage|p1a: Suicune|257/401 par|[from] Sandstorm","|-heal|p2a: Milotic|302/393|[from] item: Leftovers","|-heal|p1a: Suicune|282/401 par|[from] item: Leftovers","|upkeep","|turn|155","||adding 10 for new turn","|","|t:|1752926109","|move|p2a: Milotic|Recover|p2a: Milotic","|-heal|p2a: Milotic|393/393","|move|p1a: Suicune|Calm Mind|p1a: Suicune","|-boost|p1a: Suicune|spa|1","|-boost|p1a: Suicune|spd|1","|","|-weather|Sandstorm|[upkeep]","|-damage|p2a: Milotic|369/393|[from] Sandstorm","|-damage|p1a: Suicune|257/401 par|[from] Sandstorm","|-heal|p2a: Milotic|393/393|[from] item: Leftovers","|-heal|p1a: Suicune|282/401 par|[from] item: Leftovers","|upkeep","|turn|156","||adding 10 for new turn","|","|t:|1752926109","|move|p2a: Milotic|Surf|p1a: Suicune","|-resisted|p1a: Suicune","|-damage|p1a: Suicune|263/401 par","|move|p1a: Suicune|Surf|p2a: Milotic","|-resisted|p2a: Milotic","|-damage|p2a: Milotic|292/393","|","|-weather|Sandstorm|[upkeep]","|-damage|p2a: Milotic|268/393|[from] Sandstorm","|-damage|p1a: Suicune|238/401 par|[from] Sandstorm","|-heal|p2a: Milotic|292/393|[from] item: Leftovers","|-heal|p1a: Suicune|263/401 par|[from] item: Leftovers","|upkeep","|turn|157","||adding 10 for new turn","|","|t:|1752926110","|move|p2a: Milotic|Recover|p2a: Milotic","|-heal|p2a: Milotic|393/393","|move|p1a: Suicune|Surf|p2a: Milotic","|-resisted|p2a: Milotic","|-damage|p2a: Milotic|281/393","|","|-weather|Sandstorm|[upkeep]","|-damage|p2a: Milotic|257/393|[from] Sandstorm","|-damage|p1a: Suicune|238/401 par|[from] Sandstorm","|-heal|p2a: Milotic|281/393|[from] item: Leftovers","|-heal|p1a: Suicune|263/401 par|[from] item: Leftovers","|upkeep","|turn|158","||adding 10 for new turn","|","|t:|1752926111","|move|p2a: Milotic|Recover|p2a: Milotic","|-heal|p2a: Milotic|393/393","|cant|p1a: Suicune|par","|","|-weather|Sandstorm|[upkeep]","|-damage|p2a: Milotic|369/393|[from] Sandstorm","|-damage|p1a: Suicune|238/401 par|[from] Sandstorm","|-heal|p2a: Milotic|393/393|[from] item: Leftovers","|-heal|p1a: Suicune|263/401 par|[from] item: Leftovers","|upkeep","|turn|159","||adding 10 for new turn","|","|t:|1752926112","|move|p2a: Milotic|Surf|p1a: Suicune","|-resisted|p1a: Suicune","|-damage|p1a: Suicune|245/401 par","|cant|p1a: Suicune|par","|","|-weather|Sandstorm|[upkeep]","|-damage|p2a: Milotic|369/393|[from] Sandstorm","|-damage|p1a: Suicune|220/401 par|[from] Sandstorm","|-heal|p2a: Milotic|393/393|[from] item: Leftovers","|-heal|p1a: Suicune|245/401 par|[from] item: Leftovers","|upkeep","|turn|160","||adding 10 for new turn","|","|t:|1752926113","|move|p2a: Milotic|Surf|p1a: Suicune","|-resisted|p1a: Suicune","|-damage|p1a: Suicune|224/401 par","|cant|p1a: Suicune|par","|","|-weather|Sandstorm|[upkeep]","|-damage|p2a: Milotic|369/393|[from] Sandstorm","|-damage|p1a: Suicune|199/401 par|[from] Sandstorm","|-heal|p2a: Milotic|393/393|[from] item: Leftovers","|-heal|p1a: Suicune|224/401 par|[from] item: Leftovers","|upkeep","|turn|161","||adding 10 for new turn","|","|t:|1752926114","|move|p2a: Milotic|Surf|p1a: Suicune","|-resisted|p1a: Suicune","|-damage|p1a: Suicune|204/401 par","|move|p1a: Suicune|Surf|p2a: Milotic","|-resisted|p2a: Milotic","|-damage|p2a: Milotic|283/393","|","|-weather|Sandstorm|[upkeep]","|-damage|p2a: Milotic|259/393|[from] Sandstorm","|-damage|p1a: Suicune|179/401 par|[from] Sandstorm","|-heal|p2a: Milotic|283/393|[from] item: Leftovers","|-heal|p1a: Suicune|204/401 par|[from] item: Leftovers","|upkeep","|turn|162","||adding 10 for new turn","|","|t:|1752926115","|move|p2a: Milotic|Recover|p2a: Milotic","|-heal|p2a: Milotic|393/393","|move|p1a: Suicune|Surf|p2a: Milotic","|-resisted|p2a: Milotic","|-damage|p2a: Milotic|295/393","|","|-weather|Sandstorm|[upkeep]","|-damage|p2a: Milotic|271/393|[from] Sandstorm","|-damage|p1a: Suicune|179/401 par|[from] Sandstorm","|-heal|p2a: Milotic|295/393|[from] item: Leftovers","|-heal|p1a: Suicune|204/401 par|[from] item: Leftovers","|upkeep","|turn|163","||adding 10 for new turn","|","|t:|1752926116","|move|p2a: Milotic|Recover|p2a: Milotic","|-heal|p2a: Milotic|393/393","|move|p1a: Suicune|Surf|p2a: Milotic","|-resisted|p2a: Milotic","|-damage|p2a: Milotic|286/393","|","|-weather|Sandstorm|[upkeep]","|-damage|p2a: Milotic|262/393|[from] Sandstorm","|-damage|p1a: Suicune|179/401 par|[from] Sandstorm","|-heal|p2a: Milotic|286/393|[from] item: Leftovers","|-heal|p1a: Suicune|204/401 par|[from] item: Leftovers","|upkeep","|turn|164","||adding 10 for new turn","|","|t:|1752926117","|move|p2a: Milotic|Recover|p2a: Milotic","|-heal|p2a: Milotic|393/393","|move|p1a: Suicune|Surf|p2a: Milotic","|-resisted|p2a: Milotic","|-damage|p2a: Milotic|287/393","|","|-weather|Sandstorm|[upkeep]","|-damage|p2a: Milotic|263/393|[from] Sandstorm","|-damage|p1a: Suicune|179/401 par|[from] Sandstorm","|-heal|p2a: Milotic|287/393|[from] item: Leftovers","|-heal|p1a: Suicune|204/401 par|[from] item: Leftovers","|upkeep","|turn|165","||adding 10 for new turn","|","|t:|1752926118","|move|p2a: Milotic|Recover|p2a: Milotic","|-heal|p2a: Milotic|393/393","|move|p1a: Suicune|Ice Beam|p2a: Milotic","|-resisted|p2a: Milotic","|-damage|p2a: Milotic|324/393","|","|-weather|Sandstorm|[upkeep]","|-damage|p2a: Milotic|300/393|[from] Sandstorm","|-damage|p1a: Suicune|179/401 par|[from] Sandstorm","|-heal|p2a: Milotic|324/393|[from] item: Leftovers","|-heal|p1a: Suicune|204/401 par|[from] item: Leftovers","|upkeep","|turn|166","||adding 10 for new turn","|","|t:|1752926119","|move|p2a: Milotic|Recover|p2a: Milotic","|-heal|p2a: Milotic|393/393","|move|p1a: Suicune|Surf|p2a: Milotic","|-resisted|p2a: Milotic","|-damage|p2a: Milotic|291/393","|","|-weather|Sandstorm|[upkeep]","|-damage|p2a: Milotic|267/393|[from] Sandstorm","|-damage|p1a: Suicune|179/401 par|[from] Sandstorm","|-heal|p2a: Milotic|291/393|[from] item: Leftovers","|-heal|p1a: Suicune|204/401 par|[from] item: Leftovers","|upkeep","|turn|167","||adding 10 for new turn","|","|t:|1752926120","|move|p2a: Milotic|Recover|p2a: Milotic","|-heal|p2a: Milotic|393/393","|move|p1a: Suicune|Ice Beam|p2a: Milotic","|-resisted|p2a: Milotic","|-damage|p2a: Milotic|323/393","|-status|p2a: Milotic|frz","|","|-weather|Sandstorm|[upkeep]","|-damage|p2a: Milotic|299/393 frz|[from] Sandstorm","|-damage|p1a: Suicune|179/401 par|[from] Sandstorm","|-heal|p2a: Milotic|323/393 frz|[from] item: Leftovers","|-heal|p1a: Suicune|204/401 par|[from] item: Leftovers","|upkeep","|turn|168","||adding 10 for new turn","|","|t:|1752926121","|cant|p2a: Milotic|frz","|move|p1a: Suicune|Ice Beam|p2a: Milotic","|-resisted|p2a: Milotic","|-damage|p2a: Milotic|251/393 frz","|","|-weather|Sandstorm|[upkeep]","|-damage|p2a: Milotic|227/393 frz|[from] Sandstorm","|-damage|p1a: Suicune|179/401 par|[from] Sandstorm","|-heal|p2a: Milotic|251/393 frz|[from] item: Leftovers","|-heal|p1a: Suicune|204/401 par|[from] item: Leftovers","|upkeep","|turn|169","||adding 10 for new turn","|","|t:|1752926122","|-curestatus|p2a: Milotic|frz|[msg]","|move|p2a: Milotic|Recover|p2a: Milotic","|-heal|p2a: Milotic|393/393","|move|p1a: Suicune|Ice Beam|p2a: Milotic","|-resisted|p2a: Milotic","|-damage|p2a: Milotic|324/393","|","|-weather|Sandstorm|[upkeep]","|-damage|p2a: Milotic|300/393|[from] Sandstorm","|-damage|p1a: Suicune|179/401 par|[from] Sandstorm","|-heal|p2a: Milotic|324/393|[from] item: Leftovers","|-heal|p1a: Suicune|204/401 par|[from] item: Leftovers","|upkeep","|turn|170","||adding 10 for new turn","|","|t:|1752926123","|move|p2a: Milotic|Recover|p2a: Milotic","|-heal|p2a: Milotic|393/393","|move|p1a: Suicune|Ice Beam|p2a: Milotic","|-resisted|p2a: Milotic","|-crit|p2a: Milotic","|-damage|p2a: Milotic|243/393","|","|-weather|Sandstorm|[upkeep]","|-damage|p2a: Milotic|219/393|[from] Sandstorm","|-damage|p1a: Suicune|179/401 par|[from] Sandstorm","|-heal|p2a: Milotic|243/393|[from] item: Leftovers","|-heal|p1a: Suicune|204/401 par|[from] item: Leftovers","|upkeep","|turn|171","||adding 10 for new turn","|","|t:|1752926123","|move|p2a: Milotic|Recover|p2a: Milotic","|-heal|p2a: Milotic|393/393","|move|p1a: Suicune|Ice Beam|p2a: Milotic","|-resisted|p2a: Milotic","|-damage|p2a: Milotic|322/393","|","|-weather|Sandstorm|[upkeep]","|-damage|p2a: Milotic|298/393|[from] Sandstorm","|-damage|p1a: Suicune|179/401 par|[from] Sandstorm","|-heal|p2a: Milotic|322/393|[from] item: Leftovers","|-heal|p1a: Suicune|204/401 par|[from] item: Leftovers","|upkeep","|turn|172","||adding 10 for new turn","|","|t:|1752926124","|move|p2a: Milotic|Recover|p2a: Milotic","|-heal|p2a: Milotic|393/393","|cant|p1a: Suicune|par","|","|-weather|Sandstorm|[upkeep]","|-damage|p2a: Milotic|369/393|[from] Sandstorm","|-damage|p1a: Suicune|179/401 par|[from] Sandstorm","|-heal|p2a: Milotic|393/393|[from] item: Leftovers","|-heal|p1a: Suicune|204/401 par|[from] item: Leftovers","|upkeep","|turn|173","||adding 10 for new turn","|","|t:|1752926125","|switch|p2a: Blissey|Blissey, F|661/661","|move|p1a: Suicune|Ice Beam|p2a: Blissey","|-damage|p2a: Blissey|538/661","|","|-weather|Sandstorm|[upkeep]","|-damage|p2a: Blissey|497/661|[from] Sandstorm","|-damage|p1a: Suicune|179/401 par|[from] Sandstorm","|-heal|p2a: Blissey|538/661|[from] item: Leftovers","|-heal|p1a: Suicune|204/401 par|[from] item: Leftovers","|upkeep","|turn|174","||adding 10 for new turn","|","|t:|1752926126","|move|p2a: Blissey|Soft-Boiled|p2a: Blissey","|-heal|p2a: Blissey|661/661","|move|p1a: Suicune|Ice Beam|p2a: Blissey","|-damage|p2a: Blissey|541/661","|","|-weather|Sandstorm|[upkeep]","|-damage|p2a: Blissey|500/661|[from] Sandstorm","|-damage|p1a: Suicune|179/401 par|[from] Sandstorm","|-heal|p2a: Blissey|541/661|[from] item: Leftovers","|-heal|p1a: Suicune|204/401 par|[from] item: Leftovers","|upkeep","|turn|175","||adding 10 for new turn","|","|t:|1752926127","|move|p2a: Blissey|Soft-Boiled|p2a: Blissey","|-heal|p2a: Blissey|661/661","|move|p1a: Suicune|Calm Mind|p1a: Suicune","|-boost|p1a: Suicune|spa|1","|-boost|p1a: Suicune|spd|1","|","|-weather|Sandstorm|[upkeep]","|-damage|p2a: Blissey|620/661|[from] Sandstorm","|-damage|p1a: Suicune|179/401 par|[from] Sandstorm","|-heal|p2a: Blissey|661/661|[from] item: Leftovers","|-heal|p1a: Suicune|204/401 par|[from] item: Leftovers","|upkeep","|turn|176","||adding 10 for new turn","|","|t:|1752926128","|switch|p2a: Skarmory|Skarmory, F|61/333","|cant|p1a: Suicune|par","|","|-weather|Sandstorm|[upkeep]","|-damage|p1a: Suicune|179/401 par|[from] Sandstorm","|-heal|p2a: Skarmory|81/333|[from] item: Leftovers","|-heal|p1a: Suicune|204/401 par|[from] item: Leftovers","|upkeep","|turn|177","||adding 10 for new turn","|","|t:|1752926128","|move|p1a: Suicune|Ice Beam|p2a: Skarmory","|-damage|p2a: Skarmory|0 fnt","|faint|p2a: Skarmory","||adding 5 to each for mid turn request","|","|t:|1752926129","|switch|p2a: Blissey|Blissey, F|661/661","|","|-weather|Sandstorm|[upkeep]","|-damage|p2a: Blissey|620/661|[from] Sandstorm","|-damage|p1a: Suicune|179/401 par|[from] Sandstorm","|-heal|p2a: Blissey|661/661|[from] item: Leftovers","|-heal|p1a: Suicune|204/401 par|[from] item: Leftovers","|upkeep","|turn|178","||adding 10 for new turn","|","|t:|1752926130","|switch|p2a: Milotic|Milotic, M|393/393","|cant|p1a: Suicune|par","|","|-weather|Sandstorm|[upkeep]","|-damage|p2a: Milotic|369/393|[from] Sandstorm","|-damage|p1a: Suicune|179/401 par|[from] Sandstorm","|-heal|p2a: Milotic|393/393|[from] item: Leftovers","|-heal|p1a: Suicune|204/401 par|[from] item: Leftovers","|upkeep","|turn|179","||adding 10 for new turn","|","|t:|1752926131","|switch|p2a: Blissey|Blissey, F|661/661","|move|p1a: Suicune|Calm Mind|p1a: Suicune","|-boost|p1a: Suicune|spa|1","|-boost|p1a: Suicune|spd|1","|","|-weather|Sandstorm|[upkeep]","|-damage|p2a: Blissey|620/661|[from] Sandstorm","|-damage|p1a: Suicune|179/401 par|[from] Sandstorm","|-heal|p2a: Blissey|661/661|[from] item: Leftovers","|-heal|p1a: Suicune|204/401 par|[from] item: Leftovers","|upkeep","|turn|180","||adding 10 for new turn","|","|t:|1752926131","|switch|p2a: Milotic|Milotic, M|393/393","|move|p1a: Suicune|Calm Mind|p1a: Suicune","|-boost|p1a: Suicune|spa|1","|-boost|p1a: Suicune|spd|1","|","|-weather|Sandstorm|[upkeep]","|-damage|p2a: Milotic|369/393|[from] Sandstorm","|-damage|p1a: Suicune|179/401 par|[from] Sandstorm","|-heal|p2a: Milotic|393/393|[from] item: Leftovers","|-heal|p1a: Suicune|204/401 par|[from] item: Leftovers","|upkeep","|turn|181","||adding 10 for new turn","|","|t:|1752926132","|switch|p2a: Blissey|Blissey, F|661/661","|cant|p1a: Suicune|par","|","|-weather|Sandstorm|[upkeep]","|-damage|p2a: Blissey|620/661|[from] Sandstorm","|-damage|p1a: Suicune|179/401 par|[from] Sandstorm","|-heal|p2a: Blissey|661/661|[from] item: Leftovers","|-heal|p1a: Suicune|204/401 par|[from] item: Leftovers","|upkeep","|turn|182","||adding 10 for new turn","|","|t:|1752926133","|switch|p2a: Milotic|Milotic, M|393/393","|cant|p1a: Suicune|par","|","|-weather|Sandstorm|[upkeep]","|-damage|p2a: Milotic|369/393|[from] Sandstorm","|-damage|p1a: Suicune|179/401 par|[from] Sandstorm","|-heal|p2a: Milotic|393/393|[from] item: Leftovers","|-heal|p1a: Suicune|204/401 par|[from] item: Leftovers","|upkeep","|turn|183","||adding 10 for new turn","|","|t:|1752926134","|switch|p2a: Blissey|Blissey, F|661/661","|move|p1a: Suicune|Surf|p2a: Blissey","|-damage|p2a: Blissey|342/661","|","|-weather|Sandstorm|[upkeep]","|-damage|p2a: Blissey|301/661|[from] Sandstorm","|-damage|p1a: Suicune|179/401 par|[from] Sandstorm","|-heal|p2a: Blissey|342/661|[from] item: Leftovers","|-heal|p1a: Suicune|204/401 par|[from] item: Leftovers","|upkeep","|turn|184","||adding 10 for new turn","|","|t:|1752926134","|move|p2a: Blissey|Soft-Boiled|p2a: Blissey","|-heal|p2a: Blissey|661/661","|move|p1a: Suicune|Rest|p1a: Suicune","|-status|p1a: Suicune|slp|[from] move: Rest","|-heal|p1a: Suicune|401/401 slp|[silent]","|","|-weather|Sandstorm|[upkeep]","|-damage|p1a: Suicune|376/401 slp|[from] Sandstorm","|-damage|p2a: Blissey|620/661|[from] Sandstorm","|-heal|p1a: Suicune|401/401 slp|[from] item: Leftovers","|-heal|p2a: Blissey|661/661|[from] item: Leftovers","|upkeep","|turn|185","||adding 10 for new turn","|","|t:|1752926135","|switch|p2a: Claydol|Claydol|188/317","|cant|p1a: Suicune|slp","|","|-weather|Sandstorm|[upkeep]","|-damage|p1a: Suicune|376/401 slp|[from] Sandstorm","|-heal|p1a: Suicune|401/401 slp|[from] item: Leftovers","|-heal|p2a: Claydol|207/317|[from] item: Leftovers","|upkeep","|turn|186","||adding 10 for new turn","|","|t:|1752926136","|cant|p1a: Suicune|slp","|move|p2a: Claydol|Refresh||[still]","|-fail|p2a: Claydol","|","|-weather|Sandstorm|[upkeep]","|-damage|p1a: Suicune|376/401 slp|[from] Sandstorm","|-heal|p1a: Suicune|401/401 slp|[from] item: Leftovers","|-heal|p2a: Claydol|226/317|[from] item: Leftovers","|upkeep","|turn|187","||adding 10 for new turn","|","|t:|1752926137","|-curestatus|p1a: Suicune|slp|[msg]","|move|p1a: Suicune|Calm Mind|p1a: Suicune","|-boost|p1a: Suicune|spa|0","|-boost|p1a: Suicune|spd|0","|move|p2a: Claydol|Refresh||[still]","|-fail|p2a: Claydol","|","|-weather|Sandstorm|[upkeep]","|-damage|p1a: Suicune|376/401|[from] Sandstorm","|-heal|p1a: Suicune|401/401|[from] item: Leftovers","|-heal|p2a: Claydol|245/317|[from] item: Leftovers","|upkeep","|turn|188","||adding 10 for new turn","|","|t:|1752926138","|move|p1a: Suicune|Calm Mind|p1a: Suicune","|-boost|p1a: Suicune|spa|0","|-boost|p1a: Suicune|spd|0","|move|p2a: Claydol|Rapid Spin|p1a: Suicune","|-damage|p1a: Suicune|389/401","|","|-weather|Sandstorm|[upkeep]","|-damage|p1a: Suicune|364/401|[from] Sandstorm","|-heal|p1a: Suicune|389/401|[from] item: Leftovers","|-heal|p2a: Claydol|264/317|[from] item: Leftovers","|upkeep","|turn|189","||adding 10 for new turn","|","|t:|1752926138","|move|p1a: Suicune|Calm Mind|p1a: Suicune","|-boost|p1a: Suicune|spa|0","|-boost|p1a: Suicune|spd|0","|move|p2a: Claydol|Refresh||[still]","|-fail|p2a: Claydol","|","|-weather|Sandstorm|[upkeep]","|-damage|p1a: Suicune|364/401|[from] Sandstorm","|-heal|p1a: Suicune|389/401|[from] item: Leftovers","|-heal|p2a: Claydol|283/317|[from] item: Leftovers","|upkeep","|turn|190","||adding 10 for new turn","|","|t:|1752926139","|move|p1a: Suicune|Calm Mind|p1a: Suicune","|-boost|p1a: Suicune|spa|0","|-boost|p1a: Suicune|spd|0","|move|p2a: Claydol|Rapid Spin|p1a: Suicune","|-damage|p1a: Suicune|378/401","|","|-weather|Sandstorm|[upkeep]","|-damage|p1a: Suicune|353/401|[from] Sandstorm","|-heal|p1a: Suicune|378/401|[from] item: Leftovers","|-heal|p2a: Claydol|302/317|[from] item: Leftovers","|upkeep","|turn|191","||adding 10 for new turn","|","|t:|1752926140","|switch|p2a: Blissey|Blissey, F|661/661","|move|p1a: Suicune|Calm Mind|p1a: Suicune","|-boost|p1a: Suicune|spa|0","|-boost|p1a: Suicune|spd|0","|","|-weather|Sandstorm|[upkeep]","|-damage|p1a: Suicune|353/401|[from] Sandstorm","|-damage|p2a: Blissey|620/661|[from] Sandstorm","|-heal|p1a: Suicune|378/401|[from] item: Leftovers","|-heal|p2a: Blissey|661/661|[from] item: Leftovers","|upkeep","|turn|192","||adding 10 for new turn","|","|t:|1752926141","|switch|p2a: Claydol|Claydol|302/317","|move|p1a: Suicune|Calm Mind|p1a: Suicune","|-boost|p1a: Suicune|spa|0","|-boost|p1a: Suicune|spd|0","|","|-weather|Sandstorm|[upkeep]","|-damage|p1a: Suicune|353/401|[from] Sandstorm","|-heal|p1a: Suicune|378/401|[from] item: Leftovers","|-heal|p2a: Claydol|317/317|[from] item: Leftovers","|upkeep","|turn|193","||adding 10 for new turn","|","|t:|1752926141","|switch|p2a: Blissey|Blissey, F|661/661","|move|p1a: Suicune|Calm Mind|p1a: Suicune","|-boost|p1a: Suicune|spa|0","|-boost|p1a: Suicune|spd|0","|","|-weather|Sandstorm|[upkeep]","|-damage|p1a: Suicune|353/401|[from] Sandstorm","|-damage|p2a: Blissey|620/661|[from] Sandstorm","|-heal|p1a: Suicune|378/401|[from] item: Leftovers","|-heal|p2a: Blissey|661/661|[from] item: Leftovers","|upkeep","|turn|194","||adding 10 for new turn","|","|t:|1752926142","|move|p1a: Suicune|Calm Mind|p1a: Suicune","|-boost|p1a: Suicune|spa|0","|-boost|p1a: Suicune|spd|0","|move|p2a: Blissey|Thunder Wave|p1a: Suicune","|-status|p1a: Suicune|par","|","|-weather|Sandstorm|[upkeep]","|-damage|p2a: Blissey|620/661|[from] Sandstorm","|-damage|p1a: Suicune|353/401 par|[from] Sandstorm","|-heal|p2a: Blissey|661/661|[from] item: Leftovers","|-heal|p1a: Suicune|378/401 par|[from] item: Leftovers","|upkeep","|turn|195","||adding 10 for new turn","|","|t:|1752926143","|move|p2a: Blissey|Thunder Wave|p1a: Suicune","|-fail|p1a: Suicune|par","|move|p1a: Suicune|Calm Mind|p1a: Suicune","|-boost|p1a: Suicune|spa|0","|-boost|p1a: Suicune|spd|0","|","|-weather|Sandstorm|[upkeep]","|-damage|p2a: Blissey|620/661|[from] Sandstorm","|-damage|p1a: Suicune|353/401 par|[from] Sandstorm","|-heal|p2a: Blissey|661/661|[from] item: Leftovers","|-heal|p1a: Suicune|378/401 par|[from] item: Leftovers","|upkeep","|turn|196","||adding 10 for new turn","|","|t:|1752926144","|move|p2a: Blissey|Thunder Wave|p1a: Suicune","|-fail|p1a: Suicune|par","|move|p1a: Suicune|Calm Mind|p1a: Suicune","|-boost|p1a: Suicune|spa|0","|-boost|p1a: Suicune|spd|0","|","|-weather|Sandstorm|[upkeep]","|-damage|p2a: Blissey|620/661|[from] Sandstorm","|-damage|p1a: Suicune|353/401 par|[from] Sandstorm","|-heal|p2a: Blissey|661/661|[from] item: Leftovers","|-heal|p1a: Suicune|378/401 par|[from] item: Leftovers","|upkeep","|turn|197","||adding 10 for new turn","|","|t:|1752926144","|move|p2a: Blissey|Thunder Wave|p1a: Suicune","|-fail|p1a: Suicune|par","|move|p1a: Suicune|Calm Mind|p1a: Suicune","|-boost|p1a: Suicune|spa|0","|-boost|p1a: Suicune|spd|0","|","|-weather|Sandstorm|[upkeep]","|-damage|p2a: Blissey|620/661|[from] Sandstorm","|-damage|p1a: Suicune|353/401 par|[from] Sandstorm","|-heal|p2a: Blissey|661/661|[from] item: Leftovers","|-heal|p1a: Suicune|378/401 par|[from] item: Leftovers","|upkeep","|turn|198","||adding 10 for new turn","|","|t:|1752926145","|move|p2a: Blissey|Thunder Wave|p1a: Suicune","|-fail|p1a: Suicune|par","|move|p1a: Suicune|Rest|p1a: Suicune","|-status|p1a: Suicune|slp|[from] move: Rest","|-heal|p1a: Suicune|401/401 slp|[silent]","|","|-weather|Sandstorm|[upkeep]","|-damage|p1a: Suicune|376/401 slp|[from] Sandstorm","|-damage|p2a: Blissey|620/661|[from] Sandstorm","|-heal|p1a: Suicune|401/401 slp|[from] item: Leftovers","|-heal|p2a: Blissey|661/661|[from] item: Leftovers","|upkeep","|turn|199","||adding 10 for new turn","|","|t:|1752926146","|cant|p1a: Suicune|slp","|move|p2a: Blissey|Thunder Wave||[still]","|-fail|p2a: Blissey","|","|-weather|Sandstorm|[upkeep]","|-damage|p1a: Suicune|376/401 slp|[from] Sandstorm","|-damage|p2a: Blissey|620/661|[from] Sandstorm","|-heal|p1a: Suicune|401/401 slp|[from] item: Leftovers","|-heal|p2a: Blissey|661/661|[from] item: Leftovers","|upkeep","|turn|200","||adding 10 for new turn","|","|t:|1752926147","|cant|p1a: Suicune|slp","|move|p2a: Blissey|Thunder Wave||[still]","|-fail|p2a: Blissey","|","|-weather|Sandstorm|[upkeep]","|-damage|p1a: Suicune|376/401 slp|[from] Sandstorm","|-damage|p2a: Blissey|620/661|[from] Sandstorm","|-heal|p1a: Suicune|401/401 slp|[from] item: Leftovers","|-heal|p2a: Blissey|661/661|[from] item: Leftovers","|upkeep","|turn|201","||adding 10 for new turn","|","|t:|1752926147","|-curestatus|p1a: Suicune|slp|[msg]","|move|p1a: Suicune|Calm Mind|p1a: Suicune","|-boost|p1a: Suicune|spa|0","|-boost|p1a: Suicune|spd|0","|move|p2a: Blissey|Thunder Wave|p1a: Suicune","|-status|p1a: Suicune|par","|","|-weather|Sandstorm|[upkeep]","|-damage|p2a: Blissey|620/661|[from] Sandstorm","|-damage|p1a: Suicune|376/401 par|[from] Sandstorm","|-heal|p2a: Blissey|661/661|[from] item: Leftovers","|-heal|p1a: Suicune|401/401 par|[from] item: Leftovers","|upkeep","|turn|202","||adding 10 for new turn","|","|t:|1752926148","|switch|p2a: Milotic|Milotic, M|393/393","|move|p1a: Suicune|Rest|p1a: Suicune","|-fail|p1a: Suicune|heal","|","|-weather|Sandstorm|[upkeep]","|-damage|p2a: Milotic|369/393|[from] Sandstorm","|-damage|p1a: Suicune|376/401 par|[from] Sandstorm","|-heal|p2a: Milotic|393/393|[from] item: Leftovers","|-heal|p1a: Suicune|401/401 par|[from] item: Leftovers","|upkeep","|turn|203","||adding 10 for new turn","|","|t:|1752926149","|move|p2a: Milotic|Toxic||[still]","|-fail|p2a: Milotic","|move|p1a: Suicune|Rest|p1a: Suicune","|-fail|p1a: Suicune|heal","|","|-weather|Sandstorm|[upkeep]","|-damage|p2a: Milotic|369/393|[from] Sandstorm","|-damage|p1a: Suicune|376/401 par|[from] Sandstorm","|-heal|p2a: Milotic|393/393|[from] item: Leftovers","|-heal|p1a: Suicune|401/401 par|[from] item: Leftovers","|upkeep","|turn|204","||adding 10 for new turn","|","|t:|1752926150","|switch|p2a: Blissey|Blissey, F|661/661","|move|p1a: Suicune|Calm Mind|p1a: Suicune","|-boost|p1a: Suicune|spa|0","|-boost|p1a: Suicune|spd|0","|","|-weather|Sandstorm|[upkeep]","|-damage|p2a: Blissey|620/661|[from] Sandstorm","|-damage|p1a: Suicune|376/401 par|[from] Sandstorm","|-heal|p2a: Blissey|661/661|[from] item: Leftovers","|-heal|p1a: Suicune|401/401 par|[from] item: Leftovers","|upkeep","|turn|205","||adding 10 for new turn","|","|t:|1752926151","|switch|p2a: Milotic|Milotic, M|393/393","|switch|p1a: Blissey|Blissey, F|670/714","|","|-weather|Sandstorm|[upkeep]","|-damage|p2a: Milotic|369/393|[from] Sandstorm","|-damage|p1a: Blissey|626/714|[from] Sandstorm","|-heal|p2a: Milotic|393/393|[from] item: Leftovers","|-heal|p1a: Blissey|670/714|[from] item: Leftovers","|upkeep","|turn|206","||adding 10 for new turn","|","|t:|1752926151","|move|p2a: Milotic|Toxic|p1a: Blissey","|-status|p1a: Blissey|tox","|move|p1a: Blissey|Seismic Toss|p2a: Milotic","|-damage|p2a: Milotic|293/393","|","|-weather|Sandstorm|[upkeep]","|-damage|p2a: Milotic|269/393|[from] Sandstorm","|-damage|p1a: Blissey|626/714 tox|[from] Sandstorm","|-heal|p2a: Milotic|293/393|[from] item: Leftovers","|-heal|p1a: Blissey|670/714 tox|[from] item: Leftovers","|-damage|p1a: Blissey|626/714 tox|[from] psn","|upkeep","|turn|207","||adding 10 for new turn","|","|t:|1752926152","|-curestatus|p1a: Blissey|tox|[from] ability: Natural Cure","|switch|p1a: Snorlax|Snorlax, F|497/497","|move|p2a: Milotic|Recover|p2a: Milotic","|-heal|p2a: Milotic|393/393","|","|-weather|Sandstorm|[upkeep]","|-damage|p2a: Milotic|369/393|[from] Sandstorm","|-damage|p1a: Snorlax|466/497|[from] Sandstorm","|-heal|p2a: Milotic|393/393|[from] item: Leftovers","|-heal|p1a: Snorlax|497/497|[from] item: Leftovers","|upkeep","|turn|208","||adding 10 for new turn","|","|t:|1752926153","|move|p2a: Milotic|Surf|p1a: Snorlax","|-damage|p1a: Snorlax|413/497","|move|p1a: Snorlax|Return|p2a: Milotic","|-damage|p2a: Milotic|263/393","|","|-weather|Sandstorm|[upkeep]","|-damage|p2a: Milotic|239/393|[from] Sandstorm","|-damage|p1a: Snorlax|382/497|[from] Sandstorm","|-heal|p2a: Milotic|263/393|[from] item: Leftovers","|-heal|p1a: Snorlax|413/497|[from] item: Leftovers","|upkeep","|turn|209","||adding 10 for new turn","|","|t:|1752926154","|move|p2a: Milotic|Recover|p2a: Milotic","|-heal|p2a: Milotic|393/393","|move|p1a: Snorlax|Return|p2a: Milotic","|-damage|p2a: Milotic|273/393","|","|-weather|Sandstorm|[upkeep]","|-damage|p2a: Milotic|249/393|[from] Sandstorm","|-damage|p1a: Snorlax|382/497|[from] Sandstorm","|-heal|p2a: Milotic|273/393|[from] item: Leftovers","|-heal|p1a: Snorlax|413/497|[from] item: Leftovers","|upkeep","|turn|210","||adding 10 for new turn","|","|t:|1752926155","|move|p2a: Milotic|Recover|p2a: Milotic","|-heal|p2a: Milotic|393/393","|move|p1a: Snorlax|Return|p2a: Milotic","|-damage|p2a: Milotic|271/393","|","|-weather|Sandstorm|[upkeep]","|-damage|p2a: Milotic|247/393|[from] Sandstorm","|-damage|p1a: Snorlax|382/497|[from] Sandstorm","|-heal|p2a: Milotic|271/393|[from] item: Leftovers","|-heal|p1a: Snorlax|413/497|[from] item: Leftovers","|upkeep","|turn|211","||adding 10 for new turn","|","|t:|1752926156","|move|p2a: Milotic|Recover|p2a: Milotic","|-heal|p2a: Milotic|393/393","|move|p1a: Snorlax|Curse|p1a: Snorlax","|-unboost|p1a: Snorlax|spe|1","|-boost|p1a: Snorlax|atk|1","|-boost|p1a: Snorlax|def|1","|","|-weather|Sandstorm|[upkeep]","|-damage|p2a: Milotic|369/393|[from] Sandstorm","|-damage|p1a: Snorlax|382/497|[from] Sandstorm","|-heal|p2a: Milotic|393/393|[from] item: Leftovers","|-heal|p1a: Snorlax|413/497|[from] item: Leftovers","|upkeep","|turn|212","||adding 10 for new turn","|","|t:|1752926157","|move|p2a: Milotic|Surf|p1a: Snorlax","|-damage|p1a: Snorlax|325/497","|move|p1a: Snorlax|Return|p2a: Milotic","|-crit|p2a: Milotic","|-damage|p2a: Milotic|32/393","|","|-weather|Sandstorm|[upkeep]","|-damage|p2a: Milotic|8/393|[from] Sandstorm","|-damage|p1a: Snorlax|294/497|[from] Sandstorm","|-heal|p2a: Milotic|32/393|[from] item: Leftovers","|-heal|p1a: Snorlax|325/497|[from] item: Leftovers","|upkeep","|turn|213","||adding 10 for new turn","|","|t:|1752926158","|move|p2a: Milotic|Recover|p2a: Milotic","|-heal|p2a: Milotic|228/393","|move|p1a: Snorlax|Return|p2a: Milotic","|-damage|p2a: Milotic|40/393","|","|-weather|Sandstorm|[upkeep]","|-damage|p2a: Milotic|16/393|[from] Sandstorm","|-damage|p1a: Snorlax|294/497|[from] Sandstorm","|-heal|p2a: Milotic|40/393|[from] item: Leftovers","|-heal|p1a: Snorlax|325/497|[from] item: Leftovers","|upkeep","|turn|214","||adding 10 for new turn","|","|t:|1752926159","|move|p2a: Milotic|Recover|p2a: Milotic","|-heal|p2a: Milotic|236/393","|move|p1a: Snorlax|Return|p2a: Milotic","|-damage|p2a: Milotic|56/393","|","|-weather|Sandstorm|[upkeep]","|-damage|p2a: Milotic|32/393|[from] Sandstorm","|-damage|p1a: Snorlax|294/497|[from] Sandstorm","|-heal|p2a: Milotic|56/393|[from] item: Leftovers","|-heal|p1a: Snorlax|325/497|[from] item: Leftovers","|upkeep","|turn|215","||adding 10 for new turn","|","|t:|1752926160","|move|p2a: Milotic|Recover|p2a: Milotic","|-heal|p2a: Milotic|252/393","|move|p1a: Snorlax|Return|p2a: Milotic","|-damage|p2a: Milotic|64/393","|","|-weather|Sandstorm|[upkeep]","|-damage|p2a: Milotic|40/393|[from] Sandstorm","|-damage|p1a: Snorlax|294/497|[from] Sandstorm","|-heal|p2a: Milotic|64/393|[from] item: Leftovers","|-heal|p1a: Snorlax|325/497|[from] item: Leftovers","|upkeep","|turn|216","||adding 10 for new turn","|","|t:|1752926161","|move|p2a: Milotic|Recover|p2a: Milotic","|-heal|p2a: Milotic|260/393","|move|p1a: Snorlax|Return|p2a: Milotic","|-damage|p2a: Milotic|90/393","|","|-weather|Sandstorm|[upkeep]","|-damage|p2a: Milotic|66/393|[from] Sandstorm","|-damage|p1a: Snorlax|294/497|[from] Sandstorm","|-heal|p2a: Milotic|90/393|[from] item: Leftovers","|-heal|p1a: Snorlax|325/497|[from] item: Leftovers","|upkeep","|turn|217","||adding 10 for new turn","|","|t:|1752926162","|move|p2a: Milotic|Recover|p2a: Milotic","|-heal|p2a: Milotic|286/393","|move|p1a: Snorlax|Return|p2a: Milotic","|-damage|p2a: Milotic|92/393","|","|-weather|Sandstorm|[upkeep]","|-damage|p2a: Milotic|68/393|[from] Sandstorm","|-damage|p1a: Snorlax|294/497|[from] Sandstorm","|-heal|p2a: Milotic|92/393|[from] item: Leftovers","|-heal|p1a: Snorlax|325/497|[from] item: Leftovers","|upkeep","|turn|218","||adding 10 for new turn","|","|t:|1752926163","|move|p2a: Milotic|Recover|p2a: Milotic","|-heal|p2a: Milotic|288/393","|move|p1a: Snorlax|Return|p2a: Milotic","|-damage|p2a: Milotic|102/393","|","|-weather|Sandstorm|[upkeep]","|-damage|p2a: Milotic|78/393|[from] Sandstorm","|-damage|p1a: Snorlax|294/497|[from] Sandstorm","|-heal|p2a: Milotic|102/393|[from] item: Leftovers","|-heal|p1a: Snorlax|325/497|[from] item: Leftovers","|upkeep","|turn|219","||adding 10 for new turn","|","|t:|1752926164","|move|p2a: Milotic|Recover|p2a: Milotic","|-heal|p2a: Milotic|298/393","|move|p1a: Snorlax|Return|p2a: Milotic","|-damage|p2a: Milotic|116/393","|","|-weather|Sandstorm|[upkeep]","|-damage|p2a: Milotic|92/393|[from] Sandstorm","|-damage|p1a: Snorlax|294/497|[from] Sandstorm","|-heal|p2a: Milotic|116/393|[from] item: Leftovers","|-heal|p1a: Snorlax|325/497|[from] item: Leftovers","|upkeep","|turn|220","||adding 10 for new turn","|","|t:|1752926165","|move|p2a: Milotic|Surf|p1a: Snorlax","|-damage|p1a: Snorlax|245/497","|move|p1a: Snorlax|Return|p2a: Milotic","|-damage|p2a: Milotic|0 fnt","|faint|p2a: Milotic","||adding 5 to each for mid turn request","|","|t:|1752926166","|switch|p2a: Blissey|Blissey, F|661/661","|","|-weather|Sandstorm|[upkeep]","|-damage|p2a: Blissey|620/661|[from] Sandstorm","|-damage|p1a: Snorlax|214/497|[from] Sandstorm","|-heal|p2a: Blissey|661/661|[from] item: Leftovers","|-heal|p1a: Snorlax|245/497|[from] item: Leftovers","|upkeep","|turn|221","||adding 10 for new turn","|","|t:|1752926166","|move|p2a: Blissey|Thunder Wave|p1a: Snorlax","|-status|p1a: Snorlax|par","|cant|p1a: Snorlax|par","|","|-weather|Sandstorm|[upkeep]","|-damage|p2a: Blissey|620/661|[from] Sandstorm","|-damage|p1a: Snorlax|214/497 par|[from] Sandstorm","|-heal|p2a: Blissey|661/661|[from] item: Leftovers","|-heal|p1a: Snorlax|245/497 par|[from] item: Leftovers","|upkeep","|turn|222","||adding 10 for new turn","|","|t:|1752926167","|move|p2a: Blissey|Ice Beam|p1a: Snorlax","|-damage|p1a: Snorlax|186/497 par","|move|p1a: Snorlax|Return|p2a: Blissey","|-crit|p2a: Blissey","|-damage|p2a: Blissey|0 fnt","|faint|p2a: Blissey","||adding 5 to each for mid turn request","|","|t:|1752926168","|switch|p2a: Claydol|Claydol|317/317","|","|-weather|Sandstorm|[upkeep]","|-damage|p1a: Snorlax|155/497 par|[from] Sandstorm","|-heal|p1a: Snorlax|186/497 par|[from] item: Leftovers","|upkeep","|turn|223","||adding 10 for new turn","|","|t:|1752926169","|move|p2a: Claydol|Earthquake|p1a: Snorlax","|-damage|p1a: Snorlax|89/497 par","|move|p1a: Snorlax|Rest|p1a: Snorlax","|-status|p1a: Snorlax|slp|[from] move: Rest","|-heal|p1a: Snorlax|497/497 slp|[silent]","|","|-weather|Sandstorm|[upkeep]","|-damage|p1a: Snorlax|466/497 slp|[from] Sandstorm","|-heal|p1a: Snorlax|497/497 slp|[from] item: Leftovers","|upkeep","|turn|224","||adding 10 for new turn","|","|t:|1752926170","|move|p2a: Claydol|Earthquake|p1a: Snorlax","|-damage|p1a: Snorlax|400/497 slp","|cant|p1a: Snorlax|slp","|","|-weather|Sandstorm|[upkeep]","|-damage|p1a: Snorlax|369/497 slp|[from] Sandstorm","|-heal|p1a: Snorlax|400/497 slp|[from] item: Leftovers","|upkeep","|turn|225","||adding 10 for new turn","|","|t:|1752926171","|move|p2a: Claydol|Earthquake|p1a: Snorlax","|-damage|p1a: Snorlax|297/497 slp","|cant|p1a: Snorlax|slp","|","|-weather|Sandstorm|[upkeep]","|-damage|p1a: Snorlax|266/497 slp|[from] Sandstorm","|-heal|p1a: Snorlax|297/497 slp|[from] item: Leftovers","|upkeep","|turn|226","||adding 10 for new turn","|","|t:|1752926171","|move|p2a: Claydol|Earthquake|p1a: Snorlax","|-damage|p1a: Snorlax|188/497 slp","|-curestatus|p1a: Snorlax|slp|[msg]","|move|p1a: Snorlax|Return|p2a: Claydol","|-damage|p2a: Claydol|109/317","|","|-weather|Sandstorm|[upkeep]","|-damage|p1a: Snorlax|157/497|[from] Sandstorm","|-heal|p2a: Claydol|128/317|[from] item: Leftovers","|-heal|p1a: Snorlax|188/497|[from] item: Leftovers","|upkeep","|turn|227","||adding 10 for new turn","|","|t:|1752926172","|move|p2a: Claydol|Earthquake|p1a: Snorlax","|-damage|p1a: Snorlax|93/497","|move|p1a: Snorlax|Shadow Ball|p2a: Claydol","|-supereffective|p2a: Claydol","|-damage|p2a: Claydol|0 fnt","|faint|p2a: Claydol","||adding 5 to each for mid turn request","|","|t:|1752926173","|switch|p2a: Dugtrio|Dugtrio, F|211/211","|","|-weather|Sandstorm|[upkeep]","|-damage|p1a: Snorlax|62/497|[from] Sandstorm","|-heal|p1a: Snorlax|93/497|[from] item: Leftovers","|upkeep","|turn|228","||adding 10 for new turn","|","|t:|1752926174","|move|p2a: Dugtrio|Earthquake|p1a: Snorlax","|-damage|p1a: Snorlax|0 fnt","|faint|p1a: Snorlax","||adding 5 to each for mid turn request","|","|t:|1752926174","|switch|p1a: Claydol|Claydol|324/324","|","|-weather|Sandstorm|[upkeep]","|upkeep","|turn|229","||adding 10 for new turn","|","|t:|1752926175","|move|p2a: Dugtrio|Earthquake|p1a: Claydol","|-immune|p1a: Claydol","|move|p1a: Claydol|Earthquake|p2a: Dugtrio","|-damage|p2a: Dugtrio|0 fnt","|faint|p2a: Dugtrio","|","|win|foultestchallenge1",""],"p1rating":null,"p2rating":null,"endType":"normal","ladderError":true,"timestamp":"Sat Jul 19 2025 04:56:15 GMT-0700 (アメリカ太平洋夏時間)","roomid":"battle-gen3ou-975","format":"gen3ou"}