{"winner":"thecrusher677","seed":"sodium,ec102861cd1912a98b52bf49227cad7b","turns":35,"p1":"thecrusher677","p2":"simb","p1team":[{"name":"Magneton","species":"Magneton","item":"Magnet","ability":"Magnet Pull","moves":["Thunderbolt","Toxic","Hidden Power Fire","Protect"],"nature":"Modest","evs":{"hp":4,"atk":0,"def":0,"spa":252,"spd":0,"spe":252},"gender":"N","ivs":{"hp":31,"atk":2,"def":31,"spa":30,"spd":31,"spe":30},"happiness":255,"hpType":"Fire","pokeball":"","gigantamax":false,"dynamaxLevel":10,"teraType":"","level":100},{"name":"Salamence","species":"Salamence","item":"Choice Band","ability":"Intimidate","moves":["Earthquake","Hidden Power Flying","Brick Break","Rock Slide"],"nature":"Adamant","evs":{"hp":120,"atk":252,"def":0,"spa":0,"spd":0,"spe":136},"gender":"F","ivs":{"hp":30,"atk":30,"def":30,"spa":30,"spd":30,"spe":31},"happiness":255,"hpType":"Flying","pokeball":"","gigantamax":false,"dynamaxLevel":10,"teraType":"","level":100},{"name":"Tyranitar","species":"Tyranitar","item":"Leftovers","ability":"Sand Stream","moves":["Crunch","Pursuit","Hidden Power Grass","Fire Blast"],"nature":"Modest","evs":{"hp":240,"atk":0,"def":0,"spa":188,"spd":48,"spe":32},"gender":"M","ivs":{"hp":31,"atk":2,"def":31,"spa":30,"spd":31,"spe":31},"happiness":255,"hpType":"Grass","pokeball":"","gigantamax":false,"dynamaxLevel":10,"teraType":"","level":100},{"name":"Blissey","species":"Blissey","item":"Leftovers","ability":"Natural Cure","moves":["Seismic Toss","Wish","Protect","Toxic"],"nature":"","evs":{"hp":4,"atk":0,"def":252,"spa":0,"spd":252,"spe":0},"gender":"F","ivs":{"hp":31,"atk":0,"def":31,"spa":31,"spd":31,"spe":31},"level":100},{"name":"Metagross","species":"Metagross","item":"Leftovers","ability":"Clear Body","moves":["Agility","Meteor Mash","Earthquake","Explosion"],"nature":"Adamant","evs":{"hp":168,"atk":252,"def":0,"spa":0,"spd":0,"spe":88},"gender":"N","level":100,"ivs":{"hp":31,"atk":31,"def":31,"spa":31,"spd":31,"spe":31}},{"name":"Swampert","species":"Swampert","item":"Leftovers","ability":"Torrent","moves":["Surf","Ice Beam","Protect","Toxic"],"nature":"Bold","evs":{"hp":252,"atk":0,"def":160,"spa":0,"spd":96,"spe":0},"gender":"M","ivs":{"hp":31,"atk":0,"def":31,"spa":31,"spd":31,"spe":31},"level":100}],"p2team":[{"name":"Salamence","species":"Salamence","item":"Choice Band","ability":"Intimidate","moves":["Earthquake","Hidden Power Flying","Brick Break","Rock Slide"],"nature":"Adamant","evs":{"hp":120,"atk":252,"def":0,"spa":0,"spd":0,"spe":136},"gender":"M","ivs":{"hp":30,"atk":30,"def":30,"spa":30,"spd":30,"spe":31},"happiness":255,"hpType":"Flying","pokeball":"","gigantamax":false,"dynamaxLevel":10,"teraType":"","level":100},{"name":"Magneton","species":"Magneton","item":"Magnet","ability":"Magnet Pull","moves":["Thunderbolt","Toxic","Hidden Power Fire","Protect"],"nature":"Modest","evs":{"hp":4,"atk":0,"def":0,"spa":252,"spd":0,"spe":252},"gender":"N","ivs":{"hp":31,"atk":2,"def":31,"spa":30,"spd":31,"spe":30},"happiness":255,"hpType":"Fire","pokeball":"","gigantamax":false,"dynamaxLevel":10,"teraType":"","level":100},{"name":"Tyranitar","species":"Tyranitar","item":"Leftovers","ability":"Sand Stream","moves":["Crunch","Pursuit","Hidden Power Grass","Fire Blast"],"nature":"Modest","evs":{"hp":240,"atk":0,"def":0,"spa":188,"spd":48,"spe":32},"gender":"F","ivs":{"hp":31,"atk":2,"def":31,"spa":30,"spd":31,"spe":31},"happiness":255,"hpType":"Grass","pokeball":"","gigantamax":false,"dynamaxLevel":10,"teraType":"","level":100},{"name":"Blissey","species":"Blissey","item":"Leftovers","ability":"Natural Cure","moves":["Seismic Toss","Wish","Protect","Toxic"],"nature":"","evs":{"hp":4,"atk":0,"def":252,"spa":0,"spd":252,"spe":0},"gender":"F","ivs":{"hp":31,"atk":0,"def":31,"spa":31,"spd":31,"spe":31},"level":100},{"name":"Metagross","species":"Metagross","item":"Leftovers","ability":"Clear Body","moves":["Agility","Meteor Mash","Earthquake","Explosion"],"nature":"Adamant","evs":{"hp":168,"atk":252,"def":0,"spa":0,"spd":0,"spe":88},"gender":"N","level":100,"ivs":{"hp":31,"atk":31,"def":31,"spa":31,"spd":31,"spe":31}},{"name":"Swampert","species":"Swampert","item":"Leftovers","ability":"Torrent","moves":["Surf","Ice Beam","Protect","Toxic"],"nature":"Bold","evs":{"hp":252,"atk":0,"def":160,"spa":0,"spd":96,"spe":0},"gender":"M","ivs":{"hp":31,"atk":0,"def":31,"spa":31,"spd":31,"spe":31},"level":100}],"score":[3,0],"inputLog":[">version 372d05e49c92a79eecdf6c8dddb208bd1765c00f",">start {\"formatid\":\"gen3ou\",\"seed\":\"sodium,ec102861cd1912a98b52bf49227cad7b\"}",">player p1 {\"name\":\"thecrusher677\",\"avatar\":\"170\",\"team\":\"Magneton||Magnet|MagnetPull|Thunderbolt,Toxic,HiddenPowerFire,Protect|Modest|4,,,252,,252|N|,2,,30,,30|||,Fire,,,,]Salamence||ChoiceBand|Intimidate|Earthquake,HiddenPowerFlying,BrickBreak,RockSlide|Adamant|120,252,,,,136|F|30,30,30,30,30,|||,Flying,,,,]Tyranitar||Leftovers|SandStream|Crunch,Pursuit,HiddenPowerGrass,FireBlast|Modest|240,,,188,48,32|M|,2,,30,,|||,Grass,,,,]Blissey||Leftovers|NaturalCure|SeismicToss,Wish,Protect,Toxic||4,,252,,252,|F|,0,,,,|||]Metagross||Leftovers|ClearBody|Agility,MeteorMash,Earthquake,Explosion|Adamant|168,252,,,,88|N||||]Swampert||Leftovers|Torrent|Surf,IceBeam,Protect,Toxic|Bold|252,,160,,96,|M|,0,,,,|||\",\"rating\":0}",">player p2 {\"name\":\"simb\",\"avatar\":\"2\",\"team\":\"Salamence||ChoiceBand|Intimidate|Earthquake,HiddenPowerFlying,BrickBreak,RockSlide|Adamant|120,252,,,,136|M|30,30,30,30,30,|||,Flying,,,,]Magneton||Magnet|MagnetPull|Thunderbolt,Toxic,HiddenPowerFire,Protect|Modest|4,,,252,,252|N|,2,,30,,30|||,Fire,,,,]Tyranitar||Leftovers|SandStream|Crunch,Pursuit,HiddenPowerGrass,FireBlast|Modest|240,,,188,48,32|F|,2,,30,,|||,Grass,,,,]Blissey||Leftovers|NaturalCure|SeismicToss,Wish,Protect,Toxic||4,,252,,252,|F|,0,,,,|||]Metagross||Leftovers|ClearBody|Agility,MeteorMash,Earthquake,Explosion|Adamant|168,252,,,,88|N||||]Swampert||Leftovers|Torrent|Surf,IceBeam,Protect,Toxic|Bold|252,,160,,96,|M|,0,,,,|||\",\"rating\":0}",">p1 move protect",">p2 move earthquake",">p1 switch 2",">p2 move earthquake",">p1 move rockslide",">p2 move earthquake",">p1 move rockslide",">p2 switch 5",">p1 switch 2",">p2 move agility",">p1 move protect",">p2 move earthquake",">p1 switch 6",">p2 move earthquake",">p1 move surf",">p2 move meteormash",">p1 move protect",">p2 switch 4",">p1 switch 4",">p2 move seismictoss",">p1 move toxic",">p2 move seismictoss",">p1 move wish",">p2 move wish",">p1 switch 4",">p2 move seismictoss",">p1 move surf",">p2 move wish",">p1 move surf",">p2 move seismictoss",">p1 move surf",">p2 move seismictoss",">p1 move surf",">p2 move seismictoss",">p2 switch 2",">p1 move protect",">p2 move thunderbolt",">p1 move surf",">p2 switch 6",">p1 move surf",">p2 move surf",">p1 move surf",">p2 move surf",">p1 move protect",">p2 move surf",">p1 switch 4",">p2 move surf",">p1 move seismictoss",">p2 switch 4",">p1 switch 4",">p2 move meteormash",">p1 switch 6",">p1 move thunderbolt",">p2 move earthquake",">p1 switch 2",">p1 move hiddenpower",">p2 switch 4",">p2 switch 5",">p1 switch 5",">p2 move earthquake",">p1 switch 5",">p2 move earthquake",">p1 move hiddenpower",">p2 switch 3",">p1 switch 5",">p2 move pursuit",">p1 move meteormash",">p2 move pursuit",">p2 switch 6",">p1 move earthquake",">p2 move thunderbolt",">p1 switch 5",">p1 move brickbreak",">p2 move toxic",">p2 switch 3",">p2 switch 4",">p1 move brickbreak",">p2 move agility"],"log":["|j|☆thecrusher677","|j|☆simb","|t:|1750373532","|gametype|singles","|player|p1|thecrusher677|170|","|player|p2|simb|2|","|teamsize|p1|6","|teamsize|p2|6","|gen|3","|tier|[Gen 3] OU","|rule|Sleep Clause Mod: Limit one foe put to sleep","|rule|Switch Priority Clause Mod: Faster Pokémon switch first","|rule|Species Clause: Limit one of each Pokémon","|rule|OHKO Clause: OHKO moves are banned","|rule|Evasion Items Clause: Evasion items are banned","|rule|Evasion Moves Clause: Evasion moves are banned","|rule|Endless Battle Clause: Forcing endless battles is banned","|rule|HP Percentage Mod: HP is shown in percentages","|rule|One Boost Passer Clause: Limit one Baton Passer that has a way to boost its stats","|rule|Freeze Clause Mod: Limit one foe frozen","|","|t:|1750373532","|start","|switch|p1a: Magneton|Magneton|242/242","|switch|p2a: Salamence|Salamence, M|360/360","|-ability|p2a: Salamence|Intimidate|boost","|-unboost|p1a: Magneton|atk|1","|turn|1","|","|t:|1750373535","|move|p1a: Magneton|Protect|p1a: Magneton","|-singleturn|p1a: Magneton|Protect","|move|p2a: Salamence|Earthquake|p1a: Magneton","|-activate|p1a: Magneton|Protect","|","|upkeep","|turn|2","|","|t:|1750373538","|switch|p1a: Salamence|Salamence, F|360/360","|-ability|p1a: Salamence|Intimidate|boost","|-unboost|p2a: Salamence|atk|1","|move|p2a: Salamence|Earthquake|p1a: Salamence","|-immune|p1a: Salamence","|","|upkeep","|turn|3","|","|t:|1750373541","|move|p2a: Salamence|Earthquake|p1a: Salamence","|-immune|p1a: Salamence","|move|p1a: Salamence|Rock Slide|p2a: Salamence","|-supereffective|p2a: Salamence","|-damage|p2a: Salamence|2/360","|","|upkeep","|turn|4","|","|t:|1750373545","|switch|p2a: Metagross|Metagross|343/343","|move|p1a: Salamence|Rock Slide|p2a: Metagross","|-resisted|p2a: Metagross","|-damage|p2a: Metagross|278/343","|","|-heal|p2a: Metagross|299/343|[from] item: Leftovers","|upkeep","|turn|5","|","|t:|1750373549","|switch|p1a: Magneton|Magneton|242/242","|move|p2a: Metagross|Agility|p2a: Metagross","|-boost|p2a: Metagross|spe|2","|","|-heal|p2a: Metagross|320/343|[from] item: Leftovers","|upkeep","|turn|6","|","|t:|1750373553","|move|p1a: Magneton|Protect|p1a: Magneton","|-singleturn|p1a: Magneton|Protect","|move|p2a: Metagross|Earthquake|p1a: Magneton","|-activate|p1a: Magneton|Protect","|","|-heal|p2a: Metagross|341/343|[from] item: Leftovers","|upkeep","|turn|7","|","|t:|1750373556","|switch|p1a: Swampert|Swampert, M|404/404","|move|p2a: Metagross|Earthquake|p1a: Swampert","|-damage|p1a: Swampert|289/404","|","|-heal|p2a: Metagross|343/343|[from] item: Leftovers","|-heal|p1a: Swampert|314/404|[from] item: Leftovers","|upkeep","|turn|8","|","|t:|1750373562","|move|p2a: Metagross|Meteor Mash|p1a: Swampert","|-resisted|p1a: Swampert","|-damage|p1a: Swampert|225/404","|move|p1a: Swampert|Surf|p2a: Metagross","|-damage|p2a: Metagross|241/343","|","|-heal|p2a: Metagross|262/343|[from] item: Leftovers","|-heal|p1a: Swampert|250/404|[from] item: Leftovers","|upkeep","|turn|9","|","|t:|1750373565","|switch|p2a: Blissey|Blissey, F|652/652","|move|p1a: Swampert|Protect||[still]","|-fail|p1a: Swampert","|","|-heal|p1a: Swampert|275/404|[from] item: Leftovers","|upkeep","|turn|10","|","|t:|1750373569","|switch|p1a: Blissey|Blissey, F|652/652","|move|p2a: Blissey|Seismic Toss|p1a: Blissey","|-damage|p1a: Blissey|552/652","|","|-heal|p1a: Blissey|592/652|[from] item: Leftovers","|upkeep","|turn|11","|","|t:|1750373572","|move|p2a: Blissey|Seismic Toss|p1a: Blissey","|-damage|p1a: Blissey|492/652","|move|p1a: Blissey|Toxic|p2a: Blissey","|-status|p2a: Blissey|tox","|","|-heal|p1a: Blissey|532/652|[from] item: Leftovers","|-damage|p2a: Blissey|612/652 tox|[from] psn","|upkeep","|turn|12","|","|t:|1750373575","|move|p1a: Blissey|Wish|p1a: Blissey","|move|p2a: Blissey|Wish|p2a: Blissey","|","|-heal|p1a: Blissey|572/652|[from] item: Leftovers","|-heal|p2a: Blissey|652/652 tox|[from] item: Leftovers","|-damage|p2a: Blissey|572/652 tox|[from] psn","|upkeep","|turn|13","|","|t:|1750373582","|switch|p1a: Swampert|Swampert, M|275/404","|move|p2a: Blissey|Seismic Toss|p1a: Swampert","|-damage|p1a: Swampert|175/404","|","|-heal|p1a: Swampert|377/404|[from] move: Wish|[wisher] Blissey","|-heal|p2a: Blissey|652/652 tox|[from] move: Wish|[wisher] Blissey","|-heal|p1a: Swampert|402/404|[from] item: Leftovers","|-damage|p2a: Blissey|532/652 tox|[from] psn","|upkeep","|turn|14","|","|t:|1750373587","|move|p1a: Swampert|Surf|p2a: Blissey","|-damage|p2a: Blissey|472/652 tox","|move|p2a: Blissey|Wish|p2a: Blissey","|","|-heal|p1a: Swampert|404/404|[from] item: Leftovers","|-heal|p2a: Blissey|512/652 tox|[from] item: Leftovers","|-damage|p2a: Blissey|352/652 tox|[from] psn","|upkeep","|turn|15","|","|t:|1750373589","|move|p1a: Swampert|Surf|p2a: Blissey","|-damage|p2a: Blissey|288/652 tox","|move|p2a: Blissey|Seismic Toss|p1a: Swampert","|-damage|p1a: Swampert|304/404","|","|-heal|p2a: Blissey|614/652 tox|[from] move: Wish|[wisher] Blissey","|-heal|p1a: Swampert|329/404|[from] item: Leftovers","|-heal|p2a: Blissey|652/652 tox|[from] item: Leftovers","|-damage|p2a: Blissey|452/652 tox|[from] psn","|upkeep","|turn|16","|","|t:|1750373590","|move|p1a: Swampert|Surf|p2a: Blissey","|-crit|p2a: Blissey","|-damage|p2a: Blissey|316/652 tox","|move|p2a: Blissey|Seismic Toss|p1a: Swampert","|-damage|p1a: Swampert|229/404","|","|-heal|p1a: Swampert|254/404|[from] item: Leftovers","|-heal|p2a: Blissey|356/652 tox|[from] item: Leftovers","|-damage|p2a: Blissey|116/652 tox|[from] psn","|upkeep","|turn|17","|","|t:|1750373592","|move|p1a: Swampert|Surf|p2a: Blissey","|-damage|p2a: Blissey|52/652 tox","|move|p2a: Blissey|Seismic Toss|p1a: Swampert","|-damage|p1a: Swampert|154/404","|","|-heal|p1a: Swampert|179/404|[from] item: Leftovers","|-heal|p2a: Blissey|92/652 tox|[from] item: Leftovers","|-damage|p2a: Blissey|0 fnt|[from] psn","|faint|p2a: Blissey","|upkeep","|","|t:|1750373593","|switch|p2a: Magneton|Magneton|242/242","|turn|18","|","|t:|1750373596","|move|p1a: Swampert|Protect|p1a: Swampert","|-singleturn|p1a: Swampert|Protect","|move|p2a: Magneton|Thunderbolt|p1a: Swampert","|-activate|p1a: Swampert|Protect","|","|-heal|p1a: Swampert|204/404|[from] item: Leftovers","|upkeep","|turn|19","|","|t:|1750373604","|switch|p2a: Swampert|Swampert, M|404/404","|move|p1a: Swampert|Surf|p2a: Swampert","|-crit|p2a: Swampert","|-damage|p2a: Swampert|201/404","|","|-heal|p1a: Swampert|229/404|[from] item: Leftovers","|-heal|p2a: Swampert|226/404|[from] item: Leftovers","|upkeep","|turn|20","|","|t:|1750373613","|move|p1a: Swampert|Surf|p2a: Swampert","|-damage|p2a: Swampert|126/404","|move|p2a: Swampert|Surf|p1a: Swampert","|-damage|p1a: Swampert|84/404","|","|-heal|p1a: Swampert|109/404|[from] item: Leftovers","|-heal|p2a: Swampert|151/404|[from] item: Leftovers","|upkeep","|turn|21","|","|t:|1750373615","|move|p2a: Swampert|Surf|p1a: Swampert","|-damage|p1a: Swampert|14/404","|move|p1a: Swampert|Surf|p2a: Swampert","|-damage|p2a: Swampert|3/404","|","|-heal|p1a: Swampert|39/404|[from] item: Leftovers","|-heal|p2a: Swampert|28/404|[from] item: Leftovers","|upkeep","|turn|22","|","|t:|1750373618","|move|p1a: Swampert|Protect|p1a: Swampert","|-singleturn|p1a: Swampert|Protect","|move|p2a: Swampert|Surf|p1a: Swampert","|-activate|p1a: Swampert|Protect","|","|-heal|p1a: Swampert|64/404|[from] item: Leftovers","|-heal|p2a: Swampert|53/404|[from] item: Leftovers","|upkeep","|turn|23","|","|t:|1750373621","|switch|p1a: Blissey|Blissey, F|572/652","|move|p2a: Swampert|Surf|p1a: Blissey","|-damage|p1a: Blissey|479/652","|","|-heal|p2a: Swampert|78/404|[from] item: Leftovers","|-heal|p1a: Blissey|519/652|[from] item: Leftovers","|upkeep","|turn|24","|","|t:|1750373625","|switch|p2a: Metagross|Metagross|262/343","|move|p1a: Blissey|Seismic Toss|p2a: Metagross","|-damage|p2a: Metagross|162/343","|","|-heal|p2a: Metagross|183/343|[from] item: Leftovers","|-heal|p1a: Blissey|559/652|[from] item: Leftovers","|upkeep","|turn|25","|","|t:|1750373630","|switch|p1a: Swampert|Swampert, M|64/404","|move|p2a: Metagross|Meteor Mash|p1a: Swampert","|-resisted|p1a: Swampert","|-damage|p1a: Swampert|0 fnt","|faint|p1a: Swampert","|","|t:|1750373635","|switch|p1a: Magneton|Magneton|242/242","|","|-heal|p2a: Metagross|204/343|[from] item: Leftovers","|upkeep","|turn|26","|","|t:|1750373638","|move|p1a: Magneton|Thunderbolt|p2a: Metagross","|-damage|p2a: Metagross|4/343","|move|p2a: Metagross|Earthquake|p1a: Magneton","|-supereffective|p1a: Magneton","|-damage|p1a: Magneton|0 fnt","|faint|p1a: Magneton","|","|t:|1750373642","|switch|p1a: Salamence|Salamence, F|360/360","|-ability|p1a: Salamence|Intimidate|boost","|-fail|p2a: Metagross|unboost|[from] ability: Clear Body|[of] p2a: Metagross","|","|-heal|p2a: Metagross|25/343|[from] item: Leftovers","|upkeep","|turn|27","|","|t:|1750373648","|switch|p2a: Swampert|Swampert, M|78/404","|move|p1a: Salamence|Hidden Power|p2a: Swampert","|-damage|p2a: Swampert|0 fnt","|faint|p2a: Swampert","|","|t:|1750373651","|switch|p2a: Salamence|Salamence, M|2/360","|-ability|p2a: Salamence|Intimidate|boost","|-unboost|p1a: Salamence|atk|1","|","|upkeep","|turn|28","|","|t:|1750373659","|switch|p1a: Metagross|Metagross|343/343","|move|p2a: Salamence|Earthquake|p1a: Metagross","|-supereffective|p1a: Metagross","|-damage|p1a: Metagross|46/343","|","|-heal|p1a: Metagross|67/343|[from] item: Leftovers","|upkeep","|turn|29","|","|t:|1750373663","|switch|p1a: Salamence|Salamence, F|360/360","|-ability|p1a: Salamence|Intimidate|boost","|-unboost|p2a: Salamence|atk|1","|move|p2a: Salamence|Earthquake|p1a: Salamence","|-immune|p1a: Salamence","|","|upkeep","|turn|30","|","|t:|1750373666","|switch|p2a: Tyranitar|Tyranitar, F|401/401","|-weather|Sandstorm|[from] ability: Sand Stream|[of] p2a: Tyranitar","|move|p1a: Salamence|Hidden Power|p2a: Tyranitar","|-resisted|p2a: Tyranitar","|-damage|p2a: Tyranitar|310/401","|","|-weather|Sandstorm|[upkeep]","|-damage|p1a: Salamence|338/360|[from] Sandstorm","|-heal|p2a: Tyranitar|335/401|[from] item: Leftovers","|upkeep","|turn|31","|","|t:|1750373672","|-activate|p1a: Salamence|move: Pursuit","|move|p2a: Tyranitar|Pursuit|p1a: Salamence|[from]Pursuit","|-crit|p1a: Salamence","|-damage|p1a: Salamence|46/360","|switch|p1a: Metagross|Metagross|67/343","|","|-weather|Sandstorm|[upkeep]","|-heal|p1a: Metagross|88/343|[from] item: Leftovers","|-heal|p2a: Tyranitar|360/401|[from] item: Leftovers","|upkeep","|turn|32","|","|t:|1750373677","|move|p1a: Metagross|Meteor Mash|p2a: Tyranitar","|-supereffective|p2a: Tyranitar","|-damage|p2a: Tyranitar|0 fnt","|faint|p2a: Tyranitar","|","|t:|1750373680","|switch|p2a: Magneton|Magneton|242/242","|","|-weather|Sandstorm|[upkeep]","|-heal|p1a: Metagross|109/343|[from] item: Leftovers","|upkeep","|turn|33","|","|t:|1750373683","|move|p2a: Magneton|Thunderbolt|p1a: Metagross","|-damage|p1a: Metagross|0 fnt","|faint|p1a: Metagross","|","|t:|1750373686","|switch|p1a: Salamence|Salamence, F|46/360","|-ability|p1a: Salamence|Intimidate|boost","|-unboost|p2a: Magneton|atk|1","|","|-weather|Sandstorm|[upkeep]","|-damage|p1a: Salamence|24/360|[from] Sandstorm","|upkeep","|turn|34","|","|t:|1750373690","|move|p1a: Salamence|Brick Break|p2a: Magneton","|-supereffective|p2a: Magneton","|-damage|p2a: Magneton|0 fnt","|faint|p2a: Magneton","|","|t:|1750373693","|switch|p2a: Salamence|Salamence, M|2/360","|-ability|p2a: Salamence|Intimidate|boost","|-unboost|p1a: Salamence|atk|1","|","|-weather|Sandstorm|[upkeep]","|-damage|p2a: Salamence|0 fnt|[from] Sandstorm","|-damage|p1a: Salamence|2/360|[from] Sandstorm","|faint|p2a: Salamence","|upkeep","|","|t:|1750373696","|switch|p2a: Metagross|Metagross|25/343","|turn|35","|","|t:|1750373699","|move|p1a: Salamence|Brick Break|p2a: Metagross","|-damage|p2a: Metagross|0 fnt","|faint|p2a: Metagross","|","|win|thecrusher677",""],"p1rating":null,"p2rating":null,"endType":"normal","ladderError":true,"timestamp":"Thu Jun 19 2025 15:54:59 GMT-0700 (アメリカ太平洋夏時間)","roomid":"battle-gen3ou-540","format":"gen3ou"}