{"winner":"thecrusher677","seed":"sodium,1cfb581d16534354152251045fc4ea1c","turns":26,"p1":"thecrusher677","p2":"simb","p1team":[{"name":"Magneton","species":"Magneton","item":"Magnet","ability":"Magnet Pull","moves":["Thunderbolt","Toxic","Hidden Power Fire","Protect"],"nature":"Modest","evs":{"hp":4,"atk":0,"def":0,"spa":252,"spd":0,"spe":252},"gender":"N","ivs":{"hp":31,"atk":2,"def":31,"spa":30,"spd":31,"spe":30},"happiness":255,"hpType":"Fire","pokeball":"","gigantamax":false,"dynamaxLevel":10,"teraType":"","level":100},{"name":"Salamence","species":"Salamence","item":"Choice Band","ability":"Intimidate","moves":["Earthquake","Hidden Power Flying","Brick Break","Rock Slide"],"nature":"Adamant","evs":{"hp":120,"atk":252,"def":0,"spa":0,"spd":0,"spe":136},"gender":"F","ivs":{"hp":30,"atk":30,"def":30,"spa":30,"spd":30,"spe":31},"happiness":255,"hpType":"Flying","pokeball":"","gigantamax":false,"dynamaxLevel":10,"teraType":"","level":100},{"name":"Tyranitar","species":"Tyranitar","item":"Leftovers","ability":"Sand Stream","moves":["Crunch","Pursuit","Hidden Power Grass","Fire Blast"],"nature":"Modest","evs":{"hp":240,"atk":0,"def":0,"spa":188,"spd":48,"spe":32},"gender":"F","ivs":{"hp":31,"atk":2,"def":31,"spa":30,"spd":31,"spe":31},"happiness":255,"hpType":"Grass","pokeball":"","gigantamax":false,"dynamaxLevel":10,"teraType":"","level":100},{"name":"Blissey","species":"Blissey","item":"Leftovers","ability":"Natural Cure","moves":["Seismic Toss","Wish","Protect","Toxic"],"nature":"","evs":{"hp":4,"atk":0,"def":252,"spa":0,"spd":252,"spe":0},"gender":"F","ivs":{"hp":31,"atk":0,"def":31,"spa":31,"spd":31,"spe":31},"level":100},{"name":"Metagross","species":"Metagross","item":"Leftovers","ability":"Clear Body","moves":["Agility","Meteor Mash","Earthquake","Explosion"],"nature":"Adamant","evs":{"hp":168,"atk":252,"def":0,"spa":0,"spd":0,"spe":88},"gender":"N","level":100,"ivs":{"hp":31,"atk":31,"def":31,"spa":31,"spd":31,"spe":31}},{"name":"Swampert","species":"Swampert","item":"Leftovers","ability":"Torrent","moves":["Surf","Ice Beam","Protect","Toxic"],"nature":"Bold","evs":{"hp":252,"atk":0,"def":160,"spa":0,"spd":96,"spe":0},"gender":"F","ivs":{"hp":31,"atk":0,"def":31,"spa":31,"spd":31,"spe":31},"level":100}],"p2team":[{"name":"Salamence","species":"Salamence","item":"Choice Band","ability":"Intimidate","moves":["Earthquake","Hidden Power Flying","Brick Break","Rock Slide"],"nature":"Adamant","evs":{"hp":120,"atk":252,"def":0,"spa":0,"spd":0,"spe":136},"gender":"F","ivs":{"hp":30,"atk":30,"def":30,"spa":30,"spd":30,"spe":31},"happiness":255,"hpType":"Flying","pokeball":"","gigantamax":false,"dynamaxLevel":10,"teraType":"","level":100},{"name":"Magneton","species":"Magneton","item":"Magnet","ability":"Magnet Pull","moves":["Thunderbolt","Toxic","Hidden Power Fire","Protect"],"nature":"Modest","evs":{"hp":4,"atk":0,"def":0,"spa":252,"spd":0,"spe":252},"gender":"N","ivs":{"hp":31,"atk":2,"def":31,"spa":30,"spd":31,"spe":30},"happiness":255,"hpType":"Fire","pokeball":"","gigantamax":false,"dynamaxLevel":10,"teraType":"","level":100},{"name":"Tyranitar","species":"Tyranitar","item":"Leftovers","ability":"Sand Stream","moves":["Crunch","Pursuit","Hidden Power Grass","Fire Blast"],"nature":"Modest","evs":{"hp":240,"atk":0,"def":0,"spa":188,"spd":48,"spe":32},"gender":"F","ivs":{"hp":31,"atk":2,"def":31,"spa":30,"spd":31,"spe":31},"happiness":255,"hpType":"Grass","pokeball":"","gigantamax":false,"dynamaxLevel":10,"teraType":"","level":100},{"name":"Blissey","species":"Blissey","item":"Leftovers","ability":"Natural Cure","moves":["Seismic Toss","Wish","Protect","Toxic"],"nature":"","evs":{"hp":4,"atk":0,"def":252,"spa":0,"spd":252,"spe":0},"gender":"F","ivs":{"hp":31,"atk":0,"def":31,"spa":31,"spd":31,"spe":31},"level":100},{"name":"Metagross","species":"Metagross","item":"Leftovers","ability":"Clear Body","moves":["Agility","Meteor Mash","Earthquake","Explosion"],"nature":"Adamant","evs":{"hp":168,"atk":252,"def":0,"spa":0,"spd":0,"spe":88},"gender":"N","level":100,"ivs":{"hp":31,"atk":31,"def":31,"spa":31,"spd":31,"spe":31}},{"name":"Swampert","species":"Swampert","item":"Leftovers","ability":"Torrent","moves":["Surf","Ice Beam","Protect","Toxic"],"nature":"Bold","evs":{"hp":252,"atk":0,"def":160,"spa":0,"spd":96,"spe":0},"gender":"M","ivs":{"hp":31,"atk":0,"def":31,"spa":31,"spd":31,"spe":31},"level":100}],"score":[3,0],"inputLog":[">version 372d05e49c92a79eecdf6c8dddb208bd1765c00f",">start {\"formatid\":\"gen3ou\",\"seed\":\"sodium,1cfb581d16534354152251045fc4ea1c\"}",">player p1 {\"name\":\"thecrusher677\",\"avatar\":\"266\",\"team\":\"Magneton||Magnet|MagnetPull|Thunderbolt,Toxic,HiddenPowerFire,Protect|Modest|4,,,252,,252|N|,2,,30,,30|||,Fire,,,,]Salamence||ChoiceBand|Intimidate|Earthquake,HiddenPowerFlying,BrickBreak,RockSlide|Adamant|120,252,,,,136|F|30,30,30,30,30,|||,Flying,,,,]Tyranitar||Leftovers|SandStream|Crunch,Pursuit,HiddenPowerGrass,FireBlast|Modest|240,,,188,48,32|F|,2,,30,,|||,Grass,,,,]Blissey||Leftovers|NaturalCure|SeismicToss,Wish,Protect,Toxic||4,,252,,252,|F|,0,,,,|||]Metagross||Leftovers|ClearBody|Agility,MeteorMash,Earthquake,Explosion|Adamant|168,252,,,,88|N||||]Swampert||Leftovers|Torrent|Surf,IceBeam,Protect,Toxic|Bold|252,,160,,96,|F|,0,,,,|||\",\"rating\":0}",">player p2 {\"name\":\"simb\",\"avatar\":\"2\",\"team\":\"Salamence||ChoiceBand|Intimidate|Earthquake,HiddenPowerFlying,BrickBreak,RockSlide|Adamant|120,252,,,,136|F|30,30,30,30,30,|||,Flying,,,,]Magneton||Magnet|MagnetPull|Thunderbolt,Toxic,HiddenPowerFire,Protect|Modest|4,,,252,,252|N|,2,,30,,30|||,Fire,,,,]Tyranitar||Leftovers|SandStream|Crunch,Pursuit,HiddenPowerGrass,FireBlast|Modest|240,,,188,48,32|F|,2,,30,,|||,Grass,,,,]Blissey||Leftovers|NaturalCure|SeismicToss,Wish,Protect,Toxic||4,,252,,252,|F|,0,,,,|||]Metagross||Leftovers|ClearBody|Agility,MeteorMash,Earthquake,Explosion|Adamant|168,252,,,,88|N||||]Swampert||Leftovers|Torrent|Surf,IceBeam,Protect,Toxic|Bold|252,,160,,96,|M|,0,,,,|||\",\"rating\":0}",">p1 move thunderbolt",">p2 move earthquake",">p1 switch 2",">p1 switch 6",">p2 switch 5",">p1 move surf",">p2 move meteormash",">p1 move surf",">p2 move explosion",">p1 switch 6",">p2 switch 6",">p1 switch 4",">p2 move icebeam",">p1 move toxic",">p2 move toxic",">p1 move wish",">p2 switch 2",">p1 switch 4",">p2 move toxic",">p1 move earthquake",">p2 move toxic",">p2 switch 2",">p1 switch 4",">p2 move toxic",">p1 move wish",">p2 move toxic",">p1 switch 5",">p2 move toxic",">p1 move meteormash",">p2 move toxic",">p1 move agility",">p2 move surf",">p2 switch 5",">p1 move meteormash",">p2 move earthquake",">p1 switch 3",">p2 switch 4",">p1 switch 5",">p2 move toxic",">p1 move toxic",">p2 move toxic",">p1 move wish",">p2 move toxic",">p1 move protect",">p2 move toxic",">p1 switch 5",">p2 move wish",">p1 switch 5",">p2 move wish",">p1 move wish",">p2 move wish",">p1 move protect",">p2 move wish",">p1 move wish",">p2 move toxic",">p2 switch 3",">p1 switch 4",">p2 move crunch",">p1 move brickbreak",">p2 move fireblast"],"log":["|j|☆thecrusher677","|j|☆simb","|t:|1750323639","|gametype|singles","|player|p1|thecrusher677|266|","|player|p2|simb|2|","|teamsize|p1|6","|teamsize|p2|6","|gen|3","|tier|[Gen 3] OU","|rule|Sleep Clause Mod: Limit one foe put to sleep","|rule|Switch Priority Clause Mod: Faster Pokémon switch first","|rule|Species Clause: Limit one of each Pokémon","|rule|OHKO Clause: OHKO moves are banned","|rule|Evasion Items Clause: Evasion items are banned","|rule|Evasion Moves Clause: Evasion moves are banned","|rule|Endless Battle Clause: Forcing endless battles is banned","|rule|HP Percentage Mod: HP is shown in percentages","|rule|One Boost Passer Clause: Limit one Baton Passer that has a way to boost its stats","|rule|Freeze Clause Mod: Limit one foe frozen","|","|t:|1750323639","|start","|switch|p1a: Magneton|Magneton|242/242","|switch|p2a: Salamence|Salamence, F|360/360","|-ability|p2a: Salamence|Intimidate|boost","|-unboost|p1a: Magneton|atk|1","|turn|1","|","|t:|1750323642","|move|p2a: Salamence|Earthquake|p1a: Magneton","|-supereffective|p1a: Magneton","|-crit|p1a: Magneton","|-damage|p1a: Magneton|0 fnt","|faint|p1a: Magneton","|","|t:|1750323643","|switch|p1a: Salamence|Salamence, F|360/360","|-ability|p1a: Salamence|Intimidate|boost","|-unboost|p2a: Salamence|atk|1","|","|upkeep","|turn|2","|","|t:|1750323784","|switch|p2a: Metagross|Metagross|343/343","|switch|p1a: Swampert|Swampert, F|404/404","|","|upkeep","|turn|3","|","|t:|1750323813","|move|p2a: Metagross|Meteor Mash|p1a: Swampert","|-resisted|p1a: Swampert","|-damage|p1a: Swampert|326/404","|-boost|p2a: Metagross|atk|1","|move|p1a: Swampert|Surf|p2a: Metagross","|-damage|p2a: Metagross|237/343","|","|-heal|p2a: Metagross|258/343|[from] item: Leftovers","|-heal|p1a: Swampert|351/404|[from] item: Leftovers","|upkeep","|turn|4","|","|t:|1750323838","|move|p2a: Metagross|Explosion|p1a: Swampert","|-damage|p1a: Swampert|0 fnt","|faint|p2a: Metagross","|faint|p1a: Swampert","|","|t:|1750323852","|switch|p2a: Swampert|Swampert, M|404/404","|switch|p1a: Salamence|Salamence, F|360/360","|-ability|p1a: Salamence|Intimidate|boost","|-unboost|p2a: Swampert|atk|1","|","|upkeep","|turn|5","|","|t:|1750323901","|switch|p1a: Blissey|Blissey, F|652/652","|move|p2a: Swampert|Ice Beam|p1a: Blissey","|-damage|p1a: Blissey|611/652","|","|-heal|p1a: Blissey|651/652|[from] item: Leftovers","|upkeep","|turn|6","|","|t:|1750323908","|move|p2a: Swampert|Toxic|p1a: Blissey","|-status|p1a: Blissey|tox","|move|p1a: Blissey|Toxic|p2a: Swampert","|-status|p2a: Swampert|tox","|","|-damage|p2a: Swampert|379/404 tox|[from] psn","|-heal|p1a: Blissey|652/652 tox|[from] item: Leftovers","|-damage|p1a: Blissey|612/652 tox|[from] psn","|upkeep","|turn|7","|","|t:|1750323914","|switch|p2a: Magneton|Magneton|242/242","|move|p1a: Blissey|Wish|p1a: Blissey","|","|-heal|p1a: Blissey|652/652 tox|[from] item: Leftovers","|-damage|p1a: Blissey|572/652 tox|[from] psn","|upkeep","|turn|8","|","|t:|1750323919","|-curestatus|p1a: Blissey|tox|[from] ability: Natural Cure","|switch|p1a: Salamence|Salamence, F|360/360","|-ability|p1a: Salamence|Intimidate|boost","|-unboost|p2a: Magneton|atk|1","|move|p2a: Magneton|Toxic|p1a: Salamence","|-status|p1a: Salamence|tox","|","|-damage|p1a: Salamence|338/360 tox|[from] psn","|upkeep","|turn|9","|","|t:|1750323928","|move|p1a: Salamence|Earthquake|p2a: Magneton","|-supereffective|p2a: Magneton","|-damage|p2a: Magneton|0 fnt","|faint|p2a: Magneton","|","|t:|1750323931","|switch|p2a: Swampert|Swampert, M|379/404 tox","|","|-damage|p1a: Salamence|294/360 tox|[from] psn","|-heal|p2a: Swampert|404/404 tox|[from] item: Leftovers","|-damage|p2a: Swampert|379/404 tox|[from] psn","|upkeep","|turn|10","|","|t:|1750323934","|switch|p1a: Blissey|Blissey, F|572/652","|move|p2a: Swampert|Toxic|p1a: Blissey","|-status|p1a: Blissey|tox","|","|-heal|p2a: Swampert|404/404 tox|[from] item: Leftovers","|-damage|p2a: Swampert|354/404 tox|[from] psn","|-heal|p1a: Blissey|612/652 tox|[from] item: Leftovers","|-damage|p1a: Blissey|572/652 tox|[from] psn","|upkeep","|turn|11","|","|t:|1750323939","|move|p2a: Swampert|Toxic|p1a: Blissey","|-fail|p1a: Blissey|tox","|move|p1a: Blissey|Wish|p1a: Blissey","|","|-heal|p2a: Swampert|379/404 tox|[from] item: Leftovers","|-damage|p2a: Swampert|304/404 tox|[from] psn","|-heal|p1a: Blissey|612/652 tox|[from] item: Leftovers","|-damage|p1a: Blissey|532/652 tox|[from] psn","|upkeep","|turn|12","|","|t:|1750323946","|-curestatus|p1a: Blissey|tox|[from] ability: Natural Cure","|switch|p1a: Metagross|Metagross|343/343","|move|p2a: Swampert|Toxic|p1a: Metagross","|-immune|p1a: Metagross","|","|-heal|p2a: Swampert|329/404 tox|[from] item: Leftovers","|-damage|p2a: Swampert|229/404 tox|[from] psn","|upkeep","|turn|13","|","|t:|1750323959","|move|p1a: Metagross|Meteor Mash|p2a: Swampert","|-resisted|p2a: Swampert","|-damage|p2a: Swampert|141/404 tox","|-boost|p1a: Metagross|atk|1","|move|p2a: Swampert|Toxic|p1a: Metagross","|-immune|p1a: Metagross","|","|-heal|p2a: Swampert|166/404 tox|[from] item: Leftovers","|-damage|p2a: Swampert|41/404 tox|[from] psn","|upkeep","|turn|14","|","|t:|1750323971","|move|p1a: Metagross|Agility|p1a: Metagross","|-boost|p1a: Metagross|spe|2","|move|p2a: Swampert|Surf|p1a: Metagross","|-damage|p1a: Metagross|182/343","|","|-heal|p1a: Metagross|203/343|[from] item: Leftovers","|-heal|p2a: Swampert|66/404 tox|[from] item: Leftovers","|-damage|p2a: Swampert|0 fnt|[from] psn","|faint|p2a: Swampert","|upkeep","|","|t:|1750323974","|switch|p2a: Salamence|Salamence, F|360/360","|-ability|p2a: Salamence|Intimidate|boost","|-fail|p1a: Metagross|unboost|[from] ability: Clear Body|[of] p1a: Metagross","|turn|15","|","|t:|1750323979","|move|p1a: Metagross|Meteor Mash|p2a: Salamence","|-damage|p2a: Salamence|10/360","|move|p2a: Salamence|Earthquake|p1a: Metagross","|-supereffective|p1a: Metagross","|-damage|p1a: Metagross|0 fnt","|faint|p1a: Metagross","|","|t:|1750323983","|switch|p1a: Tyranitar|Tyranitar, F|401/401","|-weather|Sandstorm|[from] ability: Sand Stream|[of] p1a: Tyranitar","|","|-weather|Sandstorm|[upkeep]","|-damage|p2a: Salamence|0 fnt|[from] Sandstorm","|faint|p2a: Salamence","|upkeep","|","|t:|1750323986","|switch|p2a: Blissey|Blissey, F|652/652","|turn|16","|","|t:|1750323993","|switch|p1a: Blissey|Blissey, F|532/652","|move|p2a: Blissey|Toxic|p1a: Blissey","|-status|p1a: Blissey|tox","|","|-weather|Sandstorm|[upkeep]","|-damage|p2a: Blissey|612/652|[from] Sandstorm","|-damage|p1a: Blissey|492/652 tox|[from] Sandstorm","|-heal|p1a: Blissey|532/652 tox|[from] item: Leftovers","|-heal|p2a: Blissey|652/652|[from] item: Leftovers","|-damage|p1a: Blissey|492/652 tox|[from] psn","|upkeep","|turn|17","|","|t:|1750323996","|move|p2a: Blissey|Toxic|p1a: Blissey","|-fail|p1a: Blissey|tox","|move|p1a: Blissey|Toxic|p2a: Blissey","|-status|p2a: Blissey|tox","|","|-weather|Sandstorm|[upkeep]","|-damage|p1a: Blissey|452/652 tox|[from] Sandstorm","|-damage|p2a: Blissey|612/652 tox|[from] Sandstorm","|-heal|p2a: Blissey|652/652 tox|[from] item: Leftovers","|-heal|p1a: Blissey|492/652 tox|[from] item: Leftovers","|-damage|p2a: Blissey|612/652 tox|[from] psn","|-damage|p1a: Blissey|412/652 tox|[from] psn","|upkeep","|turn|18","|","|t:|1750323999","|move|p2a: Blissey|Toxic|p1a: Blissey|[miss]","|-miss|p2a: Blissey|p1a: Blissey","|move|p1a: Blissey|Wish|p1a: Blissey","|","|-weather|Sandstorm|[upkeep]","|-damage|p1a: Blissey|372/652 tox|[from] Sandstorm","|-damage|p2a: Blissey|572/652 tox|[from] Sandstorm","|-heal|p1a: Blissey|412/652 tox|[from] item: Leftovers","|-heal|p2a: Blissey|612/652 tox|[from] item: Leftovers","|-damage|p2a: Blissey|532/652 tox|[from] psn","|-damage|p1a: Blissey|292/652 tox|[from] psn","|upkeep","|turn|19","|","|t:|1750324003","|move|p1a: Blissey|Protect|p1a: Blissey","|-singleturn|p1a: Blissey|Protect","|move|p2a: Blissey|Toxic|p1a: Blissey|[miss]","|-miss|p2a: Blissey|p1a: Blissey","|","|-heal|p1a: Blissey|618/652 tox|[from] move: Wish|[wisher] Blissey","|-weather|Sandstorm|[upkeep]","|-damage|p2a: Blissey|492/652 tox|[from] Sandstorm","|-damage|p1a: Blissey|578/652 tox|[from] Sandstorm","|-heal|p1a: Blissey|618/652 tox|[from] item: Leftovers","|-heal|p2a: Blissey|532/652 tox|[from] item: Leftovers","|-damage|p2a: Blissey|412/652 tox|[from] psn","|-damage|p1a: Blissey|458/652 tox|[from] psn","|upkeep","|turn|20","|","|t:|1750324006","|-curestatus|p1a: Blissey|tox|[from] ability: Natural Cure","|switch|p1a: Tyranitar|Tyranitar, F|401/401","|move|p2a: Blissey|Wish|p2a: Blissey","|","|-weather|Sandstorm|[upkeep]","|-damage|p2a: Blissey|372/652 tox|[from] Sandstorm","|-heal|p2a: Blissey|412/652 tox|[from] item: Leftovers","|-damage|p2a: Blissey|252/652 tox|[from] psn","|upkeep","|turn|21","|","|t:|1750324016","|switch|p1a: Blissey|Blissey, F|458/652","|move|p2a: Blissey|Wish||[still]","|-fail|p2a: Blissey","|","|-heal|p2a: Blissey|578/652 tox|[from] move: Wish|[wisher] Blissey","|-weather|Sandstorm|[upkeep]","|-damage|p2a: Blissey|538/652 tox|[from] Sandstorm","|-damage|p1a: Blissey|418/652|[from] Sandstorm","|-heal|p1a: Blissey|458/652|[from] item: Leftovers","|-heal|p2a: Blissey|578/652 tox|[from] item: Leftovers","|-damage|p2a: Blissey|378/652 tox|[from] psn","|upkeep","|turn|22","|","|t:|1750324036","|move|p1a: Blissey|Wish|p1a: Blissey","|move|p2a: Blissey|Wish|p2a: Blissey","|","|-weather|Sandstorm|[upkeep]","|-damage|p1a: Blissey|418/652|[from] Sandstorm","|-damage|p2a: Blissey|338/652 tox|[from] Sandstorm","|-heal|p2a: Blissey|378/652 tox|[from] item: Leftovers","|-heal|p1a: Blissey|458/652|[from] item: Leftovers","|-damage|p2a: Blissey|138/652 tox|[from] psn","|upkeep","|turn|23","|","|t:|1750324043","|move|p1a: Blissey|Protect|p1a: Blissey","|-singleturn|p1a: Blissey|Protect","|move|p2a: Blissey|Wish||[still]","|-fail|p2a: Blissey","|","|-heal|p1a: Blissey|652/652|[from] move: Wish|[wisher] Blissey","|-heal|p2a: Blissey|464/652 tox|[from] move: Wish|[wisher] Blissey","|-weather|Sandstorm|[upkeep]","|-damage|p1a: Blissey|612/652|[from] Sandstorm","|-damage|p2a: Blissey|424/652 tox|[from] Sandstorm","|-heal|p1a: Blissey|652/652|[from] item: Leftovers","|-heal|p2a: Blissey|464/652 tox|[from] item: Leftovers","|-damage|p2a: Blissey|184/652 tox|[from] psn","|upkeep","|turn|24","|","|t:|1750324046","|move|p2a: Blissey|Toxic|p1a: Blissey","|-status|p1a: Blissey|tox","|move|p1a: Blissey|Wish|p1a: Blissey","|","|-weather|Sandstorm|[upkeep]","|-damage|p1a: Blissey|612/652 tox|[from] Sandstorm","|-damage|p2a: Blissey|144/652 tox|[from] Sandstorm","|-heal|p2a: Blissey|184/652 tox|[from] item: Leftovers","|-heal|p1a: Blissey|652/652 tox|[from] item: Leftovers","|-damage|p1a: Blissey|612/652 tox|[from] psn","|-damage|p2a: Blissey|0 fnt|[from] psn","|faint|p2a: Blissey","|upkeep","|","|t:|1750324049","|switch|p2a: Tyranitar|Tyranitar, F|401/401","|turn|25","|","|t:|1750324053","|-curestatus|p1a: Blissey|tox|[from] ability: Natural Cure","|switch|p1a: Salamence|Salamence, F|294/360 tox","|-ability|p1a: Salamence|Intimidate|boost","|-unboost|p2a: Tyranitar|atk|1","|move|p2a: Tyranitar|Crunch|p1a: Salamence","|-damage|p1a: Salamence|145/360 tox","|","|-heal|p1a: Salamence|325/360 tox|[from] move: Wish|[wisher] Blissey","|-weather|Sandstorm|[upkeep]","|-damage|p1a: Salamence|303/360 tox|[from] Sandstorm","|-damage|p1a: Salamence|281/360 tox|[from] psn","|upkeep","|turn|26","|","|t:|1750324060","|move|p1a: Salamence|Brick Break|p2a: Tyranitar","|-supereffective|p2a: Tyranitar","|-damage|p2a: Tyranitar|0 fnt","|faint|p2a: Tyranitar","|","|win|thecrusher677",""],"p1rating":null,"p2rating":null,"endType":"normal","ladderError":true,"timestamp":"Thu Jun 19 2025 02:07:40 GMT-0700 (アメリカ太平洋夏時間)","roomid":"battle-gen3ou-525","format":"gen3ou"}