{"winner":"simb","seed":"sodium,0ffa8451478e89fe1841d2c8b70c3da7","turns":40,"p1":"thecrusher677","p2":"simb","p1team":[{"name":"Salamence","species":"Salamence","item":"Choice Band","ability":"Intimidate","moves":["Earthquake","Hidden Power Flying","Brick Break","Rock Slide"],"nature":"Adamant","evs":{"hp":120,"atk":252,"def":0,"spa":0,"spd":0,"spe":136},"gender":"M","ivs":{"hp":30,"atk":30,"def":30,"spa":30,"spd":30,"spe":31},"happiness":255,"hpType":"Flying","pokeball":"","gigantamax":false,"dynamaxLevel":10,"teraType":"","level":100},{"name":"Magneton","species":"Magneton","item":"Magnet","ability":"Magnet Pull","moves":["Thunderbolt","Toxic","Hidden Power Fire","Protect"],"nature":"Modest","evs":{"hp":4,"atk":0,"def":0,"spa":252,"spd":0,"spe":252},"gender":"N","ivs":{"hp":31,"atk":2,"def":31,"spa":30,"spd":31,"spe":30},"happiness":255,"hpType":"Fire","pokeball":"","gigantamax":false,"dynamaxLevel":10,"teraType":"","level":100},{"name":"Tyranitar","species":"Tyranitar","item":"Leftovers","ability":"Sand Stream","moves":["Crunch","Pursuit","Hidden Power Grass","Fire Blast"],"nature":"Modest","evs":{"hp":240,"atk":0,"def":0,"spa":188,"spd":48,"spe":32},"gender":"F","ivs":{"hp":31,"atk":2,"def":31,"spa":30,"spd":31,"spe":31},"happiness":255,"hpType":"Grass","pokeball":"","gigantamax":false,"dynamaxLevel":10,"teraType":"","level":100},{"name":"Blissey","species":"Blissey","item":"Leftovers","ability":"Natural Cure","moves":["Seismic Toss","Wish","Protect","Toxic"],"nature":"","evs":{"hp":4,"atk":0,"def":252,"spa":0,"spd":252,"spe":0},"gender":"F","ivs":{"hp":31,"atk":0,"def":31,"spa":31,"spd":31,"spe":31},"level":100},{"name":"Metagross","species":"Metagross","item":"Leftovers","ability":"Clear Body","moves":["Agility","Meteor Mash","Earthquake","Explosion"],"nature":"Adamant","evs":{"hp":168,"atk":252,"def":0,"spa":0,"spd":0,"spe":88},"gender":"N","level":100,"ivs":{"hp":31,"atk":31,"def":31,"spa":31,"spd":31,"spe":31}},{"name":"Swampert","species":"Swampert","item":"Leftovers","ability":"Torrent","moves":["Surf","Ice Beam","Protect","Toxic"],"nature":"Bold","evs":{"hp":252,"atk":0,"def":160,"spa":0,"spd":96,"spe":0},"gender":"M","ivs":{"hp":31,"atk":0,"def":31,"spa":31,"spd":31,"spe":31},"level":100}],"p2team":[{"name":"Salamence","species":"Salamence","item":"Choice Band","ability":"Intimidate","moves":["Earthquake","Hidden Power Flying","Brick Break","Rock Slide"],"nature":"Adamant","evs":{"hp":120,"atk":252,"def":0,"spa":0,"spd":0,"spe":136},"gender":"F","ivs":{"hp":30,"atk":30,"def":30,"spa":30,"spd":30,"spe":31},"happiness":255,"hpType":"Flying","pokeball":"","gigantamax":false,"dynamaxLevel":10,"teraType":"","level":100},{"name":"Magneton","species":"Magneton","item":"Magnet","ability":"Magnet Pull","moves":["Thunderbolt","Toxic","Hidden Power Fire","Protect"],"nature":"Modest","evs":{"hp":4,"atk":0,"def":0,"spa":252,"spd":0,"spe":252},"gender":"N","ivs":{"hp":31,"atk":2,"def":31,"spa":30,"spd":31,"spe":30},"happiness":255,"hpType":"Fire","pokeball":"","gigantamax":false,"dynamaxLevel":10,"teraType":"","level":100},{"name":"Tyranitar","species":"Tyranitar","item":"Leftovers","ability":"Sand Stream","moves":["Crunch","Pursuit","Hidden Power Grass","Fire Blast"],"nature":"Modest","evs":{"hp":240,"atk":0,"def":0,"spa":188,"spd":48,"spe":32},"gender":"M","ivs":{"hp":31,"atk":2,"def":31,"spa":30,"spd":31,"spe":31},"happiness":255,"hpType":"Grass","pokeball":"","gigantamax":false,"dynamaxLevel":10,"teraType":"","level":100},{"name":"Blissey","species":"Blissey","item":"Leftovers","ability":"Natural Cure","moves":["Seismic Toss","Wish","Protect","Toxic"],"nature":"","evs":{"hp":4,"atk":0,"def":252,"spa":0,"spd":252,"spe":0},"gender":"F","ivs":{"hp":31,"atk":0,"def":31,"spa":31,"spd":31,"spe":31},"level":100},{"name":"Metagross","species":"Metagross","item":"Leftovers","ability":"Clear Body","moves":["Agility","Meteor Mash","Earthquake","Explosion"],"nature":"Adamant","evs":{"hp":168,"atk":252,"def":0,"spa":0,"spd":0,"spe":88},"gender":"N","level":100,"ivs":{"hp":31,"atk":31,"def":31,"spa":31,"spd":31,"spe":31}},{"name":"Swampert","species":"Swampert","item":"Leftovers","ability":"Torrent","moves":["Surf","Ice Beam","Protect","Toxic"],"nature":"Bold","evs":{"hp":252,"atk":0,"def":160,"spa":0,"spd":96,"spe":0},"gender":"F","ivs":{"hp":31,"atk":0,"def":31,"spa":31,"spd":31,"spe":31},"level":100}],"score":[0,3],"inputLog":[">version 372d05e49c92a79eecdf6c8dddb208bd1765c00f",">start {\"formatid\":\"gen3ou\",\"seed\":\"sodium,0ffa8451478e89fe1841d2c8b70c3da7\"}",">player p1 {\"name\":\"thecrusher677\",\"avatar\":\"169\",\"team\":\"Salamence||ChoiceBand|Intimidate|Earthquake,HiddenPowerFlying,BrickBreak,RockSlide|Adamant|120,252,,,,136|M|30,30,30,30,30,|||,Flying,,,,]Magneton||Magnet|MagnetPull|Thunderbolt,Toxic,HiddenPowerFire,Protect|Modest|4,,,252,,252|N|,2,,30,,30|||,Fire,,,,]Tyranitar||Leftovers|SandStream|Crunch,Pursuit,HiddenPowerGrass,FireBlast|Modest|240,,,188,48,32|F|,2,,30,,|||,Grass,,,,]Blissey||Leftovers|NaturalCure|SeismicToss,Wish,Protect,Toxic||4,,252,,252,|F|,0,,,,|||]Metagross||Leftovers|ClearBody|Agility,MeteorMash,Earthquake,Explosion|Adamant|168,252,,,,88|N||||]Swampert||Leftovers|Torrent|Surf,IceBeam,Protect,Toxic|Bold|252,,160,,96,|M|,0,,,,|||\",\"rating\":0}",">player p2 {\"name\":\"simb\",\"avatar\":\"266\",\"team\":\"Salamence||ChoiceBand|Intimidate|Earthquake,HiddenPowerFlying,BrickBreak,RockSlide|Adamant|120,252,,,,136|F|30,30,30,30,30,|||,Flying,,,,]Magneton||Magnet|MagnetPull|Thunderbolt,Toxic,HiddenPowerFire,Protect|Modest|4,,,252,,252|N|,2,,30,,30|||,Fire,,,,]Tyranitar||Leftovers|SandStream|Crunch,Pursuit,HiddenPowerGrass,FireBlast|Modest|240,,,188,48,32|M|,2,,30,,|||,Grass,,,,]Blissey||Leftovers|NaturalCure|SeismicToss,Wish,Protect,Toxic||4,,252,,252,|F|,0,,,,|||]Metagross||Leftovers|ClearBody|Agility,MeteorMash,Earthquake,Explosion|Adamant|168,252,,,,88|N||||]Swampert||Leftovers|Torrent|Surf,IceBeam,Protect,Toxic|Bold|252,,160,,96,|F|,0,,,,|||\",\"rating\":0}",">p1 switch 6",">p2 move hiddenpower",">p1 move icebeam",">p2 switch 6",">p1 switch 4",">p2 move toxic",">p1 move toxic",">p2 move surf",">p1 move seismictoss",">p2 switch 5",">p1 switch 2",">p2 move meteormash",">p1 move hiddenpower",">p2 move earthquake",">p1 switch 6",">p1 move brickbreak",">p2 switch 6",">p1 switch 4",">p2 move earthquake",">p1 move icebeam",">p2 switch 4",">p1 move protect",">p2 move toxic",">p1 switch 5",">p2 move seismictoss",">p1 move meteormash",">p2 switch 4",">p1 move meteormash",">p2 move earthquake",">p1 switch 5",">p1 move icebeam",">p2 switch 4",">p1 switch 2",">p2 move toxic",">p1 move toxic",">p2 move wish",">p1 switch 4",">p2 switch 6",">p1 move earthquake",">p2 switch 4",">p1 switch 2",">p2 move earthquake",">p1 move protect",">p2 switch 6",">p1 move protect",">p2 move toxic",">p1 switch 4",">p2 move toxic",">p1 move wish",">p2 move seismictoss",">p1 move toxic",">p2 switch 6",">p1 switch 4",">p2 move earthquake",">p1 move protect",">p2 move earthquake",">p1 move icebeam",">p2 move earthquake",">p1 switch 4",">p1 move protect",">p2 move earthquake",">p2 switch 2",">p1 move seismictoss",">p2 move toxic",">p1 switch 3",">p2 move thunderbolt",">p1 move fireblast",">p2 move thunderbolt",">p1 switch 3",">p1 move seismictoss",">p2 move thunderbolt",">p1 move seismictoss",">p2 move thunderbolt",">p2 switch 4",">p1 move wish",">p2 move meteormash",">p1 move protect",">p2 move agility",">p1 move seismictoss",">p2 move meteormash",">p1 move seismictoss",">p2 move meteormash",">p1 switch 2",">p1 move earthquake",">p2 move agility",">p2 switch 5",">p1 move earthquake",">p2 move icebeam"],"log":["|j|☆thecrusher677","|j|☆simb","|t:|1751615044","|gametype|singles","|player|p1|thecrusher677|169|","|player|p2|simb|266|","|teamsize|p1|6","|teamsize|p2|6","|gen|3","|tier|[Gen 3] OU","|rule|Sleep Clause Mod: Limit one foe put to sleep","|rule|Switch Priority Clause Mod: Faster Pokémon switch first","|rule|Species Clause: Limit one of each Pokémon","|rule|OHKO Clause: OHKO moves are banned","|rule|Evasion Items Clause: Evasion items are banned","|rule|Evasion Moves Clause: Evasion moves are banned","|rule|Endless Battle Clause: Forcing endless battles is banned","|rule|HP Percentage Mod: HP is shown in percentages","|rule|One Boost Passer Clause: Limit one Baton Passer that has a way to boost its stats","|rule|Freeze Clause Mod: Limit one foe frozen","|","|t:|1751615044","|start","|switch|p1a: Salamence|Salamence, M|360/360","|switch|p2a: Salamence|Salamence, F|360/360","|-ability|p2a: Salamence|Intimidate|boost","|-unboost|p1a: Salamence|atk|1","|-ability|p1a: Salamence|Intimidate|boost","|-unboost|p2a: Salamence|atk|1","|turn|1","|","|t:|1751615048","|switch|p1a: Swampert|Swampert, M|404/404","|move|p2a: Salamence|Hidden Power|p1a: Swampert","|-damage|p1a: Swampert|294/404","|","|-heal|p1a: Swampert|319/404|[from] item: Leftovers","|upkeep","|turn|2","|","|t:|1751615053","|switch|p2a: Swampert|Swampert, F|404/404","|move|p1a: Swampert|Ice Beam|p2a: Swampert","|-damage|p2a: Swampert|343/404","|","|-heal|p2a: Swampert|368/404|[from] item: Leftovers","|-heal|p1a: Swampert|344/404|[from] item: Leftovers","|upkeep","|turn|3","|","|t:|1751615059","|switch|p1a: Blissey|Blissey, F|652/652","|move|p2a: Swampert|Toxic|p1a: Blissey","|-status|p1a: Blissey|tox","|","|-heal|p2a: Swampert|393/404|[from] item: Leftovers","|-damage|p1a: Blissey|612/652 tox|[from] psn","|upkeep","|turn|4","|","|t:|1751615063","|move|p2a: Swampert|Surf|p1a: Blissey","|-damage|p1a: Blissey|548/652 tox","|move|p1a: Blissey|Toxic|p2a: Swampert","|-status|p2a: Swampert|tox","|","|-heal|p2a: Swampert|404/404 tox|[from] item: Leftovers","|-damage|p2a: Swampert|379/404 tox|[from] psn","|-heal|p1a: Blissey|588/652 tox|[from] item: Leftovers","|-damage|p1a: Blissey|508/652 tox|[from] psn","|upkeep","|turn|5","|","|t:|1751615071","|switch|p2a: Metagross|Metagross|343/343","|move|p1a: Blissey|Seismic Toss|p2a: Metagross","|-damage|p2a: Metagross|243/343","|","|-heal|p2a: Metagross|264/343|[from] item: Leftovers","|-heal|p1a: Blissey|548/652 tox|[from] item: Leftovers","|-damage|p1a: Blissey|428/652 tox|[from] psn","|upkeep","|turn|6","|","|t:|1751615077","|-curestatus|p1a: Blissey|tox|[from] ability: Natural Cure","|switch|p1a: Magneton|Magneton|242/242","|move|p2a: Metagross|Meteor Mash|p1a: Magneton","|-resisted|p1a: Magneton","|-damage|p1a: Magneton|193/242","|","|-heal|p2a: Metagross|285/343|[from] item: Leftovers","|upkeep","|turn|7","|","|t:|1751615114","|move|p1a: Magneton|Hidden Power|p2a: Metagross","|-supereffective|p2a: Metagross","|-damage|p2a: Metagross|86/343","|move|p2a: Metagross|Earthquake|p1a: Magneton","|-supereffective|p1a: Magneton","|-damage|p1a: Magneton|0 fnt","|faint|p1a: Magneton","|","|t:|1751615121","|switch|p1a: Salamence|Salamence, M|360/360","|-ability|p1a: Salamence|Intimidate|boost","|-fail|p2a: Metagross|unboost|[from] ability: Clear Body|[of] p2a: Metagross","|","|-heal|p2a: Metagross|107/343|[from] item: Leftovers","|upkeep","|turn|8","|","|t:|1751615195","|switch|p2a: Salamence|Salamence, F|360/360","|-ability|p2a: Salamence|Intimidate|boost","|-unboost|p1a: Salamence|atk|1","|move|p1a: Salamence|Brick Break|p2a: Salamence","|-resisted|p2a: Salamence","|-damage|p2a: Salamence|303/360","|","|upkeep","|turn|9","|","|t:|1751615217","|switch|p1a: Swampert|Swampert, M|344/404","|move|p2a: Salamence|Earthquake|p1a: Swampert","|-damage|p1a: Swampert|174/404","|","|-heal|p1a: Swampert|199/404|[from] item: Leftovers","|upkeep","|turn|10","|","|t:|1751615221","|switch|p2a: Blissey|Blissey, F|652/652","|move|p1a: Swampert|Ice Beam|p2a: Blissey","|-damage|p2a: Blissey|607/652","|","|-heal|p1a: Swampert|224/404|[from] item: Leftovers","|-heal|p2a: Blissey|647/652|[from] item: Leftovers","|upkeep","|turn|11","|","|t:|1751615226","|move|p1a: Swampert|Protect|p1a: Swampert","|-singleturn|p1a: Swampert|Protect","|move|p2a: Blissey|Toxic|p1a: Swampert","|-activate|p1a: Swampert|Protect","|","|-heal|p1a: Swampert|249/404|[from] item: Leftovers","|-heal|p2a: Blissey|652/652|[from] item: Leftovers","|upkeep","|turn|12","|","|t:|1751615230","|switch|p1a: Metagross|Metagross|343/343","|move|p2a: Blissey|Seismic Toss|p1a: Metagross","|-damage|p1a: Metagross|243/343","|","|-heal|p1a: Metagross|264/343|[from] item: Leftovers","|upkeep","|turn|13","|","|t:|1751615238","|switch|p2a: Salamence|Salamence, F|303/360","|-ability|p2a: Salamence|Intimidate|boost","|-fail|p1a: Metagross|unboost|[from] ability: Clear Body|[of] p1a: Metagross","|move|p1a: Metagross|Meteor Mash|p2a: Salamence|[miss]","|-miss|p1a: Metagross|p2a: Salamence","|","|-heal|p1a: Metagross|285/343|[from] item: Leftovers","|upkeep","|turn|14","|","|t:|1751615246","|move|p2a: Salamence|Earthquake|p1a: Metagross","|-supereffective|p1a: Metagross","|-damage|p1a: Metagross|0 fnt","|faint|p1a: Metagross","|","|t:|1751615250","|switch|p1a: Swampert|Swampert, M|249/404","|","|-heal|p1a: Swampert|274/404|[from] item: Leftovers","|upkeep","|turn|15","|","|t:|1751615255","|switch|p2a: Blissey|Blissey, F|652/652","|move|p1a: Swampert|Ice Beam|p2a: Blissey","|-damage|p2a: Blissey|609/652","|","|-heal|p1a: Swampert|299/404|[from] item: Leftovers","|-heal|p2a: Blissey|649/652|[from] item: Leftovers","|upkeep","|turn|16","|","|t:|1751615259","|switch|p1a: Blissey|Blissey, F|428/652","|move|p2a: Blissey|Toxic|p1a: Blissey","|-status|p1a: Blissey|tox","|","|-heal|p2a: Blissey|652/652|[from] item: Leftovers","|-heal|p1a: Blissey|468/652 tox|[from] item: Leftovers","|-damage|p1a: Blissey|428/652 tox|[from] psn","|upkeep","|turn|17","|","|t:|1751615264","|move|p2a: Blissey|Wish|p2a: Blissey","|move|p1a: Blissey|Toxic|p2a: Blissey","|-status|p2a: Blissey|tox","|","|-heal|p1a: Blissey|468/652 tox|[from] item: Leftovers","|-damage|p2a: Blissey|612/652 tox|[from] psn","|-damage|p1a: Blissey|388/652 tox|[from] psn","|upkeep","|turn|18","|","|t:|1751615268","|-curestatus|p1a: Blissey|tox|[from] ability: Natural Cure","|switch|p1a: Salamence|Salamence, M|360/360","|-ability|p1a: Salamence|Intimidate|boost","|-unboost|p2a: Blissey|atk|1","|-curestatus|p2a: Blissey|tox|[from] ability: Natural Cure","|switch|p2a: Metagross|Metagross|107/343","|","|-heal|p2a: Metagross|278/343|[from] move: Wish|[wisher] Blissey","|-heal|p2a: Metagross|299/343|[from] item: Leftovers","|upkeep","|turn|19","|","|t:|1751615273","|switch|p2a: Salamence|Salamence, F|303/360","|-ability|p2a: Salamence|Intimidate|boost","|-unboost|p1a: Salamence|atk|1","|move|p1a: Salamence|Earthquake|p2a: Salamence","|-immune|p2a: Salamence","|","|upkeep","|turn|20","|","|t:|1751615277","|switch|p1a: Swampert|Swampert, M|299/404","|move|p2a: Salamence|Earthquake|p1a: Swampert","|-damage|p1a: Swampert|118/404","|","|-heal|p1a: Swampert|143/404|[from] item: Leftovers","|upkeep","|turn|21","|","|t:|1751615282","|switch|p2a: Blissey|Blissey, F|612/652","|move|p1a: Swampert|Protect||[still]","|-fail|p1a: Swampert","|","|-heal|p1a: Swampert|168/404|[from] item: Leftovers","|-heal|p2a: Blissey|652/652|[from] item: Leftovers","|upkeep","|turn|22","|","|t:|1751615286","|move|p1a: Swampert|Protect|p1a: Swampert","|-singleturn|p1a: Swampert|Protect","|move|p2a: Blissey|Toxic|p1a: Swampert","|-activate|p1a: Swampert|Protect","|","|-heal|p1a: Swampert|193/404|[from] item: Leftovers","|upkeep","|turn|23","|","|t:|1751615293","|switch|p1a: Blissey|Blissey, F|388/652","|move|p2a: Blissey|Toxic|p1a: Blissey","|-status|p1a: Blissey|tox","|","|-heal|p1a: Blissey|428/652 tox|[from] item: Leftovers","|-damage|p1a: Blissey|388/652 tox|[from] psn","|upkeep","|turn|24","|","|t:|1751615297","|move|p1a: Blissey|Wish|p1a: Blissey","|move|p2a: Blissey|Seismic Toss|p1a: Blissey","|-damage|p1a: Blissey|288/652 tox","|","|-heal|p1a: Blissey|328/652 tox|[from] item: Leftovers","|-damage|p1a: Blissey|248/652 tox|[from] psn","|upkeep","|turn|25","|","|t:|1751615301","|switch|p2a: Salamence|Salamence, F|303/360","|-ability|p2a: Salamence|Intimidate|boost","|-unboost|p1a: Blissey|atk|1","|move|p1a: Blissey|Toxic|p2a: Salamence","|-status|p2a: Salamence|tox","|","|-heal|p1a: Blissey|574/652 tox|[from] move: Wish|[wisher] Blissey","|-damage|p2a: Salamence|281/360 tox|[from] psn","|-heal|p1a: Blissey|614/652 tox|[from] item: Leftovers","|-damage|p1a: Blissey|494/652 tox|[from] psn","|upkeep","|turn|26","|","|t:|1751615308","|-curestatus|p1a: Blissey|tox|[from] ability: Natural Cure","|switch|p1a: Swampert|Swampert, M|193/404","|move|p2a: Salamence|Earthquake|p1a: Swampert","|-damage|p1a: Swampert|18/404","|","|-damage|p2a: Salamence|237/360 tox|[from] psn","|-heal|p1a: Swampert|43/404|[from] item: Leftovers","|upkeep","|turn|27","|","|t:|1751615312","|move|p1a: Swampert|Protect|p1a: Swampert","|-singleturn|p1a: Swampert|Protect","|move|p2a: Salamence|Earthquake|p1a: Swampert","|-activate|p1a: Swampert|Protect","|","|-damage|p2a: Salamence|171/360 tox|[from] psn","|-heal|p1a: Swampert|68/404|[from] item: Leftovers","|upkeep","|turn|28","|","|t:|1751615317","|move|p2a: Salamence|Earthquake|p1a: Swampert","|-damage|p1a: Swampert|0 fnt","|faint|p1a: Swampert","|","|t:|1751615319","|switch|p1a: Blissey|Blissey, F|494/652","|","|-damage|p2a: Salamence|83/360 tox|[from] psn","|-heal|p1a: Blissey|534/652|[from] item: Leftovers","|upkeep","|turn|29","|","|t:|1751615325","|move|p1a: Blissey|Protect|p1a: Blissey","|-singleturn|p1a: Blissey|Protect","|move|p2a: Salamence|Earthquake|p1a: Blissey","|-activate|p1a: Blissey|Protect","|","|-damage|p2a: Salamence|0 fnt|[from] psn","|faint|p2a: Salamence","|-heal|p1a: Blissey|574/652|[from] item: Leftovers","|upkeep","|","|t:|1751615326","|switch|p2a: Magneton|Magneton|242/242","|turn|30","|","|t:|1751615330","|move|p2a: Magneton|Toxic|p1a: Blissey","|-status|p1a: Blissey|tox","|move|p1a: Blissey|Seismic Toss|p2a: Magneton","|-damage|p2a: Magneton|142/242","|","|-heal|p1a: Blissey|614/652 tox|[from] item: Leftovers","|-damage|p1a: Blissey|574/652 tox|[from] psn","|upkeep","|turn|31","|","|t:|1751615342","|-curestatus|p1a: Blissey|tox|[from] ability: Natural Cure","|switch|p1a: Tyranitar|Tyranitar, F|401/401","|-weather|Sandstorm|[from] ability: Sand Stream|[of] p1a: Tyranitar","|move|p2a: Magneton|Thunderbolt|p1a: Tyranitar","|-crit|p1a: Tyranitar","|-damage|p1a: Tyranitar|42/401","|","|-weather|Sandstorm|[upkeep]","|-heal|p1a: Tyranitar|67/401|[from] item: Leftovers","|upkeep","|turn|32","|","|t:|1751615350","|move|p2a: Magneton|Thunderbolt|p1a: Tyranitar","|-damage|p1a: Tyranitar|0 fnt","|faint|p1a: Tyranitar","|","|t:|1751615353","|switch|p1a: Blissey|Blissey, F|574/652","|","|-weather|Sandstorm|[upkeep]","|-damage|p1a: Blissey|534/652|[from] Sandstorm","|-heal|p1a: Blissey|574/652|[from] item: Leftovers","|upkeep","|turn|33","|","|t:|1751615358","|move|p2a: Magneton|Thunderbolt|p1a: Blissey","|-damage|p1a: Blissey|444/652","|move|p1a: Blissey|Seismic Toss|p2a: Magneton","|-damage|p2a: Magneton|42/242","|","|-weather|Sandstorm|[upkeep]","|-damage|p1a: Blissey|404/652|[from] Sandstorm","|-heal|p1a: Blissey|444/652|[from] item: Leftovers","|upkeep","|turn|34","|","|t:|1751615362","|move|p2a: Magneton|Thunderbolt|p1a: Blissey","|-damage|p1a: Blissey|326/652","|move|p1a: Blissey|Seismic Toss|p2a: Magneton","|-damage|p2a: Magneton|0 fnt","|faint|p2a: Magneton","|","|t:|1751615366","|switch|p2a: Metagross|Metagross|299/343","|","|-weather|Sandstorm|[upkeep]","|-damage|p1a: Blissey|286/652|[from] Sandstorm","|-heal|p2a: Metagross|320/343|[from] item: Leftovers","|-heal|p1a: Blissey|326/652|[from] item: Leftovers","|upkeep","|turn|35","|","|t:|1751615371","|move|p2a: Metagross|Meteor Mash|p1a: Blissey|[miss]","|-miss|p2a: Metagross|p1a: Blissey","|move|p1a: Blissey|Wish|p1a: Blissey","|","|-weather|Sandstorm|[upkeep]","|-damage|p1a: Blissey|286/652|[from] Sandstorm","|-heal|p2a: Metagross|341/343|[from] item: Leftovers","|-heal|p1a: Blissey|326/652|[from] item: Leftovers","|upkeep","|turn|36","|","|t:|1751615376","|move|p1a: Blissey|Protect|p1a: Blissey","|-singleturn|p1a: Blissey|Protect","|move|p2a: Metagross|Agility|p2a: Metagross","|-boost|p2a: Metagross|spe|2","|","|-heal|p1a: Blissey|652/652|[from] move: Wish|[wisher] Blissey","|-weather|Sandstorm|[upkeep]","|-damage|p1a: Blissey|612/652|[from] Sandstorm","|-heal|p2a: Metagross|343/343|[from] item: Leftovers","|-heal|p1a: Blissey|652/652|[from] item: Leftovers","|upkeep","|turn|37","|","|t:|1751615380","|move|p2a: Metagross|Meteor Mash|p1a: Blissey","|-damage|p1a: Blissey|235/652","|move|p1a: Blissey|Seismic Toss|p2a: Metagross","|-damage|p2a: Metagross|243/343","|","|-weather|Sandstorm|[upkeep]","|-damage|p1a: Blissey|195/652|[from] Sandstorm","|-heal|p2a: Metagross|264/343|[from] item: Leftovers","|-heal|p1a: Blissey|235/652|[from] item: Leftovers","|upkeep","|turn|38","|","|t:|1751615384","|move|p2a: Metagross|Meteor Mash|p1a: Blissey","|-damage|p1a: Blissey|0 fnt","|faint|p1a: Blissey","|","|t:|1751615385","|switch|p1a: Salamence|Salamence, M|360/360","|-ability|p1a: Salamence|Intimidate|boost","|-fail|p2a: Metagross|unboost|[from] ability: Clear Body|[of] p2a: Metagross","|","|-weather|Sandstorm|[upkeep]","|-damage|p1a: Salamence|338/360|[from] Sandstorm","|-heal|p2a: Metagross|285/343|[from] item: Leftovers","|upkeep","|turn|39","|","|t:|1751615390","|move|p2a: Metagross|Agility|p2a: Metagross","|-boost|p2a: Metagross|spe|2","|move|p1a: Salamence|Earthquake|p2a: Metagross","|-supereffective|p2a: Metagross","|-damage|p2a: Metagross|0 fnt","|faint|p2a: Metagross","|","|t:|1751615394","|switch|p2a: Swampert|Swampert, F|379/404 tox","|","|-weather|Sandstorm|[upkeep]","|-damage|p1a: Salamence|316/360|[from] Sandstorm","|-heal|p2a: Swampert|404/404 tox|[from] item: Leftovers","|-damage|p2a: Swampert|379/404 tox|[from] psn","|upkeep","|turn|40","|","|t:|1751615398","|move|p1a: Salamence|Earthquake|p2a: Swampert","|-damage|p2a: Swampert|215/404 tox","|move|p2a: Swampert|Ice Beam|p1a: Salamence","|-supereffective|p1a: Salamence","|-damage|p1a: Salamence|0 fnt","|faint|p1a: Salamence","|","|win|simb",""],"p1rating":null,"p2rating":null,"endType":"normal","ladderError":true,"timestamp":"Fri Jul 04 2025 00:49:58 GMT-0700 (アメリカ太平洋夏時間)","roomid":"battle-gen3ou-761","format":"gen3ou"}