{"winner":"simb","seed":"sodium,22635de8596c006997e348701f119f92","turns":38,"p1":"sima","p2":"simb","p1team":[{"name":"Salamence","species":"Salamence","item":"Choice Band","ability":"Intimidate","moves":["Earthquake","Hidden Power Flying","Brick Break","Rock Slide"],"nature":"Adamant","evs":{"hp":120,"atk":252,"def":0,"spa":0,"spd":0,"spe":136},"gender":"F","ivs":{"hp":30,"atk":30,"def":30,"spa":30,"spd":30,"spe":31},"happiness":255,"hpType":"Flying","pokeball":"","gigantamax":false,"dynamaxLevel":10,"teraType":"","level":100},{"name":"Magneton","species":"Magneton","item":"Magnet","ability":"Magnet Pull","moves":["Thunderbolt","Toxic","Hidden Power Fire","Protect"],"nature":"Modest","evs":{"hp":4,"atk":0,"def":0,"spa":252,"spd":0,"spe":252},"gender":"N","ivs":{"hp":31,"atk":2,"def":31,"spa":30,"spd":31,"spe":30},"happiness":255,"hpType":"Fire","pokeball":"","gigantamax":false,"dynamaxLevel":10,"teraType":"","level":100},{"name":"Tyranitar","species":"Tyranitar","item":"Leftovers","ability":"Sand Stream","moves":["Crunch","Pursuit","Hidden Power Grass","Fire Blast"],"nature":"Modest","evs":{"hp":240,"atk":0,"def":0,"spa":188,"spd":48,"spe":32},"gender":"F","ivs":{"hp":31,"atk":2,"def":31,"spa":30,"spd":31,"spe":31},"happiness":255,"hpType":"Grass","pokeball":"","gigantamax":false,"dynamaxLevel":10,"teraType":"","level":100},{"name":"Blissey","species":"Blissey","item":"Leftovers","ability":"Natural Cure","moves":["Seismic Toss","Wish","Protect","Toxic"],"nature":"","evs":{"hp":4,"atk":0,"def":252,"spa":0,"spd":252,"spe":0},"gender":"F","ivs":{"hp":31,"atk":0,"def":31,"spa":31,"spd":31,"spe":31},"level":100},{"name":"Metagross","species":"Metagross","item":"Leftovers","ability":"Clear Body","moves":["Agility","Meteor Mash","Earthquake","Explosion"],"nature":"Adamant","evs":{"hp":168,"atk":252,"def":0,"spa":0,"spd":0,"spe":88},"gender":"N","level":100,"ivs":{"hp":31,"atk":31,"def":31,"spa":31,"spd":31,"spe":31}},{"name":"Swampert","species":"Swampert","item":"Leftovers","ability":"Torrent","moves":["Surf","Ice Beam","Protect","Toxic"],"nature":"Bold","evs":{"hp":252,"atk":0,"def":160,"spa":0,"spd":96,"spe":0},"gender":"F","ivs":{"hp":31,"atk":0,"def":31,"spa":31,"spd":31,"spe":31},"level":100}],"p2team":[{"name":"Salamence","species":"Salamence","item":"Choice Band","ability":"Intimidate","moves":["Earthquake","Hidden Power Flying","Brick Break","Rock Slide"],"nature":"Adamant","evs":{"hp":120,"atk":252,"def":0,"spa":0,"spd":0,"spe":136},"gender":"F","ivs":{"hp":30,"atk":30,"def":30,"spa":30,"spd":30,"spe":31},"happiness":255,"hpType":"Flying","pokeball":"","gigantamax":false,"dynamaxLevel":10,"teraType":"","level":100},{"name":"Magneton","species":"Magneton","item":"Magnet","ability":"Magnet Pull","moves":["Thunderbolt","Toxic","Hidden Power Fire","Protect"],"nature":"Modest","evs":{"hp":4,"atk":0,"def":0,"spa":252,"spd":0,"spe":252},"gender":"N","ivs":{"hp":31,"atk":2,"def":31,"spa":30,"spd":31,"spe":30},"happiness":255,"hpType":"Fire","pokeball":"","gigantamax":false,"dynamaxLevel":10,"teraType":"","level":100},{"name":"Tyranitar","species":"Tyranitar","item":"Leftovers","ability":"Sand Stream","moves":["Crunch","Pursuit","Hidden Power Grass","Fire Blast"],"nature":"Modest","evs":{"hp":240,"atk":0,"def":0,"spa":188,"spd":48,"spe":32},"gender":"M","ivs":{"hp":31,"atk":2,"def":31,"spa":30,"spd":31,"spe":31},"happiness":255,"hpType":"Grass","pokeball":"","gigantamax":false,"dynamaxLevel":10,"teraType":"","level":100},{"name":"Blissey","species":"Blissey","item":"Leftovers","ability":"Natural Cure","moves":["Seismic Toss","Wish","Protect","Toxic"],"nature":"","evs":{"hp":4,"atk":0,"def":252,"spa":0,"spd":252,"spe":0},"gender":"F","ivs":{"hp":31,"atk":0,"def":31,"spa":31,"spd":31,"spe":31},"level":100},{"name":"Metagross","species":"Metagross","item":"Leftovers","ability":"Clear Body","moves":["Agility","Meteor Mash","Earthquake","Explosion"],"nature":"Adamant","evs":{"hp":168,"atk":252,"def":0,"spa":0,"spd":0,"spe":88},"gender":"N","level":100,"ivs":{"hp":31,"atk":31,"def":31,"spa":31,"spd":31,"spe":31}},{"name":"Swampert","species":"Swampert","item":"Leftovers","ability":"Torrent","moves":["Surf","Ice Beam","Protect","Toxic"],"nature":"Bold","evs":{"hp":252,"atk":0,"def":160,"spa":0,"spd":96,"spe":0},"gender":"F","ivs":{"hp":31,"atk":0,"def":31,"spa":31,"spd":31,"spe":31},"level":100}],"score":[0,4],"inputLog":[">version 372d05e49c92a79eecdf6c8dddb208bd1765c00f",">start {\"formatid\":\"gen3ou\",\"seed\":\"sodium,22635de8596c006997e348701f119f92\"}",">player p1 {\"name\":\"sima\",\"avatar\":\"2\",\"team\":\"Salamence||ChoiceBand|Intimidate|Earthquake,HiddenPowerFlying,BrickBreak,RockSlide|Adamant|120,252,,,,136|F|30,30,30,30,30,|||,Flying,,,,]Magneton||Magnet|MagnetPull|Thunderbolt,Toxic,HiddenPowerFire,Protect|Modest|4,,,252,,252|N|,2,,30,,30|||,Fire,,,,]Tyranitar||Leftovers|SandStream|Crunch,Pursuit,HiddenPowerGrass,FireBlast|Modest|240,,,188,48,32|F|,2,,30,,|||,Grass,,,,]Blissey||Leftovers|NaturalCure|SeismicToss,Wish,Protect,Toxic||4,,252,,252,|F|,0,,,,|||]Metagross||Leftovers|ClearBody|Agility,MeteorMash,Earthquake,Explosion|Adamant|168,252,,,,88|N||||]Swampert||Leftovers|Torrent|Surf,IceBeam,Protect,Toxic|Bold|252,,160,,96,|F|,0,,,,|||\",\"rating\":0}",">player p2 {\"name\":\"simb\",\"avatar\":\"170\",\"team\":\"Salamence||ChoiceBand|Intimidate|Earthquake,HiddenPowerFlying,BrickBreak,RockSlide|Adamant|120,252,,,,136|F|30,30,30,30,30,|||,Flying,,,,]Magneton||Magnet|MagnetPull|Thunderbolt,Toxic,HiddenPowerFire,Protect|Modest|4,,,252,,252|N|,2,,30,,30|||,Fire,,,,]Tyranitar||Leftovers|SandStream|Crunch,Pursuit,HiddenPowerGrass,FireBlast|Modest|240,,,188,48,32|M|,2,,30,,|||,Grass,,,,]Blissey||Leftovers|NaturalCure|SeismicToss,Wish,Protect,Toxic||4,,252,,252,|F|,0,,,,|||]Metagross||Leftovers|ClearBody|Agility,MeteorMash,Earthquake,Explosion|Adamant|168,252,,,,88|N||||]Swampert||Leftovers|Torrent|Surf,IceBeam,Protect,Toxic|Bold|252,,160,,96,|F|,0,,,,|||\",\"rating\":0}",">p1 switch 5",">p2 switch 5",">p1 switch 5",">p2 switch 3",">p1 switch 5",">p2 move fireblast",">p1 move explosion",">p2 move pursuit",">p1 switch 2",">p1 switch 6",">p2 switch 6",">p1 switch 5",">p2 move surf",">p1 move rockslide",">p2 move surf",">p1 switch 3",">p2 move surf",">p1 switch 3",">p2 move surf",">p1 switch 3",">p2 move surf",">p1 switch 5",">p2 move surf",">p1 move icebeam",">p2 move surf",">p1 switch 3",">p2 move toxic",">p1 move earthquake",">p2 move surf",">p1 switch 3",">p1 move toxic",">p2 move surf",">p1 move surf",">p2 move surf",">p1 move icebeam",">p2 move surf",">p2 switch 5",">p1 move protect",">p2 switch 4",">p1 move protect",">p2 move seismictoss",">p1 move toxic",">p2 move toxic",">p1 move surf",">p2 move wish",">p1 switch 4",">p2 move seismictoss",">p1 switch 5",">p2 switch 6",">p1 switch 4",">p2 move crunch",">p1 move protect",">p2 switch 6",">p1 move toxic",">p2 move seismictoss",">p1 switch 4",">p1 switch 5",">p2 switch 4",">p1 move protect",">p2 move earthquake",">p1 move toxic",">p2 switch 6",">p1 move protect",">p2 move fireblast",">p1 move seismictoss",">p2 move fireblast",">p1 move wish",">p2 switch 6",">p1 move protect",">p2 move earthquake",">p1 move toxic",">p2 move earthquake",">p1 switch 5",">p2 move earthquake",">p1 switch 5",">p1 move protect",">p2 move earthquake",">p1 move toxic",">p2 move earthquake",">p1 switch 6",">p2 switch 3",">p1 move toxic",">p2 move earthquake"],"log":["|j|☆sima","|j|☆simb","|t:|1751004425","|gametype|singles","|player|p1|sima|2|","|player|p2|simb|170|","|teamsize|p1|6","|teamsize|p2|6","|gen|3","|tier|[Gen 3] OU","|rule|Sleep Clause Mod: Limit one foe put to sleep","|rule|Switch Priority Clause Mod: Faster Pokémon switch first","|rule|Species Clause: Limit one of each Pokémon","|rule|OHKO Clause: OHKO moves are banned","|rule|Evasion Items Clause: Evasion items are banned","|rule|Evasion Moves Clause: Evasion moves are banned","|rule|Endless Battle Clause: Forcing endless battles is banned","|rule|HP Percentage Mod: HP is shown in percentages","|rule|One Boost Passer Clause: Limit one Baton Passer that has a way to boost its stats","|rule|Freeze Clause Mod: Limit one foe frozen","|","|t:|1751004425","|start","|switch|p1a: Salamence|Salamence, F|360/360","|switch|p2a: Salamence|Salamence, F|360/360","|-ability|p2a: Salamence|Intimidate|boost","|-unboost|p1a: Salamence|atk|1","|-ability|p1a: Salamence|Intimidate|boost","|-unboost|p2a: Salamence|atk|1","|turn|1","|j| thecrusher677","|","|t:|1751004429","|switch|p2a: Metagross|Metagross|343/343","|switch|p1a: Metagross|Metagross|343/343","|","|upkeep","|turn|2","|","|t:|1751004433","|switch|p1a: Salamence|Salamence, F|360/360","|-ability|p1a: Salamence|Intimidate|boost","|-fail|p2a: Metagross|unboost|[from] ability: Clear Body|[of] p2a: Metagross","|switch|p2a: Tyranitar|Tyranitar, M|401/401","|-weather|Sandstorm|[from] ability: Sand Stream|[of] p2a: Tyranitar","|","|-weather|Sandstorm|[upkeep]","|-damage|p1a: Salamence|338/360|[from] Sandstorm","|upkeep","|turn|3","|","|t:|1751004438","|switch|p1a: Metagross|Metagross|343/343","|move|p2a: Tyranitar|Fire Blast|p1a: Metagross","|-supereffective|p1a: Metagross","|-damage|p1a: Metagross|64/343","|","|-weather|Sandstorm|[upkeep]","|-heal|p1a: Metagross|85/343|[from] item: Leftovers","|upkeep","|turn|4","|","|t:|1751004442","|move|p1a: Metagross|Explosion|p2a: Tyranitar","|-resisted|p2a: Tyranitar","|-damage|p2a: Tyranitar|108/401","|faint|p1a: Metagross","|","|t:|1751004490","|switch|p1a: Magneton|Magneton|242/242","|","|-weather|Sandstorm|[upkeep]","|-heal|p2a: Tyranitar|133/401|[from] item: Leftovers","|upkeep","|turn|5","|","|t:|1751004494","|switch|p1a: Swampert|Swampert, F|404/404","|switch|p2a: Swampert|Swampert, F|404/404","|","|-weather|Sandstorm|[upkeep]","|upkeep","|turn|6","|","|t:|1751004499","|switch|p1a: Salamence|Salamence, F|338/360","|-ability|p1a: Salamence|Intimidate|boost","|-unboost|p2a: Swampert|atk|1","|move|p2a: Swampert|Surf|p1a: Salamence","|-resisted|p1a: Salamence","|-damage|p1a: Salamence|281/360","|","|-weather|Sandstorm|[upkeep]","|-damage|p1a: Salamence|259/360|[from] Sandstorm","|upkeep","|turn|7","|","|t:|1751004503","|move|p1a: Salamence|Rock Slide|p2a: Swampert","|-resisted|p2a: Swampert","|-damage|p2a: Swampert|336/404","|cant|p2a: Swampert|flinch","|","|-weather|Sandstorm|[upkeep]","|-damage|p1a: Salamence|237/360|[from] Sandstorm","|-heal|p2a: Swampert|361/404|[from] item: Leftovers","|upkeep","|turn|8","|","|t:|1751004507","|switch|p1a: Tyranitar|Tyranitar, F|401/401","|move|p2a: Swampert|Surf|p1a: Tyranitar","|-supereffective|p1a: Tyranitar","|-damage|p1a: Tyranitar|228/401","|","|-weather|Sandstorm|[upkeep]","|-heal|p1a: Tyranitar|253/401|[from] item: Leftovers","|-heal|p2a: Swampert|386/404|[from] item: Leftovers","|upkeep","|turn|9","|","|t:|1751004512","|switch|p1a: Salamence|Salamence, F|237/360","|-ability|p1a: Salamence|Intimidate|boost","|-unboost|p2a: Swampert|atk|1","|move|p2a: Swampert|Surf|p1a: Salamence","|-resisted|p1a: Salamence","|-damage|p1a: Salamence|183/360","|","|-weather|Sandstorm|[upkeep]","|-damage|p1a: Salamence|161/360|[from] Sandstorm","|-heal|p2a: Swampert|404/404|[from] item: Leftovers","|upkeep","|turn|10","|","|t:|1751004516","|switch|p1a: Tyranitar|Tyranitar, F|253/401","|move|p2a: Swampert|Surf|p1a: Tyranitar","|-supereffective|p1a: Tyranitar","|-damage|p1a: Tyranitar|70/401","|","|-weather|Sandstorm|[upkeep]","|-heal|p1a: Tyranitar|95/401|[from] item: Leftovers","|upkeep","|turn|11","|","|t:|1751004520","|switch|p1a: Swampert|Swampert, F|404/404","|move|p2a: Swampert|Surf|p1a: Swampert","|-damage|p1a: Swampert|312/404","|","|-weather|Sandstorm|[upkeep]","|-heal|p1a: Swampert|337/404|[from] item: Leftovers","|upkeep","|turn|12","|","|t:|1751004524","|move|p2a: Swampert|Surf|p1a: Swampert","|-damage|p1a: Swampert|248/404","|move|p1a: Swampert|Ice Beam|p2a: Swampert","|-damage|p2a: Swampert|344/404","|","|-weather|Sandstorm|[upkeep]","|-heal|p2a: Swampert|369/404|[from] item: Leftovers","|-heal|p1a: Swampert|273/404|[from] item: Leftovers","|upkeep","|turn|13","|","|t:|1751004529","|switch|p1a: Salamence|Salamence, F|161/360","|-ability|p1a: Salamence|Intimidate|boost","|-unboost|p2a: Swampert|atk|1","|move|p2a: Swampert|Toxic|p1a: Salamence","|-status|p1a: Salamence|tox","|","|-weather|Sandstorm|[upkeep]","|-damage|p1a: Salamence|139/360 tox|[from] Sandstorm","|-damage|p1a: Salamence|117/360 tox|[from] psn","|-heal|p2a: Swampert|394/404|[from] item: Leftovers","|upkeep","|turn|14","|","|t:|1751004533","|move|p1a: Salamence|Earthquake|p2a: Swampert","|-damage|p2a: Swampert|215/404","|move|p2a: Swampert|Surf|p1a: Salamence","|-resisted|p1a: Salamence","|-damage|p1a: Salamence|57/360 tox","|","|-weather|Sandstorm|[upkeep]","|-damage|p1a: Salamence|35/360 tox|[from] Sandstorm","|-damage|p1a: Salamence|0 fnt|[from] psn","|faint|p1a: Salamence","|-heal|p2a: Swampert|240/404|[from] item: Leftovers","|upkeep","|","|t:|1751004620","|switch|p1a: Swampert|Swampert, F|273/404","|turn|15","|","|t:|1751004625","|move|p1a: Swampert|Toxic|p2a: Swampert","|-status|p2a: Swampert|tox","|move|p2a: Swampert|Surf|p1a: Swampert","|-damage|p1a: Swampert|178/404","|","|-weather|Sandstorm|[upkeep]","|-heal|p1a: Swampert|203/404|[from] item: Leftovers","|-heal|p2a: Swampert|265/404 tox|[from] item: Leftovers","|-damage|p2a: Swampert|240/404 tox|[from] psn","|upkeep","|turn|16","|","|t:|1751004629","|move|p2a: Swampert|Surf|p1a: Swampert","|-damage|p1a: Swampert|98/404","|move|p1a: Swampert|Surf|p2a: Swampert","|-damage|p2a: Swampert|86/404 tox","|","|-weather|Sandstorm|[upkeep]","|-heal|p2a: Swampert|111/404 tox|[from] item: Leftovers","|-heal|p1a: Swampert|123/404|[from] item: Leftovers","|-damage|p2a: Swampert|61/404 tox|[from] psn","|upkeep","|turn|17","|","|t:|1751004633","|move|p1a: Swampert|Ice Beam|p2a: Swampert","|-damage|p2a: Swampert|0 fnt","|faint|p2a: Swampert","|","|t:|1751004638","|switch|p2a: Salamence|Salamence, F|360/360","|-ability|p2a: Salamence|Intimidate|boost","|-unboost|p1a: Swampert|atk|1","|","|-weather|Sandstorm|[upkeep]","|-damage|p2a: Salamence|338/360|[from] Sandstorm","|-heal|p1a: Swampert|148/404|[from] item: Leftovers","|upkeep","|turn|18","|","|t:|1751004642","|switch|p2a: Blissey|Blissey, F|652/652","|move|p1a: Swampert|Protect||[still]","|-fail|p1a: Swampert","|","|-weather|Sandstorm|[upkeep]","|-damage|p2a: Blissey|612/652|[from] Sandstorm","|-heal|p1a: Swampert|173/404|[from] item: Leftovers","|-heal|p2a: Blissey|652/652|[from] item: Leftovers","|upkeep","|turn|19","|","|t:|1751004646","|move|p1a: Swampert|Protect|p1a: Swampert","|-singleturn|p1a: Swampert|Protect","|move|p2a: Blissey|Seismic Toss|p1a: Swampert","|-activate|p1a: Swampert|Protect","|","|-weather|Sandstorm|[upkeep]","|-damage|p2a: Blissey|612/652|[from] Sandstorm","|-heal|p1a: Swampert|198/404|[from] item: Leftovers","|-heal|p2a: Blissey|652/652|[from] item: Leftovers","|upkeep","|turn|20","|","|t:|1751004651","|move|p1a: Swampert|Toxic|p2a: Blissey","|-status|p2a: Blissey|tox","|move|p2a: Blissey|Toxic|p1a: Swampert","|-status|p1a: Swampert|tox","|","|-weather|Sandstorm|[upkeep]","|-damage|p2a: Blissey|612/652 tox|[from] Sandstorm","|-heal|p1a: Swampert|223/404 tox|[from] item: Leftovers","|-damage|p1a: Swampert|198/404 tox|[from] psn","|-heal|p2a: Blissey|652/652 tox|[from] item: Leftovers","|-damage|p2a: Blissey|612/652 tox|[from] psn","|upkeep","|turn|21","|","|t:|1751004655","|move|p1a: Swampert|Surf|p2a: Blissey","|-damage|p2a: Blissey|550/652 tox","|move|p2a: Blissey|Wish|p2a: Blissey","|","|-weather|Sandstorm|[upkeep]","|-damage|p2a: Blissey|510/652 tox|[from] Sandstorm","|-heal|p1a: Swampert|223/404 tox|[from] item: Leftovers","|-damage|p1a: Swampert|173/404 tox|[from] psn","|-heal|p2a: Blissey|550/652 tox|[from] item: Leftovers","|-damage|p2a: Blissey|470/652 tox|[from] psn","|upkeep","|turn|22","|","|t:|1751004659","|switch|p1a: Blissey|Blissey, F|652/652","|move|p2a: Blissey|Seismic Toss|p1a: Blissey","|-damage|p1a: Blissey|552/652","|","|-heal|p2a: Blissey|652/652 tox|[from] move: Wish|[wisher] Blissey","|-weather|Sandstorm|[upkeep]","|-damage|p1a: Blissey|512/652|[from] Sandstorm","|-damage|p2a: Blissey|612/652 tox|[from] Sandstorm","|-heal|p1a: Blissey|552/652|[from] item: Leftovers","|-heal|p2a: Blissey|652/652 tox|[from] item: Leftovers","|-damage|p2a: Blissey|532/652 tox|[from] psn","|upkeep","|turn|23","|","|t:|1751004664","|switch|p1a: Tyranitar|Tyranitar, F|95/401","|-curestatus|p2a: Blissey|tox|[from] ability: Natural Cure","|switch|p2a: Tyranitar|Tyranitar, M|133/401","|","|-weather|Sandstorm|[upkeep]","|-heal|p2a: Tyranitar|158/401|[from] item: Leftovers","|-heal|p1a: Tyranitar|120/401|[from] item: Leftovers","|upkeep","|turn|24","|","|t:|1751004668","|switch|p1a: Swampert|Swampert, F|173/404 tox","|move|p2a: Tyranitar|Crunch|p1a: Swampert","|-damage|p1a: Swampert|64/404 tox","|","|-weather|Sandstorm|[upkeep]","|-heal|p2a: Tyranitar|183/401|[from] item: Leftovers","|-heal|p1a: Swampert|89/404 tox|[from] item: Leftovers","|-damage|p1a: Swampert|64/404 tox|[from] psn","|upkeep","|turn|25","|","|t:|1751004672","|switch|p2a: Blissey|Blissey, F|532/652","|move|p1a: Swampert|Protect||[still]","|-fail|p1a: Swampert","|","|-weather|Sandstorm|[upkeep]","|-damage|p2a: Blissey|492/652|[from] Sandstorm","|-heal|p1a: Swampert|89/404 tox|[from] item: Leftovers","|-damage|p1a: Swampert|39/404 tox|[from] psn","|-heal|p2a: Blissey|532/652|[from] item: Leftovers","|upkeep","|turn|26","|","|t:|1751004676","|move|p1a: Swampert|Toxic|p2a: Blissey","|-status|p2a: Blissey|tox","|move|p2a: Blissey|Seismic Toss|p1a: Swampert","|-damage|p1a: Swampert|0 fnt","|faint|p1a: Swampert","|","|t:|1751004735","|switch|p1a: Tyranitar|Tyranitar, F|120/401","|","|-weather|Sandstorm|[upkeep]","|-damage|p2a: Blissey|492/652 tox|[from] Sandstorm","|-heal|p1a: Tyranitar|145/401|[from] item: Leftovers","|-heal|p2a: Blissey|532/652 tox|[from] item: Leftovers","|-damage|p2a: Blissey|492/652 tox|[from] psn","|upkeep","|turn|27","|","|t:|1751004739","|switch|p1a: Blissey|Blissey, F|552/652","|-curestatus|p2a: Blissey|tox|[from] ability: Natural Cure","|switch|p2a: Salamence|Salamence, F|338/360","|-ability|p2a: Salamence|Intimidate|boost","|-unboost|p1a: Blissey|atk|1","|","|-weather|Sandstorm|[upkeep]","|-damage|p2a: Salamence|316/360|[from] Sandstorm","|-damage|p1a: Blissey|512/652|[from] Sandstorm","|-heal|p1a: Blissey|552/652|[from] item: Leftovers","|upkeep","|turn|28","|","|t:|1751004743","|move|p1a: Blissey|Protect|p1a: Blissey","|-singleturn|p1a: Blissey|Protect","|move|p2a: Salamence|Earthquake|p1a: Blissey","|-activate|p1a: Blissey|Protect","|","|-weather|Sandstorm|[upkeep]","|-damage|p2a: Salamence|294/360|[from] Sandstorm","|-damage|p1a: Blissey|512/652|[from] Sandstorm","|-heal|p1a: Blissey|552/652|[from] item: Leftovers","|upkeep","|turn|29","|","|t:|1751004747","|switch|p2a: Tyranitar|Tyranitar, M|183/401","|move|p1a: Blissey|Toxic|p2a: Tyranitar","|-status|p2a: Tyranitar|tox","|","|-weather|Sandstorm|[upkeep]","|-damage|p1a: Blissey|512/652|[from] Sandstorm","|-heal|p2a: Tyranitar|208/401 tox|[from] item: Leftovers","|-damage|p2a: Tyranitar|183/401 tox|[from] psn","|-heal|p1a: Blissey|552/652|[from] item: Leftovers","|upkeep","|turn|30","|","|t:|1751004752","|move|p1a: Blissey|Protect|p1a: Blissey","|-singleturn|p1a: Blissey|Protect","|move|p2a: Tyranitar|Fire Blast|p1a: Blissey","|-activate|p1a: Blissey|Protect","|","|-weather|Sandstorm|[upkeep]","|-damage|p1a: Blissey|512/652|[from] Sandstorm","|-heal|p2a: Tyranitar|208/401 tox|[from] item: Leftovers","|-damage|p2a: Tyranitar|158/401 tox|[from] psn","|-heal|p1a: Blissey|552/652|[from] item: Leftovers","|upkeep","|turn|31","|","|t:|1751004756","|move|p2a: Tyranitar|Fire Blast|p1a: Blissey","|-damage|p1a: Blissey|482/652","|move|p1a: Blissey|Seismic Toss|p2a: Tyranitar","|-damage|p2a: Tyranitar|58/401 tox","|","|-weather|Sandstorm|[upkeep]","|-damage|p1a: Blissey|442/652|[from] Sandstorm","|-heal|p2a: Tyranitar|83/401 tox|[from] item: Leftovers","|-damage|p2a: Tyranitar|8/401 tox|[from] psn","|-heal|p1a: Blissey|482/652|[from] item: Leftovers","|upkeep","|turn|32","|","|t:|1751004760","|switch|p2a: Salamence|Salamence, F|294/360","|-ability|p2a: Salamence|Intimidate|boost","|-unboost|p1a: Blissey|atk|1","|move|p1a: Blissey|Wish|p1a: Blissey","|","|-weather|Sandstorm|[upkeep]","|-damage|p2a: Salamence|272/360|[from] Sandstorm","|-damage|p1a: Blissey|442/652|[from] Sandstorm","|-heal|p1a: Blissey|482/652|[from] item: Leftovers","|upkeep","|turn|33","|","|t:|1751004761","|move|p1a: Blissey|Protect|p1a: Blissey","|-singleturn|p1a: Blissey|Protect","|move|p2a: Salamence|Earthquake|p1a: Blissey","|-activate|p1a: Blissey|Protect","|","|-heal|p1a: Blissey|652/652|[from] move: Wish|[wisher] Blissey","|-weather|Sandstorm|[upkeep]","|-damage|p2a: Salamence|250/360|[from] Sandstorm","|-damage|p1a: Blissey|612/652|[from] Sandstorm","|-heal|p1a: Blissey|652/652|[from] item: Leftovers","|upkeep","|turn|34","|","|t:|1751004765","|move|p2a: Salamence|Earthquake|p1a: Blissey","|-damage|p1a: Blissey|258/652","|move|p1a: Blissey|Toxic|p2a: Salamence","|-status|p2a: Salamence|tox","|","|-weather|Sandstorm|[upkeep]","|-damage|p2a: Salamence|228/360 tox|[from] Sandstorm","|-damage|p1a: Blissey|218/652|[from] Sandstorm","|-damage|p2a: Salamence|206/360 tox|[from] psn","|-heal|p1a: Blissey|258/652|[from] item: Leftovers","|upkeep","|turn|35","|","|t:|1751004770","|switch|p1a: Tyranitar|Tyranitar, F|145/401","|move|p2a: Salamence|Earthquake|p1a: Tyranitar","|-supereffective|p1a: Tyranitar","|-damage|p1a: Tyranitar|0 fnt","|faint|p1a: Tyranitar","|","|t:|1751004802","|switch|p1a: Blissey|Blissey, F|258/652","|","|-weather|Sandstorm|[upkeep]","|-damage|p2a: Salamence|184/360 tox|[from] Sandstorm","|-damage|p1a: Blissey|218/652|[from] Sandstorm","|-damage|p2a: Salamence|140/360 tox|[from] psn","|-heal|p1a: Blissey|258/652|[from] item: Leftovers","|upkeep","|turn|36","|","|t:|1751004806","|move|p1a: Blissey|Protect|p1a: Blissey","|-singleturn|p1a: Blissey|Protect","|move|p2a: Salamence|Earthquake|p1a: Blissey","|-activate|p1a: Blissey|Protect","|","|-weather|Sandstorm|[upkeep]","|-damage|p2a: Salamence|118/360 tox|[from] Sandstorm","|-damage|p1a: Blissey|218/652|[from] Sandstorm","|-damage|p2a: Salamence|52/360 tox|[from] psn","|-heal|p1a: Blissey|258/652|[from] item: Leftovers","|upkeep","|turn|37","|","|t:|1751004811","|move|p2a: Salamence|Earthquake|p1a: Blissey","|-damage|p1a: Blissey|0 fnt","|faint|p1a: Blissey","|","|t:|1751004826","|switch|p1a: Magneton|Magneton|242/242","|","|-weather|Sandstorm|[upkeep]","|-damage|p2a: Salamence|30/360 tox|[from] Sandstorm","|-damage|p2a: Salamence|0 fnt|[from] psn","|faint|p2a: Salamence","|upkeep","|","|t:|1751004830","|switch|p2a: Metagross|Metagross|343/343","|turn|38","|","|t:|1751004834","|move|p1a: Magneton|Toxic|p2a: Metagross","|-immune|p2a: Metagross","|move|p2a: Metagross|Earthquake|p1a: Magneton","|-supereffective|p1a: Magneton","|-damage|p1a: Magneton|0 fnt","|faint|p1a: Magneton","|","|win|simb",""],"p1rating":null,"p2rating":null,"endType":"normal","ladderError":true,"timestamp":"Thu Jun 26 2025 23:13:54 GMT-0700 (アメリカ太平洋夏時間)","roomid":"battle-gen3ou-670","format":"gen3ou"}