{"winner":"thecrusher677","seed":"sodium,6fa9b3ab9f2504bedfb8fb5e101187a4","turns":48,"p1":"thecrusher677","p2":"simb","p1team":[{"name":"Magneton","species":"Magneton","item":"Magnet","ability":"Magnet Pull","moves":["Thunderbolt","Toxic","Hidden Power Fire","Protect"],"nature":"Modest","evs":{"hp":4,"atk":0,"def":0,"spa":252,"spd":0,"spe":252},"gender":"N","ivs":{"hp":31,"atk":2,"def":31,"spa":30,"spd":31,"spe":30},"happiness":255,"hpType":"Fire","pokeball":"","gigantamax":false,"dynamaxLevel":10,"teraType":"","level":100},{"name":"Salamence","species":"Salamence","item":"Choice Band","ability":"Intimidate","moves":["Earthquake","Hidden Power Flying","Brick Break","Rock Slide"],"nature":"Adamant","evs":{"hp":120,"atk":252,"def":0,"spa":0,"spd":0,"spe":136},"gender":"F","ivs":{"hp":30,"atk":30,"def":30,"spa":30,"spd":30,"spe":31},"happiness":255,"hpType":"Flying","pokeball":"","gigantamax":false,"dynamaxLevel":10,"teraType":"","level":100},{"name":"Tyranitar","species":"Tyranitar","item":"Leftovers","ability":"Sand Stream","moves":["Crunch","Pursuit","Hidden Power Grass","Fire Blast"],"nature":"Modest","evs":{"hp":240,"atk":0,"def":0,"spa":188,"spd":48,"spe":32},"gender":"F","ivs":{"hp":31,"atk":2,"def":31,"spa":30,"spd":31,"spe":31},"happiness":255,"hpType":"Grass","pokeball":"","gigantamax":false,"dynamaxLevel":10,"teraType":"","level":100},{"name":"Blissey","species":"Blissey","item":"Leftovers","ability":"Natural Cure","moves":["Seismic Toss","Wish","Protect","Toxic"],"nature":"","evs":{"hp":4,"atk":0,"def":252,"spa":0,"spd":252,"spe":0},"gender":"F","ivs":{"hp":31,"atk":0,"def":31,"spa":31,"spd":31,"spe":31},"level":100},{"name":"Metagross","species":"Metagross","item":"Leftovers","ability":"Clear Body","moves":["Agility","Meteor Mash","Earthquake","Explosion"],"nature":"Adamant","evs":{"hp":168,"atk":252,"def":0,"spa":0,"spd":0,"spe":88},"gender":"N","level":100,"ivs":{"hp":31,"atk":31,"def":31,"spa":31,"spd":31,"spe":31}},{"name":"Swampert","species":"Swampert","item":"Leftovers","ability":"Torrent","moves":["Surf","Ice Beam","Protect","Toxic"],"nature":"Bold","evs":{"hp":252,"atk":0,"def":160,"spa":0,"spd":96,"spe":0},"gender":"M","ivs":{"hp":31,"atk":0,"def":31,"spa":31,"spd":31,"spe":31},"level":100}],"p2team":[{"name":"Salamence","species":"Salamence","item":"Choice Band","ability":"Intimidate","moves":["Earthquake","Hidden Power Flying","Brick Break","Rock Slide"],"nature":"Adamant","evs":{"hp":120,"atk":252,"def":0,"spa":0,"spd":0,"spe":136},"gender":"F","ivs":{"hp":30,"atk":30,"def":30,"spa":30,"spd":30,"spe":31},"happiness":255,"hpType":"Flying","pokeball":"","gigantamax":false,"dynamaxLevel":10,"teraType":"","level":100},{"name":"Magneton","species":"Magneton","item":"Magnet","ability":"Magnet Pull","moves":["Thunderbolt","Toxic","Hidden Power Fire","Protect"],"nature":"Modest","evs":{"hp":4,"atk":0,"def":0,"spa":252,"spd":0,"spe":252},"gender":"N","ivs":{"hp":31,"atk":2,"def":31,"spa":30,"spd":31,"spe":30},"happiness":255,"hpType":"Fire","pokeball":"","gigantamax":false,"dynamaxLevel":10,"teraType":"","level":100},{"name":"Tyranitar","species":"Tyranitar","item":"Leftovers","ability":"Sand Stream","moves":["Crunch","Pursuit","Hidden Power Grass","Fire Blast"],"nature":"Modest","evs":{"hp":240,"atk":0,"def":0,"spa":188,"spd":48,"spe":32},"gender":"M","ivs":{"hp":31,"atk":2,"def":31,"spa":30,"spd":31,"spe":31},"happiness":255,"hpType":"Grass","pokeball":"","gigantamax":false,"dynamaxLevel":10,"teraType":"","level":100},{"name":"Blissey","species":"Blissey","item":"Leftovers","ability":"Natural Cure","moves":["Seismic Toss","Wish","Protect","Toxic"],"nature":"","evs":{"hp":4,"atk":0,"def":252,"spa":0,"spd":252,"spe":0},"gender":"F","ivs":{"hp":31,"atk":0,"def":31,"spa":31,"spd":31,"spe":31},"level":100},{"name":"Metagross","species":"Metagross","item":"Leftovers","ability":"Clear Body","moves":["Agility","Meteor Mash","Earthquake","Explosion"],"nature":"Adamant","evs":{"hp":168,"atk":252,"def":0,"spa":0,"spd":0,"spe":88},"gender":"N","level":100,"ivs":{"hp":31,"atk":31,"def":31,"spa":31,"spd":31,"spe":31}},{"name":"Swampert","species":"Swampert","item":"Leftovers","ability":"Torrent","moves":["Surf","Ice Beam","Protect","Toxic"],"nature":"Bold","evs":{"hp":252,"atk":0,"def":160,"spa":0,"spd":96,"spe":0},"gender":"M","ivs":{"hp":31,"atk":0,"def":31,"spa":31,"spd":31,"spe":31},"level":100}],"score":[5,0],"inputLog":[">version 372d05e49c92a79eecdf6c8dddb208bd1765c00f",">start {\"formatid\":\"gen3ou\",\"seed\":\"sodium,6fa9b3ab9f2504bedfb8fb5e101187a4\"}",">player p1 {\"name\":\"thecrusher677\",\"avatar\":\"266\",\"team\":\"Magneton||Magnet|MagnetPull|Thunderbolt,Toxic,HiddenPowerFire,Protect|Modest|4,,,252,,252|N|,2,,30,,30|||,Fire,,,,]Salamence||ChoiceBand|Intimidate|Earthquake,HiddenPowerFlying,BrickBreak,RockSlide|Adamant|120,252,,,,136|F|30,30,30,30,30,|||,Flying,,,,]Tyranitar||Leftovers|SandStream|Crunch,Pursuit,HiddenPowerGrass,FireBlast|Modest|240,,,188,48,32|F|,2,,30,,|||,Grass,,,,]Blissey||Leftovers|NaturalCure|SeismicToss,Wish,Protect,Toxic||4,,252,,252,|F|,0,,,,|||]Metagross||Leftovers|ClearBody|Agility,MeteorMash,Earthquake,Explosion|Adamant|168,252,,,,88|N||||]Swampert||Leftovers|Torrent|Surf,IceBeam,Protect,Toxic|Bold|252,,160,,96,|M|,0,,,,|||\",\"rating\":0}",">player p2 {\"name\":\"simb\",\"avatar\":\"170\",\"team\":\"Salamence||ChoiceBand|Intimidate|Earthquake,HiddenPowerFlying,BrickBreak,RockSlide|Adamant|120,252,,,,136|F|30,30,30,30,30,|||,Flying,,,,]Magneton||Magnet|MagnetPull|Thunderbolt,Toxic,HiddenPowerFire,Protect|Modest|4,,,252,,252|N|,2,,30,,30|||,Fire,,,,]Tyranitar||Leftovers|SandStream|Crunch,Pursuit,HiddenPowerGrass,FireBlast|Modest|240,,,188,48,32|M|,2,,30,,|||,Grass,,,,]Blissey||Leftovers|NaturalCure|SeismicToss,Wish,Protect,Toxic||4,,252,,252,|F|,0,,,,|||]Metagross||Leftovers|ClearBody|Agility,MeteorMash,Earthquake,Explosion|Adamant|168,252,,,,88|N||||]Swampert||Leftovers|Torrent|Surf,IceBeam,Protect,Toxic|Bold|252,,160,,96,|M|,0,,,,|||\",\"rating\":0}",">p1 move protect",">p2 move brickbreak",">p1 switch 2",">p2 move brickbreak",">p1 move rockslide",">p2 switch 6",">p1 switch 4",">p2 move surf",">p1 move toxic",">p2 move toxic",">p1 move toxic",">p2 move surf",">p1 move wish",">p2 move surf",">p1 move seismictoss",">p2 move surf",">p1 switch 6",">p2 move icebeam",">p1 move protect",">p2 switch 4",">p1 switch 5",">p2 move wish",">p1 move meteormash",">p2 switch 4",">p1 move agility",">p2 move surf",">p1 move meteormash",">p2 move surf",">p1 move earthquake",">p2 move protect",">p1 move meteormash",">p2 switch 6",">p1 switch 5",">p2 switch 5",">p1 move surf",">p2 switch 4",">p1 switch 6",">p2 move toxic",">p1 move toxic",">p2 switch 6",">p1 move toxic",">p2 switch 4",">p1 switch 6",">p2 switch 4",">p1 move protect",">p2 move protect",">p2 switch 4",">p1 move surf",">p2 move earthquake",">p1 move protect",">p2 move earthquake",">p1 move surf",">p2 move earthquake",">p1 switch 4",">p1 move earthquake",">p2 move meteormash",">p2 switch 3",">p1 switch 3",">p2 move pursuit",">p1 move hiddenpower",">p2 move crunch",">p1 switch 6",">p2 move pursuit",">p1 move wish",">p2 move crunch",">p1 move protect",">p2 move crunch",">p1 move seismictoss",">p2 move crunch",">p1 move toxic",">p2 move crunch",">p1 move wish",">p2 move crunch",">p1 move protect",">p2 move crunch",">p1 move seismictoss",">p2 move fireblast",">p1 move wish",">p2 switch 5",">p1 switch 5",">p2 move brickbreak",">p1 move meteormash",">p2 move brickbreak",">p1 move agility",">p2 move brickbreak",">p1 move meteormash",">p2 switch 6",">p1 move meteormash",">p2 move protect",">p1 move meteormash",">p2 move protect",">p2 switch 2",">p1 move earthquake",">p2 switch 6",">p1 move meteormash",">p2 move brickbreak",">p2 switch 5",">p1 move earthquake",">p2 move fireblast",">p2 switch 6",">p1 move earthquake",">p2 move thunderbolt"],"log":["|j|☆thecrusher677","|j|☆simb","|t:|1751502714","|gametype|singles","|player|p1|thecrusher677|266|","|player|p2|simb|170|","|teamsize|p1|6","|teamsize|p2|6","|gen|3","|tier|[Gen 3] OU","|rule|Sleep Clause Mod: Limit one foe put to sleep","|rule|Switch Priority Clause Mod: Faster Pokémon switch first","|rule|Species Clause: Limit one of each Pokémon","|rule|OHKO Clause: OHKO moves are banned","|rule|Evasion Items Clause: Evasion items are banned","|rule|Evasion Moves Clause: Evasion moves are banned","|rule|Endless Battle Clause: Forcing endless battles is banned","|rule|HP Percentage Mod: HP is shown in percentages","|rule|One Boost Passer Clause: Limit one Baton Passer that has a way to boost its stats","|rule|Freeze Clause Mod: Limit one foe frozen","|","|t:|1751502714","|start","|switch|p1a: Magneton|Magneton|242/242","|switch|p2a: Salamence|Salamence, F|360/360","|-ability|p2a: Salamence|Intimidate|boost","|-unboost|p1a: Magneton|atk|1","|turn|1","|","|t:|1751502745","|move|p1a: Magneton|Protect|p1a: Magneton","|-singleturn|p1a: Magneton|Protect","|move|p2a: Salamence|Brick Break|p1a: Magneton","|-activate|p1a: Magneton|Protect","|","|upkeep","|turn|2","|","|t:|1751502765","|switch|p1a: Salamence|Salamence, F|360/360","|-ability|p1a: Salamence|Intimidate|boost","|-unboost|p2a: Salamence|atk|1","|move|p2a: Salamence|Brick Break|p1a: Salamence","|-resisted|p1a: Salamence","|-damage|p1a: Salamence|302/360","|","|upkeep","|turn|3","|","|t:|1751502779","|switch|p2a: Swampert|Swampert, M|404/404","|move|p1a: Salamence|Rock Slide|p2a: Swampert","|-resisted|p2a: Swampert","|-damage|p2a: Swampert|343/404","|","|-heal|p2a: Swampert|368/404|[from] item: Leftovers","|upkeep","|turn|4","|","|t:|1751502789","|switch|p1a: Blissey|Blissey, F|652/652","|move|p2a: Swampert|Surf|p1a: Blissey","|-damage|p1a: Blissey|584/652","|","|-heal|p2a: Swampert|393/404|[from] item: Leftovers","|-heal|p1a: Blissey|624/652|[from] item: Leftovers","|upkeep","|turn|5","|","|t:|1751502812","|move|p2a: Swampert|Toxic|p1a: Blissey","|-status|p1a: Blissey|tox","|move|p1a: Blissey|Toxic|p2a: Swampert|[miss]","|-miss|p1a: Blissey|p2a: Swampert","|","|-heal|p2a: Swampert|404/404|[from] item: Leftovers","|-heal|p1a: Blissey|652/652 tox|[from] item: Leftovers","|-damage|p1a: Blissey|612/652 tox|[from] psn","|upkeep","|turn|6","|","|t:|1751502822","|move|p2a: Swampert|Surf|p1a: Blissey","|-damage|p1a: Blissey|548/652 tox","|move|p1a: Blissey|Toxic|p2a: Swampert","|-status|p2a: Swampert|tox","|","|-damage|p2a: Swampert|379/404 tox|[from] psn","|-heal|p1a: Blissey|588/652 tox|[from] item: Leftovers","|-damage|p1a: Blissey|508/652 tox|[from] psn","|upkeep","|turn|7","|","|t:|1751502841","|move|p2a: Swampert|Surf|p1a: Blissey","|-damage|p1a: Blissey|449/652 tox","|move|p1a: Blissey|Wish|p1a: Blissey","|","|-heal|p2a: Swampert|404/404 tox|[from] item: Leftovers","|-damage|p2a: Swampert|354/404 tox|[from] psn","|-heal|p1a: Blissey|489/652 tox|[from] item: Leftovers","|-damage|p1a: Blissey|369/652 tox|[from] psn","|upkeep","|turn|8","|","|t:|1751502850","|move|p2a: Swampert|Surf|p1a: Blissey","|-damage|p1a: Blissey|307/652 tox","|move|p1a: Blissey|Seismic Toss|p2a: Swampert","|-damage|p2a: Swampert|254/404 tox","|","|-heal|p1a: Blissey|633/652 tox|[from] move: Wish|[wisher] Blissey","|-heal|p2a: Swampert|279/404 tox|[from] item: Leftovers","|-damage|p2a: Swampert|204/404 tox|[from] psn","|-heal|p1a: Blissey|652/652 tox|[from] item: Leftovers","|-damage|p1a: Blissey|492/652 tox|[from] psn","|upkeep","|turn|9","|","|t:|1751502858","|-curestatus|p1a: Blissey|tox|[from] ability: Natural Cure","|switch|p1a: Swampert|Swampert, M|404/404","|move|p2a: Swampert|Ice Beam|p1a: Swampert","|-damage|p1a: Swampert|345/404","|","|-heal|p1a: Swampert|370/404|[from] item: Leftovers","|-heal|p2a: Swampert|229/404 tox|[from] item: Leftovers","|-damage|p2a: Swampert|129/404 tox|[from] psn","|upkeep","|turn|10","|","|t:|1751502870","|switch|p2a: Blissey|Blissey, F|652/652","|move|p1a: Swampert|Protect||[still]","|-fail|p1a: Swampert","|","|-heal|p1a: Swampert|395/404|[from] item: Leftovers","|upkeep","|turn|11","|","|t:|1751502877","|switch|p1a: Metagross|Metagross|343/343","|move|p2a: Blissey|Wish|p2a: Blissey","|","|upkeep","|turn|12","|","|t:|1751502889","|switch|p2a: Swampert|Swampert, M|129/404 tox","|move|p1a: Metagross|Meteor Mash|p2a: Swampert","|-resisted|p2a: Swampert","|-damage|p2a: Swampert|37/404 tox","|","|-heal|p2a: Swampert|239/404 tox|[from] move: Wish|[wisher] Blissey","|-heal|p2a: Swampert|264/404 tox|[from] item: Leftovers","|-damage|p2a: Swampert|239/404 tox|[from] psn","|upkeep","|turn|13","|","|t:|1751502914","|move|p1a: Metagross|Agility|p1a: Metagross","|-boost|p1a: Metagross|spe|2","|move|p2a: Swampert|Surf|p1a: Metagross","|-damage|p1a: Metagross|239/343","|","|-heal|p1a: Metagross|260/343|[from] item: Leftovers","|-heal|p2a: Swampert|264/404 tox|[from] item: Leftovers","|-damage|p2a: Swampert|214/404 tox|[from] psn","|upkeep","|turn|14","|","|t:|1751502922","|move|p1a: Metagross|Meteor Mash|p2a: Swampert","|-resisted|p2a: Swampert","|-damage|p2a: Swampert|133/404 tox","|move|p2a: Swampert|Surf|p1a: Metagross","|-damage|p1a: Metagross|90/343","|","|-heal|p1a: Metagross|111/343|[from] item: Leftovers","|-heal|p2a: Swampert|158/404 tox|[from] item: Leftovers","|-damage|p2a: Swampert|83/404 tox|[from] psn","|upkeep","|turn|15","|","|t:|1751502931","|move|p2a: Swampert|Protect|p2a: Swampert","|-singleturn|p2a: Swampert|Protect","|move|p1a: Metagross|Earthquake|p2a: Swampert","|-activate|p2a: Swampert|Protect","|","|-heal|p1a: Metagross|132/343|[from] item: Leftovers","|-heal|p2a: Swampert|108/404 tox|[from] item: Leftovers","|-damage|p2a: Swampert|8/404 tox|[from] psn","|upkeep","|turn|16","|","|t:|1751502936","|switch|p2a: Salamence|Salamence, F|360/360","|-ability|p2a: Salamence|Intimidate|boost","|-fail|p1a: Metagross|unboost|[from] ability: Clear Body|[of] p1a: Metagross","|move|p1a: Metagross|Meteor Mash|p2a: Salamence|[miss]","|-miss|p1a: Metagross|p2a: Salamence","|","|-heal|p1a: Metagross|153/343|[from] item: Leftovers","|upkeep","|turn|17","|","|t:|1751502948","|switch|p1a: Swampert|Swampert, M|395/404","|switch|p2a: Metagross|Metagross|343/343","|","|-heal|p1a: Swampert|404/404|[from] item: Leftovers","|upkeep","|turn|18","|","|t:|1751502993","|switch|p2a: Blissey|Blissey, F|652/652","|move|p1a: Swampert|Surf|p2a: Blissey","|-damage|p2a: Blissey|593/652","|","|-heal|p2a: Blissey|633/652|[from] item: Leftovers","|upkeep","|turn|19","|","|t:|1751502998","|switch|p1a: Blissey|Blissey, F|492/652","|move|p2a: Blissey|Toxic|p1a: Blissey","|-status|p1a: Blissey|tox","|","|-heal|p1a: Blissey|532/652 tox|[from] item: Leftovers","|-heal|p2a: Blissey|652/652|[from] item: Leftovers","|-damage|p1a: Blissey|492/652 tox|[from] psn","|upkeep","|turn|20","|","|t:|1751503003","|switch|p2a: Swampert|Swampert, M|8/404 tox","|move|p1a: Blissey|Toxic|p2a: Swampert","|-fail|p2a: Swampert|tox","|","|-heal|p2a: Swampert|33/404 tox|[from] item: Leftovers","|-damage|p2a: Swampert|8/404 tox|[from] psn","|-heal|p1a: Blissey|532/652 tox|[from] item: Leftovers","|-damage|p1a: Blissey|452/652 tox|[from] psn","|upkeep","|turn|21","|","|t:|1751503011","|switch|p2a: Metagross|Metagross|343/343","|move|p1a: Blissey|Toxic|p2a: Metagross","|-immune|p2a: Metagross","|","|-heal|p1a: Blissey|492/652 tox|[from] item: Leftovers","|-damage|p1a: Blissey|372/652 tox|[from] psn","|upkeep","|turn|22","|","|t:|1751503018","|switch|p2a: Swampert|Swampert, M|8/404 tox","|-curestatus|p1a: Blissey|tox|[from] ability: Natural Cure","|switch|p1a: Swampert|Swampert, M|404/404","|","|-heal|p2a: Swampert|33/404 tox|[from] item: Leftovers","|-damage|p2a: Swampert|8/404 tox|[from] psn","|upkeep","|turn|23","|","|t:|1751503022","|move|p2a: Swampert|Protect|p2a: Swampert","|-singleturn|p2a: Swampert|Protect","|move|p1a: Swampert|Protect||[still]","|-fail|p1a: Swampert","|","|-heal|p2a: Swampert|33/404 tox|[from] item: Leftovers","|-damage|p2a: Swampert|0 fnt|[from] psn","|faint|p2a: Swampert","|upkeep","|","|t:|1751503027","|switch|p2a: Metagross|Metagross|343/343","|turn|24","|","|t:|1751503036","|move|p2a: Metagross|Earthquake|p1a: Swampert","|-crit|p1a: Swampert","|-damage|p1a: Swampert|168/404","|move|p1a: Swampert|Surf|p2a: Metagross","|-damage|p2a: Metagross|236/343","|","|-heal|p2a: Metagross|257/343|[from] item: Leftovers","|-heal|p1a: Swampert|193/404|[from] item: Leftovers","|upkeep","|turn|25","|","|t:|1751503049","|move|p1a: Swampert|Protect|p1a: Swampert","|-singleturn|p1a: Swampert|Protect","|move|p2a: Metagross|Earthquake|p1a: Swampert","|-activate|p1a: Swampert|Protect","|","|-heal|p2a: Metagross|278/343|[from] item: Leftovers","|-heal|p1a: Swampert|218/404|[from] item: Leftovers","|upkeep","|turn|26","|","|t:|1751503053","|move|p2a: Metagross|Earthquake|p1a: Swampert","|-crit|p1a: Swampert","|-damage|p1a: Swampert|0 fnt","|faint|p1a: Swampert","|","|t:|1751503059","|switch|p1a: Salamence|Salamence, F|302/360","|-ability|p1a: Salamence|Intimidate|boost","|-fail|p2a: Metagross|unboost|[from] ability: Clear Body|[of] p2a: Metagross","|","|-heal|p2a: Metagross|299/343|[from] item: Leftovers","|upkeep","|turn|27","|","|t:|1751503064","|move|p1a: Salamence|Earthquake|p2a: Metagross","|-supereffective|p2a: Metagross","|-damage|p2a: Metagross|0 fnt","|faint|p2a: Metagross","|","|t:|1751503068","|switch|p2a: Tyranitar|Tyranitar, M|401/401","|-weather|Sandstorm|[from] ability: Sand Stream|[of] p2a: Tyranitar","|","|-weather|Sandstorm|[upkeep]","|-damage|p1a: Salamence|280/360|[from] Sandstorm","|upkeep","|turn|28","|","|t:|1751503082","|-activate|p1a: Salamence|move: Pursuit","|move|p2a: Tyranitar|Pursuit|p1a: Salamence|[from]Pursuit","|-damage|p1a: Salamence|145/360","|switch|p1a: Tyranitar|Tyranitar, F|401/401","|","|-weather|Sandstorm|[upkeep]","|upkeep","|turn|29","|","|t:|1751503090","|move|p2a: Tyranitar|Crunch|p1a: Tyranitar","|-resisted|p1a: Tyranitar","|-crit|p1a: Tyranitar","|-damage|p1a: Tyranitar|280/401","|-unboost|p1a: Tyranitar|spd|1","|move|p1a: Tyranitar|Hidden Power|p2a: Tyranitar","|-supereffective|p2a: Tyranitar","|-damage|p2a: Tyranitar|266/401","|","|-weather|Sandstorm|[upkeep]","|-heal|p2a: Tyranitar|291/401|[from] item: Leftovers","|-heal|p1a: Tyranitar|305/401|[from] item: Leftovers","|upkeep","|turn|30","|","|t:|1751503102","|-activate|p1a: Tyranitar|move: Pursuit","|move|p2a: Tyranitar|Pursuit|p1a: Tyranitar|[from]Pursuit","|-resisted|p1a: Tyranitar","|-damage|p1a: Tyranitar|225/401","|switch|p1a: Blissey|Blissey, F|372/652","|","|-weather|Sandstorm|[upkeep]","|-damage|p1a: Blissey|332/652|[from] Sandstorm","|-heal|p2a: Tyranitar|316/401|[from] item: Leftovers","|-heal|p1a: Blissey|372/652|[from] item: Leftovers","|upkeep","|turn|31","|","|t:|1751503110","|move|p2a: Tyranitar|Crunch|p1a: Blissey","|-damage|p1a: Blissey|294/652","|move|p1a: Blissey|Wish|p1a: Blissey","|","|-weather|Sandstorm|[upkeep]","|-damage|p1a: Blissey|254/652|[from] Sandstorm","|-heal|p2a: Tyranitar|341/401|[from] item: Leftovers","|-heal|p1a: Blissey|294/652|[from] item: Leftovers","|upkeep","|turn|32","|","|t:|1751503114","|move|p1a: Blissey|Protect|p1a: Blissey","|-singleturn|p1a: Blissey|Protect","|move|p2a: Tyranitar|Crunch|p1a: Blissey","|-activate|p1a: Blissey|Protect","|","|-heal|p1a: Blissey|620/652|[from] move: Wish|[wisher] Blissey","|-weather|Sandstorm|[upkeep]","|-damage|p1a: Blissey|580/652|[from] Sandstorm","|-heal|p2a: Tyranitar|366/401|[from] item: Leftovers","|-heal|p1a: Blissey|620/652|[from] item: Leftovers","|upkeep","|turn|33","|","|t:|1751503138","|move|p2a: Tyranitar|Crunch|p1a: Blissey","|-damage|p1a: Blissey|540/652","|move|p1a: Blissey|Seismic Toss|p2a: Tyranitar","|-damage|p2a: Tyranitar|266/401","|","|-weather|Sandstorm|[upkeep]","|-damage|p1a: Blissey|500/652|[from] Sandstorm","|-heal|p2a: Tyranitar|291/401|[from] item: Leftovers","|-heal|p1a: Blissey|540/652|[from] item: Leftovers","|upkeep","|turn|34","|","|t:|1751503145","|move|p2a: Tyranitar|Crunch|p1a: Blissey","|-damage|p1a: Blissey|467/652","|move|p1a: Blissey|Toxic|p2a: Tyranitar","|-status|p2a: Tyranitar|tox","|","|-weather|Sandstorm|[upkeep]","|-damage|p1a: Blissey|427/652|[from] Sandstorm","|-heal|p2a: Tyranitar|316/401 tox|[from] item: Leftovers","|-damage|p2a: Tyranitar|291/401 tox|[from] psn","|-heal|p1a: Blissey|467/652|[from] item: Leftovers","|upkeep","|turn|35","|","|t:|1751503152","|move|p2a: Tyranitar|Crunch|p1a: Blissey","|-damage|p1a: Blissey|389/652","|move|p1a: Blissey|Wish|p1a: Blissey","|","|-weather|Sandstorm|[upkeep]","|-damage|p1a: Blissey|349/652|[from] Sandstorm","|-heal|p2a: Tyranitar|316/401 tox|[from] item: Leftovers","|-damage|p2a: Tyranitar|266/401 tox|[from] psn","|-heal|p1a: Blissey|389/652|[from] item: Leftovers","|upkeep","|turn|36","|","|t:|1751503156","|move|p1a: Blissey|Protect|p1a: Blissey","|-singleturn|p1a: Blissey|Protect","|move|p2a: Tyranitar|Crunch|p1a: Blissey","|-activate|p1a: Blissey|Protect","|","|-heal|p1a: Blissey|652/652|[from] move: Wish|[wisher] Blissey","|-weather|Sandstorm|[upkeep]","|-damage|p1a: Blissey|612/652|[from] Sandstorm","|-heal|p2a: Tyranitar|291/401 tox|[from] item: Leftovers","|-damage|p2a: Tyranitar|216/401 tox|[from] psn","|-heal|p1a: Blissey|652/652|[from] item: Leftovers","|upkeep","|turn|37","|","|t:|1751503165","|move|p2a: Tyranitar|Fire Blast|p1a: Blissey","|-damage|p1a: Blissey|577/652","|move|p1a: Blissey|Seismic Toss|p2a: Tyranitar","|-damage|p2a: Tyranitar|116/401 tox","|","|-weather|Sandstorm|[upkeep]","|-damage|p1a: Blissey|537/652|[from] Sandstorm","|-heal|p2a: Tyranitar|141/401 tox|[from] item: Leftovers","|-damage|p2a: Tyranitar|41/401 tox|[from] psn","|-heal|p1a: Blissey|577/652|[from] item: Leftovers","|upkeep","|turn|38","|","|t:|1751503170","|switch|p2a: Salamence|Salamence, F|360/360","|-ability|p2a: Salamence|Intimidate|boost","|-unboost|p1a: Blissey|atk|1","|move|p1a: Blissey|Wish|p1a: Blissey","|","|-weather|Sandstorm|[upkeep]","|-damage|p2a: Salamence|338/360|[from] Sandstorm","|-damage|p1a: Blissey|537/652|[from] Sandstorm","|-heal|p1a: Blissey|577/652|[from] item: Leftovers","|upkeep","|turn|39","|","|t:|1751503187","|switch|p1a: Metagross|Metagross|153/343","|move|p2a: Salamence|Brick Break|p1a: Metagross","|-damage|p1a: Metagross|33/343","|","|-heal|p1a: Metagross|204/343|[from] move: Wish|[wisher] Blissey","|-weather|Sandstorm|[upkeep]","|-damage|p2a: Salamence|316/360|[from] Sandstorm","|-heal|p1a: Metagross|225/343|[from] item: Leftovers","|upkeep","|turn|40","|","|t:|1751503199","|move|p2a: Salamence|Brick Break|p1a: Metagross","|-damage|p1a: Metagross|110/343","|move|p1a: Metagross|Meteor Mash|p2a: Salamence","|-damage|p2a: Salamence|84/360","|","|-weather|Sandstorm|[upkeep]","|-damage|p2a: Salamence|62/360|[from] Sandstorm","|-heal|p1a: Metagross|131/343|[from] item: Leftovers","|upkeep","|turn|41","|","|t:|1751503206","|move|p2a: Salamence|Brick Break|p1a: Metagross","|-damage|p1a: Metagross|7/343","|move|p1a: Metagross|Agility|p1a: Metagross","|-boost|p1a: Metagross|spe|2","|","|-weather|Sandstorm|[upkeep]","|-damage|p2a: Salamence|40/360|[from] Sandstorm","|-heal|p1a: Metagross|28/343|[from] item: Leftovers","|upkeep","|turn|42","|","|t:|1751503211","|switch|p2a: Blissey|Blissey, F|652/652","|move|p1a: Metagross|Meteor Mash|p2a: Blissey","|-damage|p2a: Blissey|257/652","|","|-weather|Sandstorm|[upkeep]","|-damage|p2a: Blissey|217/652|[from] Sandstorm","|-heal|p1a: Metagross|49/343|[from] item: Leftovers","|-heal|p2a: Blissey|257/652|[from] item: Leftovers","|upkeep","|turn|43","|","|t:|1751503216","|move|p2a: Blissey|Protect|p2a: Blissey","|-singleturn|p2a: Blissey|Protect","|move|p1a: Metagross|Meteor Mash|p2a: Blissey|[miss]","|-miss|p1a: Metagross|p2a: Blissey","|","|-weather|Sandstorm|[upkeep]","|-damage|p2a: Blissey|217/652|[from] Sandstorm","|-heal|p1a: Metagross|70/343|[from] item: Leftovers","|-heal|p2a: Blissey|257/652|[from] item: Leftovers","|upkeep","|turn|44","|","|t:|1751503221","|move|p2a: Blissey|Protect||[still]","|-fail|p2a: Blissey","|move|p1a: Metagross|Meteor Mash|p2a: Blissey","|-damage|p2a: Blissey|0 fnt","|faint|p2a: Blissey","|","|t:|1751503225","|switch|p2a: Magneton|Magneton|242/242","|","|-weather|Sandstorm|[upkeep]","|-heal|p1a: Metagross|91/343|[from] item: Leftovers","|upkeep","|turn|45","|","|t:|1751503241","|switch|p2a: Salamence|Salamence, F|40/360","|-ability|p2a: Salamence|Intimidate|boost","|-fail|p1a: Metagross|unboost|[from] ability: Clear Body|[of] p1a: Metagross","|move|p1a: Metagross|Earthquake|p2a: Salamence","|-immune|p2a: Salamence","|","|-weather|Sandstorm|[upkeep]","|-damage|p2a: Salamence|18/360|[from] Sandstorm","|-heal|p1a: Metagross|112/343|[from] item: Leftovers","|upkeep","|turn|46","|","|t:|1751503251","|move|p1a: Metagross|Meteor Mash|p2a: Salamence","|-damage|p2a: Salamence|0 fnt","|-boost|p1a: Metagross|atk|1","|faint|p2a: Salamence","|","|t:|1751503255","|switch|p2a: Tyranitar|Tyranitar, M|41/401 tox","|","|-weather|Sandstorm|[upkeep]","|-heal|p1a: Metagross|133/343|[from] item: Leftovers","|-heal|p2a: Tyranitar|66/401 tox|[from] item: Leftovers","|-damage|p2a: Tyranitar|41/401 tox|[from] psn","|upkeep","|turn|47","|","|t:|1751503274","|move|p1a: Metagross|Earthquake|p2a: Tyranitar","|-supereffective|p2a: Tyranitar","|-damage|p2a: Tyranitar|0 fnt","|faint|p2a: Tyranitar","|","|t:|1751503279","|switch|p2a: Magneton|Magneton|242/242","|","|-weather|Sandstorm|[upkeep]","|-heal|p1a: Metagross|154/343|[from] item: Leftovers","|upkeep","|turn|48","|","|t:|1751503283","|move|p1a: Metagross|Earthquake|p2a: Magneton","|-supereffective|p2a: Magneton","|-damage|p2a: Magneton|0 fnt","|faint|p2a: Magneton","|","|win|thecrusher677",""],"p1rating":null,"p2rating":null,"endType":"normal","ladderError":true,"timestamp":"Wed Jul 02 2025 17:41:23 GMT-0700 (アメリカ太平洋夏時間)","roomid":"battle-gen3ou-697","format":"gen3ou"}