{"winner":"thecrusher677","seed":"sodium,3c5402350e984fa55a77d3f16729da4c","turns":37,"p1":"thecrusher677","p2":"simb","p1team":[{"name":"Magneton","species":"Magneton","item":"Magnet","ability":"Magnet Pull","moves":["Thunderbolt","Toxic","Hidden Power Fire","Protect"],"nature":"Modest","evs":{"hp":4,"atk":0,"def":0,"spa":252,"spd":0,"spe":252},"gender":"N","ivs":{"hp":31,"atk":2,"def":31,"spa":30,"spd":31,"spe":30},"happiness":255,"hpType":"Fire","pokeball":"","gigantamax":false,"dynamaxLevel":10,"teraType":"","level":100},{"name":"Salamence","species":"Salamence","item":"Choice Band","ability":"Intimidate","moves":["Earthquake","Hidden Power Flying","Brick Break","Rock Slide"],"nature":"Adamant","evs":{"hp":120,"atk":252,"def":0,"spa":0,"spd":0,"spe":136},"gender":"M","ivs":{"hp":30,"atk":30,"def":30,"spa":30,"spd":30,"spe":31},"happiness":255,"hpType":"Flying","pokeball":"","gigantamax":false,"dynamaxLevel":10,"teraType":"","level":100},{"name":"Tyranitar","species":"Tyranitar","item":"Leftovers","ability":"Sand Stream","moves":["Crunch","Pursuit","Hidden Power Grass","Fire Blast"],"nature":"Modest","evs":{"hp":240,"atk":0,"def":0,"spa":188,"spd":48,"spe":32},"gender":"M","ivs":{"hp":31,"atk":2,"def":31,"spa":30,"spd":31,"spe":31},"happiness":255,"hpType":"Grass","pokeball":"","gigantamax":false,"dynamaxLevel":10,"teraType":"","level":100},{"name":"Blissey","species":"Blissey","item":"Leftovers","ability":"Natural Cure","moves":["Seismic Toss","Wish","Protect","Toxic"],"nature":"","evs":{"hp":4,"atk":0,"def":252,"spa":0,"spd":252,"spe":0},"gender":"F","ivs":{"hp":31,"atk":0,"def":31,"spa":31,"spd":31,"spe":31},"level":100},{"name":"Metagross","species":"Metagross","item":"Leftovers","ability":"Clear Body","moves":["Agility","Meteor Mash","Earthquake","Explosion"],"nature":"Adamant","evs":{"hp":168,"atk":252,"def":0,"spa":0,"spd":0,"spe":88},"gender":"N","level":100,"ivs":{"hp":31,"atk":31,"def":31,"spa":31,"spd":31,"spe":31}},{"name":"Swampert","species":"Swampert","item":"Leftovers","ability":"Torrent","moves":["Surf","Ice Beam","Protect","Toxic"],"nature":"Bold","evs":{"hp":252,"atk":0,"def":160,"spa":0,"spd":96,"spe":0},"gender":"M","ivs":{"hp":31,"atk":0,"def":31,"spa":31,"spd":31,"spe":31},"level":100}],"p2team":[{"name":"Salamence","species":"Salamence","item":"Choice Band","ability":"Intimidate","moves":["Earthquake","Hidden Power Flying","Brick Break","Rock Slide"],"nature":"Adamant","evs":{"hp":120,"atk":252,"def":0,"spa":0,"spd":0,"spe":136},"gender":"F","ivs":{"hp":30,"atk":30,"def":30,"spa":30,"spd":30,"spe":31},"happiness":255,"hpType":"Flying","pokeball":"","gigantamax":false,"dynamaxLevel":10,"teraType":"","level":100},{"name":"Magneton","species":"Magneton","item":"Magnet","ability":"Magnet Pull","moves":["Thunderbolt","Toxic","Hidden Power Fire","Protect"],"nature":"Modest","evs":{"hp":4,"atk":0,"def":0,"spa":252,"spd":0,"spe":252},"gender":"N","ivs":{"hp":31,"atk":2,"def":31,"spa":30,"spd":31,"spe":30},"happiness":255,"hpType":"Fire","pokeball":"","gigantamax":false,"dynamaxLevel":10,"teraType":"","level":100},{"name":"Tyranitar","species":"Tyranitar","item":"Leftovers","ability":"Sand Stream","moves":["Crunch","Pursuit","Hidden Power Grass","Fire Blast"],"nature":"Modest","evs":{"hp":240,"atk":0,"def":0,"spa":188,"spd":48,"spe":32},"gender":"F","ivs":{"hp":31,"atk":2,"def":31,"spa":30,"spd":31,"spe":31},"happiness":255,"hpType":"Grass","pokeball":"","gigantamax":false,"dynamaxLevel":10,"teraType":"","level":100},{"name":"Blissey","species":"Blissey","item":"Leftovers","ability":"Natural Cure","moves":["Seismic Toss","Wish","Protect","Toxic"],"nature":"","evs":{"hp":4,"atk":0,"def":252,"spa":0,"spd":252,"spe":0},"gender":"F","ivs":{"hp":31,"atk":0,"def":31,"spa":31,"spd":31,"spe":31},"level":100},{"name":"Metagross","species":"Metagross","item":"Leftovers","ability":"Clear Body","moves":["Agility","Meteor Mash","Earthquake","Explosion"],"nature":"Adamant","evs":{"hp":168,"atk":252,"def":0,"spa":0,"spd":0,"spe":88},"gender":"N","level":100,"ivs":{"hp":31,"atk":31,"def":31,"spa":31,"spd":31,"spe":31}},{"name":"Swampert","species":"Swampert","item":"Leftovers","ability":"Torrent","moves":["Surf","Ice Beam","Protect","Toxic"],"nature":"Bold","evs":{"hp":252,"atk":0,"def":160,"spa":0,"spd":96,"spe":0},"gender":"F","ivs":{"hp":31,"atk":0,"def":31,"spa":31,"spd":31,"spe":31},"level":100}],"score":[2,0],"inputLog":[">version 372d05e49c92a79eecdf6c8dddb208bd1765c00f",">start {\"formatid\":\"gen3ou\",\"seed\":\"sodium,3c5402350e984fa55a77d3f16729da4c\"}",">player p1 {\"name\":\"thecrusher677\",\"avatar\":\"266\",\"team\":\"Magneton||Magnet|MagnetPull|Thunderbolt,Toxic,HiddenPowerFire,Protect|Modest|4,,,252,,252|N|,2,,30,,30|||,Fire,,,,]Salamence||ChoiceBand|Intimidate|Earthquake,HiddenPowerFlying,BrickBreak,RockSlide|Adamant|120,252,,,,136|M|30,30,30,30,30,|||,Flying,,,,]Tyranitar||Leftovers|SandStream|Crunch,Pursuit,HiddenPowerGrass,FireBlast|Modest|240,,,188,48,32|M|,2,,30,,|||,Grass,,,,]Blissey||Leftovers|NaturalCure|SeismicToss,Wish,Protect,Toxic||4,,252,,252,|F|,0,,,,|||]Metagross||Leftovers|ClearBody|Agility,MeteorMash,Earthquake,Explosion|Adamant|168,252,,,,88|N||||]Swampert||Leftovers|Torrent|Surf,IceBeam,Protect,Toxic|Bold|252,,160,,96,|M|,0,,,,|||\",\"rating\":0}",">player p2 {\"name\":\"simb\",\"avatar\":\"170\",\"team\":\"Salamence||ChoiceBand|Intimidate|Earthquake,HiddenPowerFlying,BrickBreak,RockSlide|Adamant|120,252,,,,136|F|30,30,30,30,30,|||,Flying,,,,]Magneton||Magnet|MagnetPull|Thunderbolt,Toxic,HiddenPowerFire,Protect|Modest|4,,,252,,252|N|,2,,30,,30|||,Fire,,,,]Tyranitar||Leftovers|SandStream|Crunch,Pursuit,HiddenPowerGrass,FireBlast|Modest|240,,,188,48,32|F|,2,,30,,|||,Grass,,,,]Blissey||Leftovers|NaturalCure|SeismicToss,Wish,Protect,Toxic||4,,252,,252,|F|,0,,,,|||]Metagross||Leftovers|ClearBody|Agility,MeteorMash,Earthquake,Explosion|Adamant|168,252,,,,88|N||||]Swampert||Leftovers|Torrent|Surf,IceBeam,Protect,Toxic|Bold|252,,160,,96,|F|,0,,,,|||\",\"rating\":0}",">p1 move protect",">p2 move brickbreak",">p1 switch 2",">p2 move brickbreak",">p1 move hiddenpower",">p2 switch 6",">p1 switch 4",">p2 move surf",">p1 move toxic",">p2 move toxic",">p1 move seismictoss",">p2 move surf",">p1 move wish",">p2 move surf",">p1 move protect",">p2 switch 5",">p1 switch 6",">p2 move agility",">p1 move surf",">p2 move earthquake",">p1 move protect",">p2 move meteormash",">p1 move surf",">p2 move earthquake",">p1 move surf",">p2 switch 4",">p1 move protect",">p2 move seismictoss",">p1 switch 6",">p2 move seismictoss",">p1 move toxic",">p2 move wish",">p1 move seismictoss",">p2 switch 4",">p1 switch 2",">p2 move meteormash",">p1 move thunderbolt",">p2 move earthquake",">p1 switch 4",">p1 move hiddenpower",">p2 switch 6",">p1 switch 6",">p2 move earthquake",">p1 switch 6",">p1 move brickbreak",">p2 switch 5",">p2 switch 5",">p1 switch 2",">p2 move earthquake",">p1 switch 2",">p2 move earthquake",">p1 move brickbreak",">p2 switch 4",">p1 move brickbreak",">p2 switch 4",">p1 switch 2",">p2 switch 6",">p1 move seismictoss",">p2 move earthquake",">p1 switch 2",">p1 move brickbreak",">p2 switch 6",">p2 switch 4",">p1 move brickbreak",">p2 move protect",">p1 move brickbreak",">p2 move protect",">p1 move brickbreak",">p2 switch 3",">p2 switch 3",">p1 move brickbreak",">p2 move protect",">p1 move brickbreak",">p2 move protect",">p2 switch 6",">p1 move brickbreak",">p2 move explosion",">p1 switch 5",">p2 switch 2",">p1 move agility",">p2 move protect",">p1 move earthquake",">p2 move protect"],"log":["|j|☆thecrusher677","|j|☆simb","|t:|1751517050","|gametype|singles","|player|p1|thecrusher677|266|","|player|p2|simb|170|","|teamsize|p1|6","|teamsize|p2|6","|gen|3","|tier|[Gen 3] OU","|rule|Sleep Clause Mod: Limit one foe put to sleep","|rule|Switch Priority Clause Mod: Faster Pokémon switch first","|rule|Species Clause: Limit one of each Pokémon","|rule|OHKO Clause: OHKO moves are banned","|rule|Evasion Items Clause: Evasion items are banned","|rule|Evasion Moves Clause: Evasion moves are banned","|rule|Endless Battle Clause: Forcing endless battles is banned","|rule|HP Percentage Mod: HP is shown in percentages","|rule|One Boost Passer Clause: Limit one Baton Passer that has a way to boost its stats","|rule|Freeze Clause Mod: Limit one foe frozen","|","|t:|1751517050","|start","|switch|p1a: Magneton|Magneton|242/242","|switch|p2a: Salamence|Salamence, F|360/360","|-ability|p2a: Salamence|Intimidate|boost","|-unboost|p1a: Magneton|atk|1","|turn|1","|","|t:|1751517068","|move|p1a: Magneton|Protect|p1a: Magneton","|-singleturn|p1a: Magneton|Protect","|move|p2a: Salamence|Brick Break|p1a: Magneton","|-activate|p1a: Magneton|Protect","|","|upkeep","|turn|2","|","|t:|1751517078","|switch|p1a: Salamence|Salamence, M|360/360","|-ability|p1a: Salamence|Intimidate|boost","|-unboost|p2a: Salamence|atk|1","|move|p2a: Salamence|Brick Break|p1a: Salamence","|-resisted|p1a: Salamence","|-damage|p1a: Salamence|296/360","|","|upkeep","|turn|3","|","|t:|1751517084","|switch|p2a: Swampert|Swampert, F|404/404","|move|p1a: Salamence|Hidden Power|p2a: Swampert","|-damage|p2a: Swampert|212/404","|","|-heal|p2a: Swampert|237/404|[from] item: Leftovers","|upkeep","|turn|4","|","|t:|1751517091","|switch|p1a: Blissey|Blissey, F|652/652","|move|p2a: Swampert|Surf|p1a: Blissey","|-damage|p1a: Blissey|594/652","|","|-heal|p2a: Swampert|262/404|[from] item: Leftovers","|-heal|p1a: Blissey|634/652|[from] item: Leftovers","|upkeep","|turn|5","|","|t:|1751517096","|move|p2a: Swampert|Toxic|p1a: Blissey","|-status|p1a: Blissey|tox","|move|p1a: Blissey|Toxic|p2a: Swampert","|-status|p2a: Swampert|tox","|","|-heal|p2a: Swampert|287/404 tox|[from] item: Leftovers","|-damage|p2a: Swampert|262/404 tox|[from] psn","|-heal|p1a: Blissey|652/652 tox|[from] item: Leftovers","|-damage|p1a: Blissey|612/652 tox|[from] psn","|upkeep","|turn|6","|","|t:|1751517105","|move|p2a: Swampert|Surf|p1a: Blissey","|-damage|p1a: Blissey|554/652 tox","|move|p1a: Blissey|Seismic Toss|p2a: Swampert","|-damage|p2a: Swampert|162/404 tox","|","|-heal|p2a: Swampert|187/404 tox|[from] item: Leftovers","|-damage|p2a: Swampert|137/404 tox|[from] psn","|-heal|p1a: Blissey|594/652 tox|[from] item: Leftovers","|-damage|p1a: Blissey|514/652 tox|[from] psn","|upkeep","|turn|7","|","|t:|1751517110","|move|p2a: Swampert|Surf|p1a: Blissey","|-damage|p1a: Blissey|445/652 tox","|move|p1a: Blissey|Wish|p1a: Blissey","|","|-heal|p2a: Swampert|162/404 tox|[from] item: Leftovers","|-damage|p2a: Swampert|87/404 tox|[from] psn","|-heal|p1a: Blissey|485/652 tox|[from] item: Leftovers","|-damage|p1a: Blissey|365/652 tox|[from] psn","|upkeep","|turn|8","|","|t:|1751517114","|switch|p2a: Metagross|Metagross|343/343","|move|p1a: Blissey|Protect||[still]","|-fail|p1a: Blissey","|","|-heal|p1a: Blissey|652/652 tox|[from] move: Wish|[wisher] Blissey","|-damage|p1a: Blissey|492/652 tox|[from] psn","|upkeep","|turn|9","|","|t:|1751517118","|-curestatus|p1a: Blissey|tox|[from] ability: Natural Cure","|switch|p1a: Swampert|Swampert, M|404/404","|move|p2a: Metagross|Agility|p2a: Metagross","|-boost|p2a: Metagross|spe|2","|","|upkeep","|turn|10","|","|t:|1751517123","|move|p2a: Metagross|Earthquake|p1a: Swampert","|-damage|p1a: Swampert|297/404","|move|p1a: Swampert|Surf|p2a: Metagross","|-damage|p2a: Metagross|237/343","|","|-heal|p2a: Metagross|258/343|[from] item: Leftovers","|-heal|p1a: Swampert|322/404|[from] item: Leftovers","|upkeep","|turn|11","|","|t:|1751517128","|move|p1a: Swampert|Protect|p1a: Swampert","|-singleturn|p1a: Swampert|Protect","|move|p2a: Metagross|Meteor Mash|p1a: Swampert","|-activate|p1a: Swampert|Protect","|","|-heal|p2a: Metagross|279/343|[from] item: Leftovers","|-heal|p1a: Swampert|347/404|[from] item: Leftovers","|upkeep","|turn|12","|","|t:|1751517132","|move|p2a: Metagross|Earthquake|p1a: Swampert","|-crit|p1a: Swampert","|-damage|p1a: Swampert|109/404","|move|p1a: Swampert|Surf|p2a: Metagross","|-damage|p2a: Metagross|121/343","|","|-heal|p2a: Metagross|142/343|[from] item: Leftovers","|-heal|p1a: Swampert|134/404|[from] item: Leftovers","|upkeep","|turn|13","|","|t:|1751517145","|switch|p2a: Blissey|Blissey, F|652/652","|move|p1a: Swampert|Surf|p2a: Blissey","|-damage|p2a: Blissey|559/652","|","|-heal|p1a: Swampert|159/404|[from] item: Leftovers","|-heal|p2a: Blissey|599/652|[from] item: Leftovers","|upkeep","|turn|14","|","|t:|1751517150","|move|p1a: Swampert|Protect|p1a: Swampert","|-singleturn|p1a: Swampert|Protect","|move|p2a: Blissey|Seismic Toss|p1a: Swampert","|-activate|p1a: Swampert|Protect","|","|-heal|p1a: Swampert|184/404|[from] item: Leftovers","|-heal|p2a: Blissey|639/652|[from] item: Leftovers","|upkeep","|turn|15","|","|t:|1751517158","|switch|p1a: Blissey|Blissey, F|492/652","|move|p2a: Blissey|Seismic Toss|p1a: Blissey","|-damage|p1a: Blissey|392/652","|","|-heal|p2a: Blissey|652/652|[from] item: Leftovers","|-heal|p1a: Blissey|432/652|[from] item: Leftovers","|upkeep","|turn|16","|","|t:|1751517163","|move|p2a: Blissey|Wish|p2a: Blissey","|move|p1a: Blissey|Toxic|p2a: Blissey","|-status|p2a: Blissey|tox","|","|-heal|p1a: Blissey|472/652|[from] item: Leftovers","|-damage|p2a: Blissey|612/652 tox|[from] psn","|upkeep","|turn|17","|","|t:|1751517168","|-curestatus|p2a: Blissey|tox|[from] ability: Natural Cure","|switch|p2a: Metagross|Metagross|142/343","|move|p1a: Blissey|Seismic Toss|p2a: Metagross","|-damage|p2a: Metagross|42/343","|","|-heal|p2a: Metagross|213/343|[from] move: Wish|[wisher] Blissey","|-heal|p2a: Metagross|234/343|[from] item: Leftovers","|-heal|p1a: Blissey|512/652|[from] item: Leftovers","|upkeep","|turn|18","|","|t:|1751517186","|switch|p1a: Magneton|Magneton|242/242","|move|p2a: Metagross|Meteor Mash|p1a: Magneton","|-resisted|p1a: Magneton","|-damage|p1a: Magneton|193/242","|-boost|p2a: Metagross|atk|1","|","|-heal|p2a: Metagross|255/343|[from] item: Leftovers","|upkeep","|turn|19","|","|t:|1751517194","|move|p1a: Magneton|Thunderbolt|p2a: Metagross","|-damage|p2a: Metagross|41/343","|move|p2a: Metagross|Earthquake|p1a: Magneton","|-supereffective|p1a: Magneton","|-damage|p1a: Magneton|0 fnt","|faint|p1a: Magneton","|","|t:|1751517203","|switch|p1a: Salamence|Salamence, M|296/360","|-ability|p1a: Salamence|Intimidate|boost","|-fail|p2a: Metagross|unboost|[from] ability: Clear Body|[of] p2a: Metagross","|","|-heal|p2a: Metagross|62/343|[from] item: Leftovers","|upkeep","|turn|20","|","|t:|1751517212","|switch|p2a: Salamence|Salamence, F|360/360","|-ability|p2a: Salamence|Intimidate|boost","|-unboost|p1a: Salamence|atk|1","|move|p1a: Salamence|Hidden Power|p2a: Salamence","|-damage|p2a: Salamence|204/360","|","|upkeep","|turn|21","|","|t:|1751517222","|switch|p1a: Swampert|Swampert, M|184/404","|move|p2a: Salamence|Earthquake|p1a: Swampert","|-crit|p1a: Swampert","|-damage|p1a: Swampert|0 fnt","|faint|p1a: Swampert","|","|t:|1751517228","|switch|p1a: Salamence|Salamence, M|296/360","|-ability|p1a: Salamence|Intimidate|boost","|-unboost|p2a: Salamence|atk|1","|","|upkeep","|turn|22","|","|t:|1751517237","|switch|p2a: Swampert|Swampert, F|87/404 tox","|move|p1a: Salamence|Brick Break|p2a: Swampert","|-damage|p2a: Swampert|0 fnt","|faint|p2a: Swampert","|","|t:|1751517241","|switch|p2a: Salamence|Salamence, F|204/360","|-ability|p2a: Salamence|Intimidate|boost","|-unboost|p1a: Salamence|atk|1","|","|upkeep","|turn|23","|","|t:|1751517248","|switch|p1a: Blissey|Blissey, F|512/652","|move|p2a: Salamence|Earthquake|p1a: Blissey","|-damage|p1a: Blissey|114/652","|","|-heal|p1a: Blissey|154/652|[from] item: Leftovers","|upkeep","|turn|24","|","|t:|1751517252","|switch|p1a: Salamence|Salamence, M|296/360","|-ability|p1a: Salamence|Intimidate|boost","|-unboost|p2a: Salamence|atk|1","|move|p2a: Salamence|Earthquake|p1a: Salamence","|-immune|p1a: Salamence","|","|upkeep","|turn|25","|","|t:|1751517260","|switch|p2a: Blissey|Blissey, F|612/652","|move|p1a: Salamence|Brick Break|p2a: Blissey","|-supereffective|p2a: Blissey","|-damage|p2a: Blissey|1/652","|","|-heal|p2a: Blissey|41/652|[from] item: Leftovers","|upkeep","|turn|26","|","|t:|1751517264","|switch|p2a: Salamence|Salamence, F|204/360","|-ability|p2a: Salamence|Intimidate|boost","|-unboost|p1a: Salamence|atk|1","|move|p1a: Salamence|Brick Break|p2a: Salamence","|-resisted|p2a: Salamence","|-crit|p2a: Salamence","|-damage|p2a: Salamence|37/360","|","|upkeep","|turn|27","|","|t:|1751517272","|switch|p2a: Metagross|Metagross|62/343","|switch|p1a: Blissey|Blissey, F|154/652","|","|-heal|p2a: Metagross|83/343|[from] item: Leftovers","|-heal|p1a: Blissey|194/652|[from] item: Leftovers","|upkeep","|turn|28","|","|t:|1751517276","|move|p2a: Metagross|Earthquake|p1a: Blissey","|-damage|p1a: Blissey|0 fnt","|faint|p1a: Blissey","|","|t:|1751517279","|switch|p1a: Salamence|Salamence, M|296/360","|-ability|p1a: Salamence|Intimidate|boost","|-fail|p2a: Metagross|unboost|[from] ability: Clear Body|[of] p2a: Metagross","|","|-heal|p2a: Metagross|104/343|[from] item: Leftovers","|upkeep","|turn|29","|","|t:|1751517287","|switch|p2a: Salamence|Salamence, F|37/360","|-ability|p2a: Salamence|Intimidate|boost","|-unboost|p1a: Salamence|atk|1","|move|p1a: Salamence|Brick Break|p2a: Salamence","|-resisted|p2a: Salamence","|-damage|p2a: Salamence|0 fnt","|faint|p2a: Salamence","|","|t:|1751517291","|switch|p2a: Blissey|Blissey, F|41/652","|","|-heal|p2a: Blissey|81/652|[from] item: Leftovers","|upkeep","|turn|30","|","|t:|1751517295","|move|p2a: Blissey|Protect|p2a: Blissey","|-singleturn|p2a: Blissey|Protect","|move|p1a: Salamence|Brick Break|p2a: Blissey","|-activate|p2a: Blissey|Protect","|","|-heal|p2a: Blissey|121/652|[from] item: Leftovers","|upkeep","|turn|31","|","|t:|1751517299","|move|p2a: Blissey|Protect|p2a: Blissey","|-singleturn|p2a: Blissey|Protect","|move|p1a: Salamence|Brick Break|p2a: Blissey","|-activate|p2a: Blissey|Protect","|","|-heal|p2a: Blissey|161/652|[from] item: Leftovers","|upkeep","|turn|32","|","|t:|1751517304","|switch|p2a: Tyranitar|Tyranitar, F|401/401","|-weather|Sandstorm|[from] ability: Sand Stream|[of] p2a: Tyranitar","|move|p1a: Salamence|Brick Break|p2a: Tyranitar","|-supereffective|p2a: Tyranitar","|-damage|p2a: Tyranitar|0 fnt","|faint|p2a: Tyranitar","|","|t:|1751517308","|switch|p2a: Blissey|Blissey, F|161/652","|","|-weather|Sandstorm|[upkeep]","|-damage|p1a: Salamence|274/360|[from] Sandstorm","|-damage|p2a: Blissey|121/652|[from] Sandstorm","|-heal|p2a: Blissey|161/652|[from] item: Leftovers","|upkeep","|turn|33","|","|t:|1751517312","|move|p2a: Blissey|Protect|p2a: Blissey","|-singleturn|p2a: Blissey|Protect","|move|p1a: Salamence|Brick Break|p2a: Blissey","|-activate|p2a: Blissey|Protect","|","|-weather|Sandstorm|[upkeep]","|-damage|p1a: Salamence|252/360|[from] Sandstorm","|-damage|p2a: Blissey|121/652|[from] Sandstorm","|-heal|p2a: Blissey|161/652|[from] item: Leftovers","|upkeep","|turn|34","|","|t:|1751517316","|move|p2a: Blissey|Protect||[still]","|-fail|p2a: Blissey","|move|p1a: Salamence|Brick Break|p2a: Blissey","|-supereffective|p2a: Blissey","|-damage|p2a: Blissey|0 fnt","|faint|p2a: Blissey","|","|t:|1751517320","|switch|p2a: Metagross|Metagross|104/343","|","|-weather|Sandstorm|[upkeep]","|-damage|p1a: Salamence|230/360|[from] Sandstorm","|-heal|p2a: Metagross|125/343|[from] item: Leftovers","|upkeep","|turn|35","|","|t:|1751517332","|move|p1a: Salamence|Brick Break|p2a: Metagross","|-damage|p2a: Metagross|46/343","|move|p2a: Metagross|Explosion|p1a: Salamence","|-damage|p1a: Salamence|0 fnt","|faint|p2a: Metagross","|faint|p1a: Salamence","|","|t:|1751517336","|switch|p1a: Metagross|Metagross|343/343","|switch|p2a: Magneton|Magneton|242/242","|","|-weather|Sandstorm|[upkeep]","|upkeep","|turn|36","|","|t:|1751517341","|move|p2a: Magneton|Protect|p2a: Magneton","|-singleturn|p2a: Magneton|Protect","|move|p1a: Metagross|Agility|p1a: Metagross","|-boost|p1a: Metagross|spe|2","|","|-weather|Sandstorm|[upkeep]","|upkeep","|turn|37","|","|t:|1751517345","|move|p2a: Magneton|Protect||[still]","|-fail|p2a: Magneton","|move|p1a: Metagross|Earthquake|p2a: Magneton","|-supereffective|p2a: Magneton","|-crit|p2a: Magneton","|-damage|p2a: Magneton|0 fnt","|faint|p2a: Magneton","|","|win|thecrusher677",""],"p1rating":null,"p2rating":null,"endType":"normal","ladderError":true,"timestamp":"Wed Jul 02 2025 21:35:45 GMT-0700 (アメリカ太平洋夏時間)","roomid":"battle-gen3ou-718","format":"gen3ou"}