{"winner":"thecrusher677","seed":"sodium,a77c96d0a50398d8952c19fb4bc39b82","turns":37,"p1":"thecrusher677","p2":"simb","p1team":[{"name":"Magneton","species":"Magneton","item":"Magnet","ability":"Magnet Pull","moves":["Thunderbolt","Toxic","Hidden Power Fire","Protect"],"nature":"Modest","evs":{"hp":4,"atk":0,"def":0,"spa":252,"spd":0,"spe":252},"gender":"N","ivs":{"hp":31,"atk":2,"def":31,"spa":30,"spd":31,"spe":30},"happiness":255,"hpType":"Fire","pokeball":"","gigantamax":false,"dynamaxLevel":10,"teraType":"","level":100},{"name":"Salamence","species":"Salamence","item":"Choice Band","ability":"Intimidate","moves":["Earthquake","Hidden Power Flying","Brick Break","Rock Slide"],"nature":"Adamant","evs":{"hp":120,"atk":252,"def":0,"spa":0,"spd":0,"spe":136},"gender":"F","ivs":{"hp":30,"atk":30,"def":30,"spa":30,"spd":30,"spe":31},"happiness":255,"hpType":"Flying","pokeball":"","gigantamax":false,"dynamaxLevel":10,"teraType":"","level":100},{"name":"Tyranitar","species":"Tyranitar","item":"Leftovers","ability":"Sand Stream","moves":["Crunch","Pursuit","Hidden Power Grass","Fire Blast"],"nature":"Modest","evs":{"hp":240,"atk":0,"def":0,"spa":188,"spd":48,"spe":32},"gender":"F","ivs":{"hp":31,"atk":2,"def":31,"spa":30,"spd":31,"spe":31},"happiness":255,"hpType":"Grass","pokeball":"","gigantamax":false,"dynamaxLevel":10,"teraType":"","level":100},{"name":"Blissey","species":"Blissey","item":"Leftovers","ability":"Natural Cure","moves":["Seismic Toss","Wish","Protect","Toxic"],"nature":"","evs":{"hp":4,"atk":0,"def":252,"spa":0,"spd":252,"spe":0},"gender":"F","ivs":{"hp":31,"atk":0,"def":31,"spa":31,"spd":31,"spe":31},"level":100},{"name":"Metagross","species":"Metagross","item":"Leftovers","ability":"Clear Body","moves":["Agility","Meteor Mash","Earthquake","Explosion"],"nature":"Adamant","evs":{"hp":168,"atk":252,"def":0,"spa":0,"spd":0,"spe":88},"gender":"N","level":100,"ivs":{"hp":31,"atk":31,"def":31,"spa":31,"spd":31,"spe":31}},{"name":"Swampert","species":"Swampert","item":"Leftovers","ability":"Torrent","moves":["Surf","Ice Beam","Protect","Toxic"],"nature":"Bold","evs":{"hp":252,"atk":0,"def":160,"spa":0,"spd":96,"spe":0},"gender":"F","ivs":{"hp":31,"atk":0,"def":31,"spa":31,"spd":31,"spe":31},"level":100}],"p2team":[{"name":"Salamence","species":"Salamence","item":"Choice Band","ability":"Intimidate","moves":["Earthquake","Hidden Power Flying","Brick Break","Rock Slide"],"nature":"Adamant","evs":{"hp":120,"atk":252,"def":0,"spa":0,"spd":0,"spe":136},"gender":"F","ivs":{"hp":30,"atk":30,"def":30,"spa":30,"spd":30,"spe":31},"happiness":255,"hpType":"Flying","pokeball":"","gigantamax":false,"dynamaxLevel":10,"teraType":"","level":100},{"name":"Magneton","species":"Magneton","item":"Magnet","ability":"Magnet Pull","moves":["Thunderbolt","Toxic","Hidden Power Fire","Protect"],"nature":"Modest","evs":{"hp":4,"atk":0,"def":0,"spa":252,"spd":0,"spe":252},"gender":"N","ivs":{"hp":31,"atk":2,"def":31,"spa":30,"spd":31,"spe":30},"happiness":255,"hpType":"Fire","pokeball":"","gigantamax":false,"dynamaxLevel":10,"teraType":"","level":100},{"name":"Tyranitar","species":"Tyranitar","item":"Leftovers","ability":"Sand Stream","moves":["Crunch","Pursuit","Hidden Power Grass","Fire Blast"],"nature":"Modest","evs":{"hp":240,"atk":0,"def":0,"spa":188,"spd":48,"spe":32},"gender":"F","ivs":{"hp":31,"atk":2,"def":31,"spa":30,"spd":31,"spe":31},"happiness":255,"hpType":"Grass","pokeball":"","gigantamax":false,"dynamaxLevel":10,"teraType":"","level":100},{"name":"Blissey","species":"Blissey","item":"Leftovers","ability":"Natural Cure","moves":["Seismic Toss","Wish","Protect","Toxic"],"nature":"","evs":{"hp":4,"atk":0,"def":252,"spa":0,"spd":252,"spe":0},"gender":"F","ivs":{"hp":31,"atk":0,"def":31,"spa":31,"spd":31,"spe":31},"level":100},{"name":"Metagross","species":"Metagross","item":"Leftovers","ability":"Clear Body","moves":["Agility","Meteor Mash","Earthquake","Explosion"],"nature":"Adamant","evs":{"hp":168,"atk":252,"def":0,"spa":0,"spd":0,"spe":88},"gender":"N","level":100,"ivs":{"hp":31,"atk":31,"def":31,"spa":31,"spd":31,"spe":31}},{"name":"Swampert","species":"Swampert","item":"Leftovers","ability":"Torrent","moves":["Surf","Ice Beam","Protect","Toxic"],"nature":"Bold","evs":{"hp":252,"atk":0,"def":160,"spa":0,"spd":96,"spe":0},"gender":"F","ivs":{"hp":31,"atk":0,"def":31,"spa":31,"spd":31,"spe":31},"level":100}],"score":[2,0],"inputLog":[">version 372d05e49c92a79eecdf6c8dddb208bd1765c00f",">start {\"formatid\":\"gen3ou\",\"seed\":\"sodium,a77c96d0a50398d8952c19fb4bc39b82\"}",">player p1 {\"name\":\"thecrusher677\",\"avatar\":\"266\",\"team\":\"Magneton||Magnet|MagnetPull|Thunderbolt,Toxic,HiddenPowerFire,Protect|Modest|4,,,252,,252|N|,2,,30,,30|||,Fire,,,,]Salamence||ChoiceBand|Intimidate|Earthquake,HiddenPowerFlying,BrickBreak,RockSlide|Adamant|120,252,,,,136|F|30,30,30,30,30,|||,Flying,,,,]Tyranitar||Leftovers|SandStream|Crunch,Pursuit,HiddenPowerGrass,FireBlast|Modest|240,,,188,48,32|F|,2,,30,,|||,Grass,,,,]Blissey||Leftovers|NaturalCure|SeismicToss,Wish,Protect,Toxic||4,,252,,252,|F|,0,,,,|||]Metagross||Leftovers|ClearBody|Agility,MeteorMash,Earthquake,Explosion|Adamant|168,252,,,,88|N||||]Swampert||Leftovers|Torrent|Surf,IceBeam,Protect,Toxic|Bold|252,,160,,96,|F|,0,,,,|||\",\"rating\":0}",">player p2 {\"name\":\"simb\",\"avatar\":\"170\",\"team\":\"Salamence||ChoiceBand|Intimidate|Earthquake,HiddenPowerFlying,BrickBreak,RockSlide|Adamant|120,252,,,,136|F|30,30,30,30,30,|||,Flying,,,,]Magneton||Magnet|MagnetPull|Thunderbolt,Toxic,HiddenPowerFire,Protect|Modest|4,,,252,,252|N|,2,,30,,30|||,Fire,,,,]Tyranitar||Leftovers|SandStream|Crunch,Pursuit,HiddenPowerGrass,FireBlast|Modest|240,,,188,48,32|F|,2,,30,,|||,Grass,,,,]Blissey||Leftovers|NaturalCure|SeismicToss,Wish,Protect,Toxic||4,,252,,252,|F|,0,,,,|||]Metagross||Leftovers|ClearBody|Agility,MeteorMash,Earthquake,Explosion|Adamant|168,252,,,,88|N||||]Swampert||Leftovers|Torrent|Surf,IceBeam,Protect,Toxic|Bold|252,,160,,96,|F|,0,,,,|||\",\"rating\":0}",">p1 move protect",">p2 move brickbreak",">p1 switch 2",">p2 move brickbreak",">p1 move hiddenpower",">p2 switch 6",">p1 switch 4",">p2 move surf",">p1 move toxic",">p2 move toxic",">p1 move seismictoss",">p2 move toxic",">p1 move wish",">p2 move surf",">p1 move seismictoss",">p2 move icebeam",">p2 switch 5",">p1 switch 6",">p2 move earthquake",">p1 move surf",">p2 move meteormash",">p1 move protect",">p2 switch 4",">p1 move protect",">p2 move seismictoss",">p1 switch 6",">p2 move seismictoss",">p1 move toxic",">p2 move seismictoss",">p1 move toxic",">p2 move seismictoss",">p1 move wish",">p2 move seismictoss",">p1 move toxic",">p2 switch 4",">p1 switch 6",">p2 move meteormash",">p1 move protect",">p2 move meteormash",">p1 move surf",">p2 move meteormash",">p1 move surf",">p2 move explosion",">p1 switch 4",">p2 switch 4",">p1 move brickbreak",">p2 move protect",">p1 move brickbreak",">p2 move seismictoss",">p1 move brickbreak",">p2 switch 6",">p1 switch 2",">p2 move earthquake",">p1 switch 2",">p1 move brickbreak",">p2 switch 6",">p2 switch 2",">p1 move brickbreak",">p2 switch 6",">p1 switch 5",">p2 move earthquake",">p1 switch 5",">p2 switch 6",">p1 move brickbreak",">p2 switch 6",">p1 switch 5",">p2 move earthquake",">p1 switch 5",">p1 move brickbreak",">p2 switch 6",">p2 switch 6",">p1 switch 6",">p2 move earthquake",">p1 switch 6",">p2 move earthquake",">p1 move brickbreak",">p2 switch 3",">p2 switch 3",">p1 switch 6",">p2 move rockslide",">p1 switch 3",">p1 move crunch",">p2 move rockslide"],"log":["|j|☆thecrusher677","|j|☆simb","|t:|1751507445","|gametype|singles","|player|p1|thecrusher677|266|","|player|p2|simb|170|","|teamsize|p1|6","|teamsize|p2|6","|gen|3","|tier|[Gen 3] OU","|rule|Sleep Clause Mod: Limit one foe put to sleep","|rule|Switch Priority Clause Mod: Faster Pokémon switch first","|rule|Species Clause: Limit one of each Pokémon","|rule|OHKO Clause: OHKO moves are banned","|rule|Evasion Items Clause: Evasion items are banned","|rule|Evasion Moves Clause: Evasion moves are banned","|rule|Endless Battle Clause: Forcing endless battles is banned","|rule|HP Percentage Mod: HP is shown in percentages","|rule|One Boost Passer Clause: Limit one Baton Passer that has a way to boost its stats","|rule|Freeze Clause Mod: Limit one foe frozen","|","|t:|1751507445","|start","|switch|p1a: Magneton|Magneton|242/242","|switch|p2a: Salamence|Salamence, F|360/360","|-ability|p2a: Salamence|Intimidate|boost","|-unboost|p1a: Magneton|atk|1","|turn|1","|","|t:|1751507471","|move|p1a: Magneton|Protect|p1a: Magneton","|-singleturn|p1a: Magneton|Protect","|move|p2a: Salamence|Brick Break|p1a: Magneton","|-activate|p1a: Magneton|Protect","|","|upkeep","|turn|2","|","|t:|1751507510","|switch|p1a: Salamence|Salamence, F|360/360","|-ability|p1a: Salamence|Intimidate|boost","|-unboost|p2a: Salamence|atk|1","|move|p2a: Salamence|Brick Break|p1a: Salamence","|-resisted|p1a: Salamence","|-damage|p1a: Salamence|296/360","|","|upkeep","|turn|3","|","|t:|1751507532","|switch|p2a: Swampert|Swampert, F|404/404","|move|p1a: Salamence|Hidden Power|p2a: Swampert","|-damage|p2a: Swampert|222/404","|","|-heal|p2a: Swampert|247/404|[from] item: Leftovers","|upkeep","|turn|4","|","|t:|1751507618","|switch|p1a: Blissey|Blissey, F|652/652","|move|p2a: Swampert|Surf|p1a: Blissey","|-damage|p1a: Blissey|591/652","|","|-heal|p2a: Swampert|272/404|[from] item: Leftovers","|-heal|p1a: Blissey|631/652|[from] item: Leftovers","|upkeep","|turn|5","|","|t:|1751507646","|move|p2a: Swampert|Toxic|p1a: Blissey|[miss]","|-miss|p2a: Swampert|p1a: Blissey","|move|p1a: Blissey|Toxic|p2a: Swampert","|-status|p2a: Swampert|tox","|","|-heal|p2a: Swampert|297/404 tox|[from] item: Leftovers","|-damage|p2a: Swampert|272/404 tox|[from] psn","|-heal|p1a: Blissey|652/652|[from] item: Leftovers","|upkeep","|turn|6","|","|t:|1751507666","|move|p2a: Swampert|Toxic|p1a: Blissey","|-status|p1a: Blissey|tox","|move|p1a: Blissey|Seismic Toss|p2a: Swampert","|-damage|p2a: Swampert|172/404 tox","|","|-heal|p2a: Swampert|197/404 tox|[from] item: Leftovers","|-damage|p2a: Swampert|147/404 tox|[from] psn","|-damage|p1a: Blissey|612/652 tox|[from] psn","|upkeep","|turn|7","|","|t:|1751507695","|move|p2a: Swampert|Surf|p1a: Blissey","|-damage|p1a: Blissey|552/652 tox","|move|p1a: Blissey|Wish|p1a: Blissey","|","|-heal|p2a: Swampert|172/404 tox|[from] item: Leftovers","|-damage|p2a: Swampert|97/404 tox|[from] psn","|-heal|p1a: Blissey|592/652 tox|[from] item: Leftovers","|-damage|p1a: Blissey|512/652 tox|[from] psn","|upkeep","|turn|8","|","|t:|1751507707","|move|p2a: Swampert|Ice Beam|p1a: Blissey","|-damage|p1a: Blissey|471/652 tox","|move|p1a: Blissey|Seismic Toss|p2a: Swampert","|-damage|p2a: Swampert|0 fnt","|faint|p2a: Swampert","|","|t:|1751507719","|switch|p2a: Metagross|Metagross|343/343","|","|-heal|p1a: Blissey|652/652 tox|[from] move: Wish|[wisher] Blissey","|-damage|p1a: Blissey|532/652 tox|[from] psn","|upkeep","|turn|9","|","|t:|1751507761","|-curestatus|p1a: Blissey|tox|[from] ability: Natural Cure","|switch|p1a: Swampert|Swampert, F|404/404","|move|p2a: Metagross|Earthquake|p1a: Swampert","|-damage|p1a: Swampert|294/404","|","|-heal|p1a: Swampert|319/404|[from] item: Leftovers","|upkeep","|turn|10","|","|t:|1751507791","|move|p2a: Metagross|Meteor Mash|p1a: Swampert","|-resisted|p1a: Swampert","|-crit|p1a: Swampert","|-damage|p1a: Swampert|159/404","|move|p1a: Swampert|Surf|p2a: Metagross","|-damage|p2a: Metagross|244/343","|","|-heal|p2a: Metagross|265/343|[from] item: Leftovers","|-heal|p1a: Swampert|184/404|[from] item: Leftovers","|upkeep","|turn|11","|","|t:|1751507819","|switch|p2a: Blissey|Blissey, F|652/652","|move|p1a: Swampert|Protect||[still]","|-fail|p1a: Swampert","|","|-heal|p1a: Swampert|209/404|[from] item: Leftovers","|upkeep","|turn|12","|","|t:|1751507831","|move|p1a: Swampert|Protect|p1a: Swampert","|-singleturn|p1a: Swampert|Protect","|move|p2a: Blissey|Seismic Toss|p1a: Swampert","|-activate|p1a: Swampert|Protect","|","|-heal|p1a: Swampert|234/404|[from] item: Leftovers","|upkeep","|turn|13","|","|t:|1751507845","|switch|p1a: Blissey|Blissey, F|532/652","|move|p2a: Blissey|Seismic Toss|p1a: Blissey","|-damage|p1a: Blissey|432/652","|","|-heal|p1a: Blissey|472/652|[from] item: Leftovers","|upkeep","|turn|14","|","|t:|1751507878","|move|p1a: Blissey|Toxic|p2a: Blissey|[miss]","|-miss|p1a: Blissey|p2a: Blissey","|move|p2a: Blissey|Seismic Toss|p1a: Blissey","|-damage|p1a: Blissey|372/652","|","|-heal|p1a: Blissey|412/652|[from] item: Leftovers","|upkeep","|turn|15","|","|t:|1751507900","|move|p2a: Blissey|Seismic Toss|p1a: Blissey","|-damage|p1a: Blissey|312/652","|move|p1a: Blissey|Toxic|p2a: Blissey|[miss]","|-miss|p1a: Blissey|p2a: Blissey","|","|-heal|p1a: Blissey|352/652|[from] item: Leftovers","|upkeep","|turn|16","|","|t:|1751507911","|move|p1a: Blissey|Wish|p1a: Blissey","|move|p2a: Blissey|Seismic Toss|p1a: Blissey","|-damage|p1a: Blissey|252/652","|","|-heal|p1a: Blissey|292/652|[from] item: Leftovers","|upkeep","|turn|17","|","|t:|1751507923","|switch|p2a: Metagross|Metagross|265/343","|move|p1a: Blissey|Toxic|p2a: Metagross","|-immune|p2a: Metagross","|","|-heal|p1a: Blissey|618/652|[from] move: Wish|[wisher] Blissey","|-heal|p2a: Metagross|286/343|[from] item: Leftovers","|-heal|p1a: Blissey|652/652|[from] item: Leftovers","|upkeep","|turn|18","|","|t:|1751507938","|switch|p1a: Swampert|Swampert, F|234/404","|move|p2a: Metagross|Meteor Mash|p1a: Swampert","|-resisted|p1a: Swampert","|-crit|p1a: Swampert","|-damage|p1a: Swampert|73/404","|","|-heal|p2a: Metagross|307/343|[from] item: Leftovers","|-heal|p1a: Swampert|98/404|[from] item: Leftovers","|upkeep","|turn|19","|","|t:|1751507950","|move|p1a: Swampert|Protect|p1a: Swampert","|-singleturn|p1a: Swampert|Protect","|move|p2a: Metagross|Meteor Mash|p1a: Swampert","|-activate|p1a: Swampert|Protect","|","|-heal|p2a: Metagross|328/343|[from] item: Leftovers","|-heal|p1a: Swampert|123/404|[from] item: Leftovers","|upkeep","|turn|20","|","|t:|1751507961","|move|p2a: Metagross|Meteor Mash|p1a: Swampert","|-resisted|p1a: Swampert","|-damage|p1a: Swampert|43/404","|-boost|p2a: Metagross|atk|1","|move|p1a: Swampert|Surf|p2a: Metagross","|-damage|p2a: Metagross|160/343","|","|-heal|p2a: Metagross|181/343|[from] item: Leftovers","|-heal|p1a: Swampert|68/404|[from] item: Leftovers","|upkeep","|turn|21","|","|t:|1751507973","|move|p2a: Metagross|Explosion|p1a: Swampert","|-crit|p1a: Swampert","|-damage|p1a: Swampert|0 fnt","|faint|p2a: Metagross","|faint|p1a: Swampert","|","|t:|1751507986","|switch|p2a: Blissey|Blissey, F|652/652","|switch|p1a: Salamence|Salamence, F|296/360","|-ability|p1a: Salamence|Intimidate|boost","|-unboost|p2a: Blissey|atk|1","|","|upkeep","|turn|22","|","|t:|1751508006","|move|p2a: Blissey|Protect|p2a: Blissey","|-singleturn|p2a: Blissey|Protect","|move|p1a: Salamence|Brick Break|p2a: Blissey","|-activate|p2a: Blissey|Protect","|","|upkeep","|turn|23","|","|t:|1751508164","|move|p1a: Salamence|Brick Break|p2a: Blissey","|-supereffective|p2a: Blissey","|-damage|p2a: Blissey|73/652","|move|p2a: Blissey|Seismic Toss|p1a: Salamence","|-damage|p1a: Salamence|196/360","|","|-heal|p2a: Blissey|113/652|[from] item: Leftovers","|upkeep","|turn|24","|","|t:|1751508180","|switch|p2a: Salamence|Salamence, F|360/360","|-ability|p2a: Salamence|Intimidate|boost","|-unboost|p1a: Salamence|atk|1","|move|p1a: Salamence|Brick Break|p2a: Salamence","|-resisted|p2a: Salamence","|-damage|p2a: Salamence|300/360","|","|upkeep","|turn|25","|","|t:|1751508197","|switch|p1a: Magneton|Magneton|242/242","|move|p2a: Salamence|Earthquake|p1a: Magneton","|-supereffective|p1a: Magneton","|-damage|p1a: Magneton|0 fnt","|faint|p1a: Magneton","|","|t:|1751508210","|switch|p1a: Salamence|Salamence, F|196/360","|-ability|p1a: Salamence|Intimidate|boost","|-unboost|p2a: Salamence|atk|1","|","|upkeep","|turn|26","|","|t:|1751508234","|switch|p2a: Blissey|Blissey, F|113/652","|move|p1a: Salamence|Brick Break|p2a: Blissey","|-supereffective|p2a: Blissey","|-damage|p2a: Blissey|0 fnt","|faint|p2a: Blissey","|","|t:|1751508245","|switch|p2a: Magneton|Magneton|242/242","|","|upkeep","|turn|27","|","|t:|1751508311","|switch|p2a: Salamence|Salamence, F|300/360","|-ability|p2a: Salamence|Intimidate|boost","|-unboost|p1a: Salamence|atk|1","|move|p1a: Salamence|Brick Break|p2a: Salamence","|-resisted|p2a: Salamence","|-damage|p2a: Salamence|236/360","|","|upkeep","|turn|28","|","|t:|1751508353","|switch|p1a: Metagross|Metagross|343/343","|move|p2a: Salamence|Earthquake|p1a: Metagross","|-supereffective|p1a: Metagross","|-damage|p1a: Metagross|46/343","|","|-heal|p1a: Metagross|67/343|[from] item: Leftovers","|upkeep","|turn|29","|","|t:|1751508365","|switch|p2a: Magneton|Magneton|242/242","|switch|p1a: Salamence|Salamence, F|196/360","|-ability|p1a: Salamence|Intimidate|boost","|-unboost|p2a: Magneton|atk|1","|","|upkeep","|turn|30","|","|t:|1751508377","|switch|p2a: Salamence|Salamence, F|236/360","|-ability|p2a: Salamence|Intimidate|boost","|-unboost|p1a: Salamence|atk|1","|move|p1a: Salamence|Brick Break|p2a: Salamence","|-resisted|p2a: Salamence","|-damage|p2a: Salamence|173/360","|","|upkeep","|turn|31","|","|t:|1751508388","|switch|p1a: Metagross|Metagross|67/343","|move|p2a: Salamence|Earthquake|p1a: Metagross","|-supereffective|p1a: Metagross","|-damage|p1a: Metagross|0 fnt","|faint|p1a: Metagross","|","|t:|1751508393","|switch|p1a: Salamence|Salamence, F|196/360","|-ability|p1a: Salamence|Intimidate|boost","|-unboost|p2a: Salamence|atk|1","|","|upkeep","|turn|32","|","|t:|1751508400","|switch|p2a: Magneton|Magneton|242/242","|move|p1a: Salamence|Brick Break|p2a: Magneton","|-supereffective|p2a: Magneton","|-damage|p2a: Magneton|0 fnt","|faint|p2a: Magneton","|","|t:|1751508411","|switch|p2a: Salamence|Salamence, F|173/360","|-ability|p2a: Salamence|Intimidate|boost","|-unboost|p1a: Salamence|atk|1","|","|upkeep","|turn|33","|","|t:|1751508428","|switch|p1a: Blissey|Blissey, F|652/652","|move|p2a: Salamence|Earthquake|p1a: Blissey","|-damage|p1a: Blissey|228/652","|","|-heal|p1a: Blissey|268/652|[from] item: Leftovers","|upkeep","|turn|34","|","|t:|1751508434","|switch|p1a: Salamence|Salamence, F|196/360","|-ability|p1a: Salamence|Intimidate|boost","|-unboost|p2a: Salamence|atk|1","|move|p2a: Salamence|Earthquake|p1a: Salamence","|-immune|p1a: Salamence","|","|upkeep","|turn|35","|","|t:|1751508442","|switch|p2a: Tyranitar|Tyranitar, F|401/401","|-weather|Sandstorm|[from] ability: Sand Stream|[of] p2a: Tyranitar","|move|p1a: Salamence|Brick Break|p2a: Tyranitar","|-supereffective|p2a: Tyranitar","|-damage|p2a: Tyranitar|0 fnt","|faint|p2a: Tyranitar","|","|t:|1751508442","|switch|p2a: Salamence|Salamence, F|173/360","|-ability|p2a: Salamence|Intimidate|boost","|-unboost|p1a: Salamence|atk|1","|","|-weather|Sandstorm|[upkeep]","|-damage|p1a: Salamence|174/360|[from] Sandstorm","|-damage|p2a: Salamence|151/360|[from] Sandstorm","|upkeep","|turn|36","|","|t:|1751508512","|switch|p1a: Blissey|Blissey, F|268/652","|move|p2a: Salamence|Rock Slide|p1a: Blissey","|-damage|p1a: Blissey|0 fnt","|faint|p1a: Blissey","|","|t:|1751508518","|switch|p1a: Tyranitar|Tyranitar, F|401/401","|","|-weather|Sandstorm|[upkeep]","|-damage|p2a: Salamence|129/360|[from] Sandstorm","|upkeep","|turn|37","|","|t:|1751508523","|move|p2a: Salamence|Rock Slide|p1a: Tyranitar|[miss]","|-miss|p2a: Salamence|p1a: Tyranitar","|move|p1a: Tyranitar|Crunch|p2a: Salamence","|-damage|p2a: Salamence|0 fnt","|faint|p2a: Salamence","|","|win|thecrusher677",""],"p1rating":null,"p2rating":null,"endType":"normal","ladderError":true,"timestamp":"Wed Jul 02 2025 19:08:43 GMT-0700 (アメリカ太平洋夏時間)","roomid":"battle-gen3ou-706","format":"gen3ou"}