{"winner":"simb","seed":"sodium,88a993a62c973ffb342d281687541f8c","turns":29,"p1":"thecrusher677","p2":"simb","p1team":[{"name":"Magneton","species":"Magneton","item":"Magnet","ability":"Magnet Pull","moves":["Thunderbolt","Toxic","Hidden Power Fire","Protect"],"nature":"Modest","evs":{"hp":4,"atk":0,"def":0,"spa":252,"spd":0,"spe":252},"gender":"N","ivs":{"hp":31,"atk":2,"def":31,"spa":30,"spd":31,"spe":30},"happiness":255,"hpType":"Fire","pokeball":"","gigantamax":false,"dynamaxLevel":10,"teraType":"","level":100},{"name":"Salamence","species":"Salamence","item":"Choice Band","ability":"Intimidate","moves":["Earthquake","Hidden Power Flying","Brick Break","Rock Slide"],"nature":"Adamant","evs":{"hp":120,"atk":252,"def":0,"spa":0,"spd":0,"spe":136},"gender":"F","ivs":{"hp":30,"atk":30,"def":30,"spa":30,"spd":30,"spe":31},"happiness":255,"hpType":"Flying","pokeball":"","gigantamax":false,"dynamaxLevel":10,"teraType":"","level":100},{"name":"Tyranitar","species":"Tyranitar","item":"Leftovers","ability":"Sand Stream","moves":["Crunch","Pursuit","Hidden Power Grass","Fire Blast"],"nature":"Modest","evs":{"hp":240,"atk":0,"def":0,"spa":188,"spd":48,"spe":32},"gender":"F","ivs":{"hp":31,"atk":2,"def":31,"spa":30,"spd":31,"spe":31},"happiness":255,"hpType":"Grass","pokeball":"","gigantamax":false,"dynamaxLevel":10,"teraType":"","level":100},{"name":"Blissey","species":"Blissey","item":"Leftovers","ability":"Natural Cure","moves":["Seismic Toss","Wish","Protect","Toxic"],"nature":"","evs":{"hp":4,"atk":0,"def":252,"spa":0,"spd":252,"spe":0},"gender":"F","ivs":{"hp":31,"atk":0,"def":31,"spa":31,"spd":31,"spe":31},"level":100},{"name":"Metagross","species":"Metagross","item":"Leftovers","ability":"Clear Body","moves":["Agility","Meteor Mash","Earthquake","Explosion"],"nature":"Adamant","evs":{"hp":168,"atk":252,"def":0,"spa":0,"spd":0,"spe":88},"gender":"N","level":100,"ivs":{"hp":31,"atk":31,"def":31,"spa":31,"spd":31,"spe":31}},{"name":"Swampert","species":"Swampert","item":"Leftovers","ability":"Torrent","moves":["Surf","Ice Beam","Protect","Toxic"],"nature":"Bold","evs":{"hp":252,"atk":0,"def":160,"spa":0,"spd":96,"spe":0},"gender":"F","ivs":{"hp":31,"atk":0,"def":31,"spa":31,"spd":31,"spe":31},"level":100}],"p2team":[{"name":"Salamence","species":"Salamence","item":"Choice Band","ability":"Intimidate","moves":["Earthquake","Hidden Power Flying","Brick Break","Rock Slide"],"nature":"Adamant","evs":{"hp":120,"atk":252,"def":0,"spa":0,"spd":0,"spe":136},"gender":"M","ivs":{"hp":30,"atk":30,"def":30,"spa":30,"spd":30,"spe":31},"happiness":255,"hpType":"Flying","pokeball":"","gigantamax":false,"dynamaxLevel":10,"teraType":"","level":100},{"name":"Magneton","species":"Magneton","item":"Magnet","ability":"Magnet Pull","moves":["Thunderbolt","Toxic","Hidden Power Fire","Protect"],"nature":"Modest","evs":{"hp":4,"atk":0,"def":0,"spa":252,"spd":0,"spe":252},"gender":"N","ivs":{"hp":31,"atk":2,"def":31,"spa":30,"spd":31,"spe":30},"happiness":255,"hpType":"Fire","pokeball":"","gigantamax":false,"dynamaxLevel":10,"teraType":"","level":100},{"name":"Tyranitar","species":"Tyranitar","item":"Leftovers","ability":"Sand Stream","moves":["Crunch","Pursuit","Hidden Power Grass","Fire Blast"],"nature":"Modest","evs":{"hp":240,"atk":0,"def":0,"spa":188,"spd":48,"spe":32},"gender":"F","ivs":{"hp":31,"atk":2,"def":31,"spa":30,"spd":31,"spe":31},"happiness":255,"hpType":"Grass","pokeball":"","gigantamax":false,"dynamaxLevel":10,"teraType":"","level":100},{"name":"Blissey","species":"Blissey","item":"Leftovers","ability":"Natural Cure","moves":["Seismic Toss","Wish","Protect","Toxic"],"nature":"","evs":{"hp":4,"atk":0,"def":252,"spa":0,"spd":252,"spe":0},"gender":"F","ivs":{"hp":31,"atk":0,"def":31,"spa":31,"spd":31,"spe":31},"level":100},{"name":"Metagross","species":"Metagross","item":"Leftovers","ability":"Clear Body","moves":["Agility","Meteor Mash","Earthquake","Explosion"],"nature":"Adamant","evs":{"hp":168,"atk":252,"def":0,"spa":0,"spd":0,"spe":88},"gender":"N","level":100,"ivs":{"hp":31,"atk":31,"def":31,"spa":31,"spd":31,"spe":31}},{"name":"Swampert","species":"Swampert","item":"Leftovers","ability":"Torrent","moves":["Surf","Ice Beam","Protect","Toxic"],"nature":"Bold","evs":{"hp":252,"atk":0,"def":160,"spa":0,"spd":96,"spe":0},"gender":"M","ivs":{"hp":31,"atk":0,"def":31,"spa":31,"spd":31,"spe":31},"level":100}],"score":[5,2],"inputLog":[">version 372d05e49c92a79eecdf6c8dddb208bd1765c00f",">start {\"formatid\":\"gen3ou\",\"seed\":\"sodium,88a993a62c973ffb342d281687541f8c\"}",">player p1 {\"name\":\"thecrusher677\",\"avatar\":\"266\",\"team\":\"Magneton||Magnet|MagnetPull|Thunderbolt,Toxic,HiddenPowerFire,Protect|Modest|4,,,252,,252|N|,2,,30,,30|||,Fire,,,,]Salamence||ChoiceBand|Intimidate|Earthquake,HiddenPowerFlying,BrickBreak,RockSlide|Adamant|120,252,,,,136|F|30,30,30,30,30,|||,Flying,,,,]Tyranitar||Leftovers|SandStream|Crunch,Pursuit,HiddenPowerGrass,FireBlast|Modest|240,,,188,48,32|F|,2,,30,,|||,Grass,,,,]Blissey||Leftovers|NaturalCure|SeismicToss,Wish,Protect,Toxic||4,,252,,252,|F|,0,,,,|||]Metagross||Leftovers|ClearBody|Agility,MeteorMash,Earthquake,Explosion|Adamant|168,252,,,,88|N||||]Swampert||Leftovers|Torrent|Surf,IceBeam,Protect,Toxic|Bold|252,,160,,96,|F|,0,,,,|||\",\"rating\":0}",">player p2 {\"name\":\"simb\",\"avatar\":\"170\",\"team\":\"Salamence||ChoiceBand|Intimidate|Earthquake,HiddenPowerFlying,BrickBreak,RockSlide|Adamant|120,252,,,,136|M|30,30,30,30,30,|||,Flying,,,,]Magneton||Magnet|MagnetPull|Thunderbolt,Toxic,HiddenPowerFire,Protect|Modest|4,,,252,,252|N|,2,,30,,30|||,Fire,,,,]Tyranitar||Leftovers|SandStream|Crunch,Pursuit,HiddenPowerGrass,FireBlast|Modest|240,,,188,48,32|F|,2,,30,,|||,Grass,,,,]Blissey||Leftovers|NaturalCure|SeismicToss,Wish,Protect,Toxic||4,,252,,252,|F|,0,,,,|||]Metagross||Leftovers|ClearBody|Agility,MeteorMash,Earthquake,Explosion|Adamant|168,252,,,,88|N||||]Swampert||Leftovers|Torrent|Surf,IceBeam,Protect,Toxic|Bold|252,,160,,96,|M|,0,,,,|||\",\"rating\":0}",">p1 move protect",">p2 move brickbreak",">p1 switch 5",">p2 move brickbreak",">p1 move explosion",">p2 switch 6",">p1 switch 3",">p2 switch 6",">p1 switch 2",">p2 move earthquake",">p1 move hiddenpower",">p2 move earthquake",">p1 move hiddenpower",">p2 switch 5",">p1 switch 6",">p2 move earthquake",">p1 move surf",">p2 move meteormash",">p1 move surf",">p2 move earthquake",">p1 move protect",">p2 move explosion",">p2 switch 4",">p1 move toxic",">p2 move toxic",">p1 switch 6",">p2 move seismictoss",">p1 move brickbreak",">p2 switch 5",">p2 switch 5",">p1 switch 4",">p2 move seismictoss",">p1 move toxic",">p2 move toxic",">p1 move wish",">p2 switch 2",">p1 move seismictoss",">p2 move toxic",">p1 move seismictoss",">p2 move thunderbolt",">p1 switch 6",">p2 switch 2",">p1 move toxic",">p2 move wish",">p1 move surf",">p2 move seismictoss",">p1 switch 6",">p2 move seismictoss",">p1 move wish",">p2 switch 2",">p1 move toxic",">p2 switch 2",">p1 move seismictoss",">p2 switch 2",">p2 switch 2",">p1 move toxic",">p2 move toxic",">p1 move toxic",">p2 move seismictoss",">p1 move protect",">p2 move seismictoss",">forcelose p1"],"log":["|j|☆thecrusher677","|j|☆simb","|t:|1751516050","|gametype|singles","|player|p1|thecrusher677|266|","|player|p2|simb|170|","|teamsize|p1|6","|teamsize|p2|6","|gen|3","|tier|[Gen 3] OU","|rule|Sleep Clause Mod: Limit one foe put to sleep","|rule|Switch Priority Clause Mod: Faster Pokémon switch first","|rule|Species Clause: Limit one of each Pokémon","|rule|OHKO Clause: OHKO moves are banned","|rule|Evasion Items Clause: Evasion items are banned","|rule|Evasion Moves Clause: Evasion moves are banned","|rule|Endless Battle Clause: Forcing endless battles is banned","|rule|HP Percentage Mod: HP is shown in percentages","|rule|One Boost Passer Clause: Limit one Baton Passer that has a way to boost its stats","|rule|Freeze Clause Mod: Limit one foe frozen","|","|t:|1751516050","|start","|switch|p1a: Magneton|Magneton|242/242","|switch|p2a: Salamence|Salamence, M|360/360","|-ability|p2a: Salamence|Intimidate|boost","|-unboost|p1a: Magneton|atk|1","|turn|1","|","|t:|1751516095","|move|p1a: Magneton|Protect|p1a: Magneton","|-singleturn|p1a: Magneton|Protect","|move|p2a: Salamence|Brick Break|p1a: Magneton","|-activate|p1a: Magneton|Protect","|","|upkeep","|turn|2","|","|t:|1751516255","|switch|p1a: Metagross|Metagross|343/343","|move|p2a: Salamence|Brick Break|p1a: Metagross","|-damage|p1a: Metagross|232/343","|","|-heal|p1a: Metagross|253/343|[from] item: Leftovers","|upkeep","|turn|3","|","|t:|1751516305","|switch|p2a: Swampert|Swampert, M|404/404","|move|p1a: Metagross|Explosion|p2a: Swampert","|-damage|p2a: Swampert|0 fnt","|faint|p1a: Metagross","|faint|p2a: Swampert","|","|t:|1751516342","|switch|p1a: Tyranitar|Tyranitar, F|401/401","|switch|p2a: Salamence|Salamence, M|360/360","|-ability|p2a: Salamence|Intimidate|boost","|-unboost|p1a: Tyranitar|atk|1","|-weather|Sandstorm|[from] ability: Sand Stream|[of] p1a: Tyranitar","|","|-weather|Sandstorm|[upkeep]","|-damage|p2a: Salamence|338/360|[from] Sandstorm","|upkeep","|turn|4","|","|t:|1751516351","|switch|p1a: Salamence|Salamence, F|360/360","|-ability|p1a: Salamence|Intimidate|boost","|-unboost|p2a: Salamence|atk|1","|move|p2a: Salamence|Earthquake|p1a: Salamence","|-immune|p1a: Salamence","|","|-weather|Sandstorm|[upkeep]","|-damage|p2a: Salamence|316/360|[from] Sandstorm","|-damage|p1a: Salamence|338/360|[from] Sandstorm","|upkeep","|turn|5","|","|t:|1751516390","|move|p1a: Salamence|Hidden Power|p2a: Salamence","|-damage|p2a: Salamence|74/360","|move|p2a: Salamence|Earthquake|p1a: Salamence","|-immune|p1a: Salamence","|","|-weather|Sandstorm|[upkeep]","|-damage|p1a: Salamence|316/360|[from] Sandstorm","|-damage|p2a: Salamence|52/360|[from] Sandstorm","|upkeep","|turn|6","|","|t:|1751516394","|switch|p2a: Metagross|Metagross|343/343","|move|p1a: Salamence|Hidden Power|p2a: Metagross","|-resisted|p2a: Metagross","|-damage|p2a: Metagross|262/343","|","|-weather|Sandstorm|[upkeep]","|-damage|p1a: Salamence|294/360|[from] Sandstorm","|-heal|p2a: Metagross|283/343|[from] item: Leftovers","|upkeep","|turn|7","|","|t:|1751516406","|switch|p1a: Swampert|Swampert, F|404/404","|move|p2a: Metagross|Earthquake|p1a: Swampert","|-damage|p1a: Swampert|297/404","|","|-weather|Sandstorm|[upkeep]","|-heal|p2a: Metagross|304/343|[from] item: Leftovers","|-heal|p1a: Swampert|322/404|[from] item: Leftovers","|upkeep","|turn|8","|","|t:|1751516412","|move|p2a: Metagross|Meteor Mash|p1a: Swampert|[miss]","|-miss|p2a: Metagross|p1a: Swampert","|move|p1a: Swampert|Surf|p2a: Metagross","|-damage|p2a: Metagross|196/343","|","|-weather|Sandstorm|[upkeep]","|-heal|p2a: Metagross|217/343|[from] item: Leftovers","|-heal|p1a: Swampert|347/404|[from] item: Leftovers","|upkeep","|turn|9","|","|t:|1751516428","|move|p2a: Metagross|Earthquake|p1a: Swampert","|-damage|p1a: Swampert|240/404","|move|p1a: Swampert|Surf|p2a: Metagross","|-damage|p2a: Metagross|105/343","|","|-weather|Sandstorm|[upkeep]","|-heal|p2a: Metagross|126/343|[from] item: Leftovers","|-heal|p1a: Swampert|265/404|[from] item: Leftovers","|upkeep","|turn|10","|","|t:|1751516457","|move|p1a: Swampert|Protect|p1a: Swampert","|-singleturn|p1a: Swampert|Protect","|move|p2a: Metagross|Explosion|p1a: Swampert","|-activate|p1a: Swampert|Protect","|faint|p2a: Metagross","|","|t:|1751516461","|switch|p2a: Blissey|Blissey, F|652/652","|","|-weather|Sandstorm|[upkeep]","|-damage|p2a: Blissey|612/652|[from] Sandstorm","|-heal|p1a: Swampert|290/404|[from] item: Leftovers","|-heal|p2a: Blissey|652/652|[from] item: Leftovers","|upkeep","|turn|11","|","|t:|1751516473","|move|p1a: Swampert|Toxic|p2a: Blissey","|-status|p2a: Blissey|tox","|move|p2a: Blissey|Toxic|p1a: Swampert","|-status|p1a: Swampert|tox","|","|-weather|Sandstorm|[upkeep]","|-damage|p2a: Blissey|612/652 tox|[from] Sandstorm","|-heal|p1a: Swampert|315/404 tox|[from] item: Leftovers","|-damage|p1a: Swampert|290/404 tox|[from] psn","|-heal|p2a: Blissey|652/652 tox|[from] item: Leftovers","|-damage|p2a: Blissey|612/652 tox|[from] psn","|upkeep","|turn|12","|","|t:|1751516480","|switch|p1a: Salamence|Salamence, F|294/360","|-ability|p1a: Salamence|Intimidate|boost","|-unboost|p2a: Blissey|atk|1","|move|p2a: Blissey|Seismic Toss|p1a: Salamence","|-damage|p1a: Salamence|194/360","|","|-weather|Sandstorm|[upkeep]","|-damage|p1a: Salamence|172/360|[from] Sandstorm","|-damage|p2a: Blissey|572/652 tox|[from] Sandstorm","|-heal|p2a: Blissey|612/652 tox|[from] item: Leftovers","|-damage|p2a: Blissey|532/652 tox|[from] psn","|upkeep","|turn|13","|","|t:|1751516489","|-curestatus|p2a: Blissey|tox|[from] ability: Natural Cure","|switch|p2a: Salamence|Salamence, M|52/360","|-ability|p2a: Salamence|Intimidate|boost","|-unboost|p1a: Salamence|atk|1","|move|p1a: Salamence|Brick Break|p2a: Salamence","|-resisted|p2a: Salamence","|-damage|p2a: Salamence|0 fnt","|faint|p2a: Salamence","|","|t:|1751516493","|switch|p2a: Blissey|Blissey, F|532/652","|","|-weather|Sandstorm|[upkeep]","|-damage|p1a: Salamence|150/360|[from] Sandstorm","|-damage|p2a: Blissey|492/652|[from] Sandstorm","|-heal|p2a: Blissey|532/652|[from] item: Leftovers","|upkeep","|turn|14","|","|t:|1751516500","|switch|p1a: Blissey|Blissey, F|652/652","|move|p2a: Blissey|Seismic Toss|p1a: Blissey","|-damage|p1a: Blissey|552/652","|","|-weather|Sandstorm|[upkeep]","|-damage|p1a: Blissey|512/652|[from] Sandstorm","|-damage|p2a: Blissey|492/652|[from] Sandstorm","|-heal|p2a: Blissey|532/652|[from] item: Leftovers","|-heal|p1a: Blissey|552/652|[from] item: Leftovers","|upkeep","|turn|15","|","|t:|1751516504","|move|p2a: Blissey|Toxic|p1a: Blissey|[miss]","|-miss|p2a: Blissey|p1a: Blissey","|move|p1a: Blissey|Toxic|p2a: Blissey","|-status|p2a: Blissey|tox","|","|-weather|Sandstorm|[upkeep]","|-damage|p2a: Blissey|492/652 tox|[from] Sandstorm","|-damage|p1a: Blissey|512/652|[from] Sandstorm","|-heal|p2a: Blissey|532/652 tox|[from] item: Leftovers","|-heal|p1a: Blissey|552/652|[from] item: Leftovers","|-damage|p2a: Blissey|492/652 tox|[from] psn","|upkeep","|turn|16","|","|t:|1751516511","|-curestatus|p2a: Blissey|tox|[from] ability: Natural Cure","|switch|p2a: Magneton|Magneton|242/242","|move|p1a: Blissey|Wish|p1a: Blissey","|","|-weather|Sandstorm|[upkeep]","|-damage|p1a: Blissey|512/652|[from] Sandstorm","|-heal|p1a: Blissey|552/652|[from] item: Leftovers","|upkeep","|turn|17","|","|t:|1751516515","|move|p2a: Magneton|Toxic|p1a: Blissey","|-status|p1a: Blissey|tox","|move|p1a: Blissey|Seismic Toss|p2a: Magneton","|-damage|p2a: Magneton|142/242","|","|-heal|p1a: Blissey|652/652 tox|[from] move: Wish|[wisher] Blissey","|-weather|Sandstorm|[upkeep]","|-damage|p1a: Blissey|612/652 tox|[from] Sandstorm","|-heal|p1a: Blissey|652/652 tox|[from] item: Leftovers","|-damage|p1a: Blissey|612/652 tox|[from] psn","|upkeep","|turn|18","|","|t:|1751516519","|move|p2a: Magneton|Thunderbolt|p1a: Blissey","|-damage|p1a: Blissey|490/652 tox","|move|p1a: Blissey|Seismic Toss|p2a: Magneton","|-damage|p2a: Magneton|42/242","|","|-weather|Sandstorm|[upkeep]","|-damage|p1a: Blissey|450/652 tox|[from] Sandstorm","|-heal|p1a: Blissey|490/652 tox|[from] item: Leftovers","|-damage|p1a: Blissey|410/652 tox|[from] psn","|upkeep","|turn|19","|","|t:|1751516524","|switch|p2a: Blissey|Blissey, F|492/652","|-curestatus|p1a: Blissey|tox|[from] ability: Natural Cure","|switch|p1a: Swampert|Swampert, F|290/404 tox","|","|-weather|Sandstorm|[upkeep]","|-damage|p2a: Blissey|452/652|[from] Sandstorm","|-heal|p1a: Swampert|315/404 tox|[from] item: Leftovers","|-damage|p1a: Swampert|290/404 tox|[from] psn","|-heal|p2a: Blissey|492/652|[from] item: Leftovers","|upkeep","|turn|20","|","|t:|1751516528","|move|p1a: Swampert|Toxic|p2a: Blissey","|-status|p2a: Blissey|tox","|move|p2a: Blissey|Wish|p2a: Blissey","|","|-weather|Sandstorm|[upkeep]","|-damage|p2a: Blissey|452/652 tox|[from] Sandstorm","|-heal|p1a: Swampert|315/404 tox|[from] item: Leftovers","|-damage|p1a: Swampert|265/404 tox|[from] psn","|-heal|p2a: Blissey|492/652 tox|[from] item: Leftovers","|-damage|p2a: Blissey|452/652 tox|[from] psn","|upkeep","|turn|21","|","|t:|1751516534","|move|p1a: Swampert|Surf|p2a: Blissey","|-damage|p2a: Blissey|394/652 tox","|move|p2a: Blissey|Seismic Toss|p1a: Swampert","|-damage|p1a: Swampert|165/404 tox","|","|-heal|p2a: Blissey|652/652 tox|[from] move: Wish|[wisher] Blissey","|-weather|Sandstorm|[upkeep]","|-damage|p2a: Blissey|612/652 tox|[from] Sandstorm","|-heal|p1a: Swampert|190/404 tox|[from] item: Leftovers","|-damage|p1a: Swampert|115/404 tox|[from] psn","|-heal|p2a: Blissey|652/652 tox|[from] item: Leftovers","|-damage|p2a: Blissey|572/652 tox|[from] psn","|upkeep","|turn|22","|","|t:|1751516543","|switch|p1a: Blissey|Blissey, F|410/652","|move|p2a: Blissey|Seismic Toss|p1a: Blissey","|-damage|p1a: Blissey|310/652","|","|-weather|Sandstorm|[upkeep]","|-damage|p2a: Blissey|532/652 tox|[from] Sandstorm","|-damage|p1a: Blissey|270/652|[from] Sandstorm","|-heal|p2a: Blissey|572/652 tox|[from] item: Leftovers","|-heal|p1a: Blissey|310/652|[from] item: Leftovers","|-damage|p2a: Blissey|452/652 tox|[from] psn","|upkeep","|turn|23","|","|t:|1751516548","|-curestatus|p2a: Blissey|tox|[from] ability: Natural Cure","|switch|p2a: Magneton|Magneton|42/242","|move|p1a: Blissey|Wish|p1a: Blissey","|","|-weather|Sandstorm|[upkeep]","|-damage|p1a: Blissey|270/652|[from] Sandstorm","|-heal|p1a: Blissey|310/652|[from] item: Leftovers","|upkeep","|turn|24","|","|t:|1751516552","|switch|p2a: Blissey|Blissey, F|452/652","|move|p1a: Blissey|Toxic|p2a: Blissey","|-status|p2a: Blissey|tox","|","|-heal|p1a: Blissey|636/652|[from] move: Wish|[wisher] Blissey","|-weather|Sandstorm|[upkeep]","|-damage|p1a: Blissey|596/652|[from] Sandstorm","|-damage|p2a: Blissey|412/652 tox|[from] Sandstorm","|-heal|p2a: Blissey|452/652 tox|[from] item: Leftovers","|-heal|p1a: Blissey|636/652|[from] item: Leftovers","|-damage|p2a: Blissey|412/652 tox|[from] psn","|upkeep","|turn|25","|","|t:|1751516557","|-curestatus|p2a: Blissey|tox|[from] ability: Natural Cure","|switch|p2a: Magneton|Magneton|42/242","|move|p1a: Blissey|Seismic Toss|p2a: Magneton","|-damage|p2a: Magneton|0 fnt","|faint|p2a: Magneton","|","|t:|1751516561","|switch|p2a: Blissey|Blissey, F|412/652","|","|-weather|Sandstorm|[upkeep]","|-damage|p1a: Blissey|596/652|[from] Sandstorm","|-damage|p2a: Blissey|372/652|[from] Sandstorm","|-heal|p2a: Blissey|412/652|[from] item: Leftovers","|-heal|p1a: Blissey|636/652|[from] item: Leftovers","|upkeep","|turn|26","|","|t:|1751516696","|move|p1a: Blissey|Toxic|p2a: Blissey|[miss]","|-miss|p1a: Blissey|p2a: Blissey","|move|p2a: Blissey|Toxic|p1a: Blissey|[miss]","|-miss|p2a: Blissey|p1a: Blissey","|","|-weather|Sandstorm|[upkeep]","|-damage|p1a: Blissey|596/652|[from] Sandstorm","|-damage|p2a: Blissey|372/652|[from] Sandstorm","|-heal|p2a: Blissey|412/652|[from] item: Leftovers","|-heal|p1a: Blissey|636/652|[from] item: Leftovers","|upkeep","|turn|27","|","|t:|1751516700","|move|p2a: Blissey|Seismic Toss|p1a: Blissey","|-damage|p1a: Blissey|536/652","|move|p1a: Blissey|Toxic|p2a: Blissey","|-status|p2a: Blissey|tox","|","|-weather|Sandstorm|[upkeep]","|-damage|p2a: Blissey|372/652 tox|[from] Sandstorm","|-damage|p1a: Blissey|496/652|[from] Sandstorm","|-heal|p2a: Blissey|412/652 tox|[from] item: Leftovers","|-heal|p1a: Blissey|536/652|[from] item: Leftovers","|-damage|p2a: Blissey|372/652 tox|[from] psn","|upkeep","|turn|28","|","|t:|1751516705","|move|p1a: Blissey|Protect|p1a: Blissey","|-singleturn|p1a: Blissey|Protect","|move|p2a: Blissey|Seismic Toss|p1a: Blissey","|-activate|p1a: Blissey|Protect","|","|-weather|Sandstorm|[upkeep]","|-damage|p1a: Blissey|496/652|[from] Sandstorm","|-damage|p2a: Blissey|332/652 tox|[from] Sandstorm","|-heal|p2a: Blissey|372/652 tox|[from] item: Leftovers","|-heal|p1a: Blissey|536/652|[from] item: Leftovers","|-damage|p2a: Blissey|292/652 tox|[from] psn","|upkeep","|turn|29","|-message|thecrusher677 forfeited.","|","|win|simb",""],"p1rating":null,"p2rating":null,"endType":"forfeit","ladderError":true,"timestamp":"Wed Jul 02 2025 21:30:19 GMT-0700 (アメリカ太平洋夏時間)","roomid":"battle-gen3ou-717","format":"gen3ou"}