{"winner":"simb","seed":"sodium,7dc2dad48d73fb78a6ecf21518bde3d0","turns":28,"p1":"thecrusher677","p2":"simb","p1team":[{"name":"Medicham","species":"Medicham","item":"Salac Berry","ability":"Pure Power","moves":["Brick Break","Focus Punch","Rock Slide","Shadow Ball"],"nature":"Jolly","evs":{"hp":4,"atk":252,"def":0,"spa":0,"spd":0,"spe":252},"gender":"F","level":100,"ivs":{"hp":31,"atk":31,"def":31,"spa":31,"spd":31,"spe":31}},{"name":"Magneton","species":"Magneton","item":"Magnet","ability":"Magnet Pull","moves":["Thunderbolt","Hidden Power Fire","Toxic","Rain Dance"],"nature":"Modest","evs":{"hp":4,"atk":0,"def":0,"spa":252,"spd":0,"spe":252},"gender":"N","ivs":{"hp":31,"atk":2,"def":31,"spa":30,"spd":31,"spe":30},"happiness":255,"hpType":"Fire","pokeball":"","gigantamax":false,"dynamaxLevel":10,"teraType":"","level":100},{"name":"Snorlax","species":"Snorlax","item":"Leftovers","ability":"Immunity","moves":["Self-Destruct","Body Slam","Shadow Ball","Earthquake"],"nature":"Adamant","evs":{"hp":92,"atk":116,"def":144,"spa":0,"spd":144,"spe":12},"gender":"M","level":100,"ivs":{"hp":31,"atk":31,"def":31,"spa":31,"spd":31,"spe":31}},{"name":"Suicune","species":"Suicune","item":"Leftovers","ability":"Pressure","moves":["Calm Mind","Surf","Rest","Ice Beam"],"nature":"Calm","evs":{"hp":252,"atk":0,"def":0,"spa":180,"spd":68,"spe":8},"gender":"N","ivs":{"hp":31,"atk":0,"def":31,"spa":31,"spd":31,"spe":31},"level":100},{"name":"Salamence","species":"Salamence","item":"Leftovers","ability":"Intimidate","moves":["Dragon Dance","Hidden Power Flying","Rock Slide","Earthquake"],"nature":"Adamant","evs":{"hp":0,"atk":156,"def":0,"spa":0,"spd":140,"spe":212},"gender":"F","ivs":{"hp":31,"atk":31,"def":31,"spa":30,"spd":30,"spe":30},"happiness":255,"hpType":"Flying","pokeball":"","gigantamax":false,"dynamaxLevel":10,"teraType":"","level":100},{"name":"Metagross","species":"Metagross","item":"Leftovers","ability":"Clear Body","moves":["Agility","Meteor Mash","Earthquake","Explosion"],"nature":"Adamant","evs":{"hp":252,"atk":144,"def":24,"spa":0,"spd":0,"spe":88},"gender":"N","level":100,"ivs":{"hp":31,"atk":31,"def":31,"spa":31,"spd":31,"spe":31}}],"p2team":[{"name":"Salamence","species":"Salamence","item":"Choice Band","ability":"Intimidate","moves":["Earthquake","Hidden Power Flying","Brick Break","Rock Slide"],"nature":"Adamant","evs":{"hp":120,"atk":252,"def":0,"spa":0,"spd":0,"spe":136},"gender":"M","ivs":{"hp":30,"atk":30,"def":30,"spa":30,"spd":30,"spe":31},"happiness":255,"hpType":"Flying","pokeball":"","gigantamax":false,"dynamaxLevel":10,"teraType":"","level":100},{"name":"Magneton","species":"Magneton","item":"Magnet","ability":"Magnet Pull","moves":["Thunderbolt","Toxic","Hidden Power Fire","Protect"],"nature":"Modest","evs":{"hp":4,"atk":0,"def":0,"spa":252,"spd":0,"spe":252},"gender":"N","ivs":{"hp":31,"atk":2,"def":31,"spa":30,"spd":31,"spe":30},"happiness":255,"hpType":"Fire","pokeball":"","gigantamax":false,"dynamaxLevel":10,"teraType":"","level":100},{"name":"Tyranitar","species":"Tyranitar","item":"Leftovers","ability":"Sand Stream","moves":["Crunch","Pursuit","Hidden Power Grass","Fire Blast"],"nature":"Modest","evs":{"hp":240,"atk":0,"def":0,"spa":188,"spd":48,"spe":32},"gender":"M","ivs":{"hp":31,"atk":2,"def":31,"spa":30,"spd":31,"spe":31},"happiness":255,"hpType":"Grass","pokeball":"","gigantamax":false,"dynamaxLevel":10,"teraType":"","level":100},{"name":"Blissey","species":"Blissey","item":"Leftovers","ability":"Natural Cure","moves":["Seismic Toss","Wish","Protect","Toxic"],"nature":"","evs":{"hp":4,"atk":0,"def":252,"spa":0,"spd":252,"spe":0},"gender":"F","ivs":{"hp":31,"atk":0,"def":31,"spa":31,"spd":31,"spe":31},"level":100},{"name":"Metagross","species":"Metagross","item":"Leftovers","ability":"Clear Body","moves":["Agility","Meteor Mash","Earthquake","Explosion"],"nature":"Adamant","evs":{"hp":168,"atk":252,"def":0,"spa":0,"spd":0,"spe":88},"gender":"N","level":100,"ivs":{"hp":31,"atk":31,"def":31,"spa":31,"spd":31,"spe":31}},{"name":"Swampert","species":"Swampert","item":"Leftovers","ability":"Torrent","moves":["Surf","Ice Beam","Protect","Toxic"],"nature":"Bold","evs":{"hp":252,"atk":0,"def":160,"spa":0,"spd":96,"spe":0},"gender":"M","ivs":{"hp":31,"atk":0,"def":31,"spa":31,"spd":31,"spe":31},"level":100}],"score":[4,4],"inputLog":[">version 372d05e49c92a79eecdf6c8dddb208bd1765c00f",">start {\"formatid\":\"gen3ou\",\"seed\":\"sodium,7dc2dad48d73fb78a6ecf21518bde3d0\"}",">player p1 {\"name\":\"thecrusher677\",\"avatar\":\"2\",\"team\":\"Medicham||SalacBerry|PurePower|BrickBreak,FocusPunch,RockSlide,ShadowBall|Jolly|4,252,,,,252|F||||]Magneton||Magnet|MagnetPull|Thunderbolt,HiddenPowerFire,Toxic,RainDance|Modest|4,,,252,,252|N|,2,,30,,30|||,Fire,,,,]Snorlax||Leftovers|Immunity|SelfDestruct,BodySlam,ShadowBall,Earthquake|Adamant|92,116,144,,144,12|M||||]Suicune||Leftovers|Pressure|CalmMind,Surf,Rest,IceBeam|Calm|252,,,180,68,8|N|,0,,,,|||]Salamence||Leftovers|Intimidate|DragonDance,HiddenPowerFlying,RockSlide,Earthquake|Adamant|,156,,,140,212|F|,,,30,30,30|||,Flying,,,,]Metagross||Leftovers|ClearBody|Agility,MeteorMash,Earthquake,Explosion|Adamant|252,144,24,,,88|N||||\",\"rating\":0}",">player p2 {\"name\":\"simb\",\"avatar\":\"101\",\"team\":\"Salamence||ChoiceBand|Intimidate|Earthquake,HiddenPowerFlying,BrickBreak,RockSlide|Adamant|120,252,,,,136|M|30,30,30,30,30,|||,Flying,,,,]Magneton||Magnet|MagnetPull|Thunderbolt,Toxic,HiddenPowerFire,Protect|Modest|4,,,252,,252|N|,2,,30,,30|||,Fire,,,,]Tyranitar||Leftovers|SandStream|Crunch,Pursuit,HiddenPowerGrass,FireBlast|Modest|240,,,188,48,32|M|,2,,30,,|||,Grass,,,,]Blissey||Leftovers|NaturalCure|SeismicToss,Wish,Protect,Toxic||4,,252,,252,|F|,0,,,,|||]Metagross||Leftovers|ClearBody|Agility,MeteorMash,Earthquake,Explosion|Adamant|168,252,,,,88|N||||]Swampert||Leftovers|Torrent|Surf,IceBeam,Protect,Toxic|Bold|252,,160,,96,|M|,0,,,,|||\",\"rating\":0}",">p1 switch 6",">p2 switch 5",">p1 move earthquake",">p2 move earthquake",">p2 switch 5",">p1 switch 5",">p2 move earthquake",">p1 move hiddenpower",">p2 move earthquake",">p1 move dragondance",">p2 switch 3",">p1 move earthquake",">p2 move crunch",">p1 move rockslide",">p2 switch 6",">p1 move hiddenpower",">p2 move icebeam",">p1 switch 6",">p1 move brickbreak",">p2 switch 3",">p1 switch 5",">p2 move earthquake",">p1 switch 4",">p1 move calmmind",">p2 move earthquake",">p1 move rest",">p2 move earthquake",">p1 move surf",">p2 switch 4",">p1 move calmmind",">p2 move wish",">p1 move icebeam",">p2 switch 4",">p2 switch 3",">p1 move calmmind",">p2 move toxic",">p1 move calmmind",">p2 move toxic",">p1 move calmmind",">p2 switch 4",">p1 move surf",">p2 move toxic",">p1 move rest",">p2 move seismictoss",">p1 move surf",">p2 move toxic",">p1 move surf",">p2 move toxic",">p1 move surf",">p2 move toxic",">p1 move surf",">p2 move protect",">p1 move calmmind",">p2 move protect",">p1 move rest",">p2 move protect",">p1 move surf",">p2 move protect",">forcelose p1"],"log":["|j|☆thecrusher677","|j|☆simb","|t:|1750830803","|gametype|singles","|player|p1|thecrusher677|2|","|player|p2|simb|101|","|teamsize|p1|6","|teamsize|p2|6","|gen|3","|tier|[Gen 3] OU","|rule|Sleep Clause Mod: Limit one foe put to sleep","|rule|Switch Priority Clause Mod: Faster Pokémon switch first","|rule|Species Clause: Limit one of each Pokémon","|rule|OHKO Clause: OHKO moves are banned","|rule|Evasion Items Clause: Evasion items are banned","|rule|Evasion Moves Clause: Evasion moves are banned","|rule|Endless Battle Clause: Forcing endless battles is banned","|rule|HP Percentage Mod: HP is shown in percentages","|rule|One Boost Passer Clause: Limit one Baton Passer that has a way to boost its stats","|rule|Freeze Clause Mod: Limit one foe frozen","|","|t:|1750830803","|start","|switch|p1a: Medicham|Medicham, F|262/262","|switch|p2a: Salamence|Salamence, M|360/360","|-ability|p2a: Salamence|Intimidate|boost","|-unboost|p1a: Medicham|atk|1","|turn|1","|","|t:|1750830847","|switch|p1a: Metagross|Metagross|364/364","|switch|p2a: Metagross|Metagross|343/343","|","|upkeep","|turn|2","|","|t:|1750830869","|move|p2a: Metagross|Earthquake|p1a: Metagross","|-supereffective|p1a: Metagross","|-damage|p1a: Metagross|171/364","|move|p1a: Metagross|Earthquake|p2a: Metagross","|-supereffective|p2a: Metagross","|-crit|p2a: Metagross","|-damage|p2a: Metagross|0 fnt","|faint|p2a: Metagross","|","|t:|1750830881","|switch|p2a: Salamence|Salamence, M|360/360","|-ability|p2a: Salamence|Intimidate|boost","|-fail|p1a: Metagross|unboost|[from] ability: Clear Body|[of] p1a: Metagross","|","|-heal|p1a: Metagross|193/364|[from] item: Leftovers","|upkeep","|turn|3","|","|t:|1750830892","|switch|p1a: Salamence|Salamence, F|331/331","|-ability|p1a: Salamence|Intimidate|boost","|-unboost|p2a: Salamence|atk|1","|move|p2a: Salamence|Earthquake|p1a: Salamence","|-immune|p1a: Salamence","|","|upkeep","|turn|4","|","|t:|1750830903","|move|p1a: Salamence|Hidden Power|p2a: Salamence","|-damage|p2a: Salamence|192/360","|move|p2a: Salamence|Earthquake|p1a: Salamence","|-immune|p1a: Salamence","|","|upkeep","|turn|5","|","|t:|1750830915","|switch|p2a: Tyranitar|Tyranitar, M|401/401","|-weather|Sandstorm|[from] ability: Sand Stream|[of] p2a: Tyranitar","|move|p1a: Salamence|Dragon Dance|p1a: Salamence","|-boost|p1a: Salamence|atk|1","|-boost|p1a: Salamence|spe|1","|","|-weather|Sandstorm|[upkeep]","|-damage|p1a: Salamence|311/331|[from] Sandstorm","|-heal|p1a: Salamence|331/331|[from] item: Leftovers","|upkeep","|turn|6","|","|t:|1750830926","|move|p1a: Salamence|Earthquake|p2a: Tyranitar","|-supereffective|p2a: Tyranitar","|-damage|p2a: Tyranitar|82/401","|move|p2a: Tyranitar|Crunch|p1a: Salamence","|-damage|p1a: Salamence|201/331","|","|-weather|Sandstorm|[upkeep]","|-damage|p1a: Salamence|181/331|[from] Sandstorm","|-heal|p1a: Salamence|201/331|[from] item: Leftovers","|-heal|p2a: Tyranitar|107/401|[from] item: Leftovers","|upkeep","|turn|7","|","|t:|1750830938","|switch|p2a: Swampert|Swampert, M|404/404","|move|p1a: Salamence|Rock Slide|p2a: Swampert","|-resisted|p2a: Swampert","|-damage|p2a: Swampert|345/404","|","|-weather|Sandstorm|[upkeep]","|-damage|p1a: Salamence|181/331|[from] Sandstorm","|-heal|p1a: Salamence|201/331|[from] item: Leftovers","|-heal|p2a: Swampert|370/404|[from] item: Leftovers","|upkeep","|turn|8","|","|t:|1750830949","|move|p1a: Salamence|Hidden Power|p2a: Swampert","|-damage|p2a: Swampert|210/404","|move|p2a: Swampert|Ice Beam|p1a: Salamence","|-supereffective|p1a: Salamence","|-crit|p1a: Salamence","|-damage|p1a: Salamence|0 fnt","|faint|p1a: Salamence","|","|t:|1750830957","|switch|p1a: Medicham|Medicham, F|262/262","|","|-weather|Sandstorm|[upkeep]","|-damage|p1a: Medicham|246/262|[from] Sandstorm","|-heal|p2a: Swampert|235/404|[from] item: Leftovers","|upkeep","|turn|9","|","|t:|1750830971","|switch|p2a: Salamence|Salamence, M|192/360","|-ability|p2a: Salamence|Intimidate|boost","|-unboost|p1a: Medicham|atk|1","|move|p1a: Medicham|Brick Break|p2a: Salamence","|-resisted|p2a: Salamence","|-damage|p2a: Salamence|121/360","|","|-weather|Sandstorm|[upkeep]","|-damage|p1a: Medicham|230/262|[from] Sandstorm","|-damage|p2a: Salamence|99/360|[from] Sandstorm","|upkeep","|turn|10","|","|t:|1750830982","|switch|p1a: Metagross|Metagross|193/364","|move|p2a: Salamence|Earthquake|p1a: Metagross","|-supereffective|p1a: Metagross","|-damage|p1a: Metagross|0 fnt","|faint|p1a: Metagross","|","|t:|1750830991","|switch|p1a: Suicune|Suicune|404/404","|-ability|p1a: Suicune|Pressure|[silent]","|","|-weather|Sandstorm|[upkeep]","|-damage|p2a: Salamence|77/360|[from] Sandstorm","|-damage|p1a: Suicune|379/404|[from] Sandstorm","|-heal|p1a: Suicune|404/404|[from] item: Leftovers","|upkeep","|turn|11","|","|t:|1750831004","|move|p2a: Salamence|Earthquake|p1a: Suicune","|-damage|p1a: Suicune|217/404","|move|p1a: Suicune|Calm Mind|p1a: Suicune","|-boost|p1a: Suicune|spa|1","|-boost|p1a: Suicune|spd|1","|","|-weather|Sandstorm|[upkeep]","|-damage|p2a: Salamence|55/360|[from] Sandstorm","|-damage|p1a: Suicune|192/404|[from] Sandstorm","|-heal|p1a: Suicune|217/404|[from] item: Leftovers","|upkeep","|turn|12","|","|t:|1750831015","|move|p2a: Salamence|Earthquake|p1a: Suicune","|-damage|p1a: Suicune|28/404","|move|p1a: Suicune|Rest|p1a: Suicune","|-status|p1a: Suicune|slp|[from] move: Rest","|-heal|p1a: Suicune|404/404 slp|[silent]","|","|-weather|Sandstorm|[upkeep]","|-damage|p2a: Salamence|33/360|[from] Sandstorm","|-damage|p1a: Suicune|379/404 slp|[from] Sandstorm","|-heal|p1a: Suicune|404/404 slp|[from] item: Leftovers","|upkeep","|turn|13","|","|t:|1750831026","|switch|p2a: Blissey|Blissey, F|652/652","|cant|p1a: Suicune|slp","|","|-weather|Sandstorm|[upkeep]","|-damage|p1a: Suicune|379/404 slp|[from] Sandstorm","|-damage|p2a: Blissey|612/652|[from] Sandstorm","|-heal|p1a: Suicune|404/404 slp|[from] item: Leftovers","|-heal|p2a: Blissey|652/652|[from] item: Leftovers","|upkeep","|turn|14","|","|t:|1750831038","|cant|p1a: Suicune|slp","|move|p2a: Blissey|Wish|p2a: Blissey","|","|-weather|Sandstorm|[upkeep]","|-damage|p1a: Suicune|379/404 slp|[from] Sandstorm","|-damage|p2a: Blissey|612/652|[from] Sandstorm","|-heal|p1a: Suicune|404/404 slp|[from] item: Leftovers","|-heal|p2a: Blissey|652/652|[from] item: Leftovers","|upkeep","|turn|15","|","|t:|1750831049","|switch|p2a: Salamence|Salamence, M|33/360","|-ability|p2a: Salamence|Intimidate|boost","|-unboost|p1a: Suicune|atk|1","|-curestatus|p1a: Suicune|slp|[msg]","|move|p1a: Suicune|Ice Beam|p2a: Salamence","|-supereffective|p2a: Salamence","|-damage|p2a: Salamence|0 fnt","|faint|p2a: Salamence","|","|t:|1750831061","|switch|p2a: Swampert|Swampert, M|235/404","|","|-heal|p2a: Swampert|404/404|[from] move: Wish|[wisher] Blissey","|-weather|Sandstorm|[upkeep]","|-damage|p1a: Suicune|379/404|[from] Sandstorm","|-heal|p1a: Suicune|404/404|[from] item: Leftovers","|upkeep","|turn|16","|","|t:|1750831073","|move|p1a: Suicune|Calm Mind|p1a: Suicune","|-boost|p1a: Suicune|spa|1","|-boost|p1a: Suicune|spd|1","|move|p2a: Swampert|Toxic|p1a: Suicune","|-status|p1a: Suicune|tox","|","|-weather|Sandstorm|[upkeep]","|-damage|p1a: Suicune|379/404 tox|[from] Sandstorm","|-heal|p1a: Suicune|404/404 tox|[from] item: Leftovers","|-damage|p1a: Suicune|379/404 tox|[from] psn","|upkeep","|turn|17","|","|t:|1750831084","|move|p1a: Suicune|Calm Mind|p1a: Suicune","|-boost|p1a: Suicune|spa|1","|-boost|p1a: Suicune|spd|1","|move|p2a: Swampert|Toxic|p1a: Suicune","|-fail|p1a: Suicune|tox","|","|-weather|Sandstorm|[upkeep]","|-damage|p1a: Suicune|354/404 tox|[from] Sandstorm","|-heal|p1a: Suicune|379/404 tox|[from] item: Leftovers","|-damage|p1a: Suicune|329/404 tox|[from] psn","|upkeep","|turn|18","|","|t:|1750831195","|switch|p2a: Blissey|Blissey, F|652/652","|move|p1a: Suicune|Calm Mind|p1a: Suicune","|-boost|p1a: Suicune|spa|1","|-boost|p1a: Suicune|spd|1","|","|-weather|Sandstorm|[upkeep]","|-damage|p1a: Suicune|304/404 tox|[from] Sandstorm","|-damage|p2a: Blissey|612/652|[from] Sandstorm","|-heal|p1a: Suicune|329/404 tox|[from] item: Leftovers","|-damage|p1a: Suicune|254/404 tox|[from] psn","|-heal|p2a: Blissey|652/652|[from] item: Leftovers","|upkeep","|turn|19","|","|t:|1750831207","|move|p1a: Suicune|Surf|p2a: Blissey","|-damage|p2a: Blissey|396/652","|move|p2a: Blissey|Toxic|p1a: Suicune","|-fail|p1a: Suicune|tox","|","|-weather|Sandstorm|[upkeep]","|-damage|p1a: Suicune|229/404 tox|[from] Sandstorm","|-damage|p2a: Blissey|356/652|[from] Sandstorm","|-heal|p1a: Suicune|254/404 tox|[from] item: Leftovers","|-damage|p1a: Suicune|154/404 tox|[from] psn","|-heal|p2a: Blissey|396/652|[from] item: Leftovers","|upkeep","|turn|20","|","|t:|1750831218","|move|p1a: Suicune|Rest|p1a: Suicune","|-status|p1a: Suicune|slp|[from] move: Rest","|-heal|p1a: Suicune|404/404 slp|[silent]","|move|p2a: Blissey|Seismic Toss|p1a: Suicune","|-damage|p1a: Suicune|304/404 slp","|","|-weather|Sandstorm|[upkeep]","|-damage|p1a: Suicune|279/404 slp|[from] Sandstorm","|-damage|p2a: Blissey|356/652|[from] Sandstorm","|-heal|p1a: Suicune|304/404 slp|[from] item: Leftovers","|-heal|p2a: Blissey|396/652|[from] item: Leftovers","|upkeep","|turn|21","|","|t:|1750831230","|cant|p1a: Suicune|slp","|move|p2a: Blissey|Toxic||[still]","|-fail|p2a: Blissey","|","|-weather|Sandstorm|[upkeep]","|-damage|p1a: Suicune|279/404 slp|[from] Sandstorm","|-damage|p2a: Blissey|356/652|[from] Sandstorm","|-heal|p1a: Suicune|304/404 slp|[from] item: Leftovers","|-heal|p2a: Blissey|396/652|[from] item: Leftovers","|upkeep","|turn|22","|","|t:|1750831241","|cant|p1a: Suicune|slp","|move|p2a: Blissey|Toxic||[still]","|-fail|p2a: Blissey","|","|-weather|Sandstorm|[upkeep]","|-damage|p1a: Suicune|279/404 slp|[from] Sandstorm","|-damage|p2a: Blissey|356/652|[from] Sandstorm","|-heal|p1a: Suicune|304/404 slp|[from] item: Leftovers","|-heal|p2a: Blissey|396/652|[from] item: Leftovers","|upkeep","|turn|23","|","|t:|1750831304","|-curestatus|p1a: Suicune|slp|[msg]","|move|p1a: Suicune|Surf|p2a: Blissey","|-damage|p2a: Blissey|169/652","|move|p2a: Blissey|Toxic|p1a: Suicune","|-status|p1a: Suicune|tox","|","|-weather|Sandstorm|[upkeep]","|-damage|p1a: Suicune|279/404 tox|[from] Sandstorm","|-damage|p2a: Blissey|129/652|[from] Sandstorm","|-heal|p1a: Suicune|304/404 tox|[from] item: Leftovers","|-damage|p1a: Suicune|279/404 tox|[from] psn","|-heal|p2a: Blissey|169/652|[from] item: Leftovers","|upkeep","|turn|24","|","|t:|1750831315","|move|p2a: Blissey|Protect|p2a: Blissey","|-singleturn|p2a: Blissey|Protect","|move|p1a: Suicune|Surf|p2a: Blissey","|-activate|p2a: Blissey|Protect","|","|-weather|Sandstorm|[upkeep]","|-damage|p1a: Suicune|254/404 tox|[from] Sandstorm","|-damage|p2a: Blissey|129/652|[from] Sandstorm","|-heal|p1a: Suicune|279/404 tox|[from] item: Leftovers","|-damage|p1a: Suicune|229/404 tox|[from] psn","|-heal|p2a: Blissey|169/652|[from] item: Leftovers","|upkeep","|turn|25","|","|t:|1750831327","|move|p2a: Blissey|Protect||[still]","|-fail|p2a: Blissey","|move|p1a: Suicune|Calm Mind|p1a: Suicune","|-boost|p1a: Suicune|spa|1","|-boost|p1a: Suicune|spd|1","|","|-weather|Sandstorm|[upkeep]","|-damage|p1a: Suicune|204/404 tox|[from] Sandstorm","|-damage|p2a: Blissey|129/652|[from] Sandstorm","|-heal|p1a: Suicune|229/404 tox|[from] item: Leftovers","|-damage|p1a: Suicune|154/404 tox|[from] psn","|-heal|p2a: Blissey|169/652|[from] item: Leftovers","|upkeep","|turn|26","|","|t:|1750831338","|move|p2a: Blissey|Protect|p2a: Blissey","|-singleturn|p2a: Blissey|Protect","|move|p1a: Suicune|Rest|p1a: Suicune","|-status|p1a: Suicune|slp|[from] move: Rest","|-heal|p1a: Suicune|404/404 slp|[silent]","|","|-weather|Sandstorm|[upkeep]","|-damage|p1a: Suicune|379/404 slp|[from] Sandstorm","|-damage|p2a: Blissey|129/652|[from] Sandstorm","|-heal|p1a: Suicune|404/404 slp|[from] item: Leftovers","|-heal|p2a: Blissey|169/652|[from] item: Leftovers","|upkeep","|turn|27","|","|t:|1750831350","|move|p2a: Blissey|Protect||[still]","|-fail|p2a: Blissey","|cant|p1a: Suicune|slp","|","|-weather|Sandstorm|[upkeep]","|-damage|p1a: Suicune|379/404 slp|[from] Sandstorm","|-damage|p2a: Blissey|129/652|[from] Sandstorm","|-heal|p1a: Suicune|404/404 slp|[from] item: Leftovers","|-heal|p2a: Blissey|169/652|[from] item: Leftovers","|upkeep","|turn|28","|-message|thecrusher677 forfeited.","|","|win|simb",""],"p1rating":null,"p2rating":null,"endType":"forfeit","ladderError":true,"timestamp":"Tue Jun 24 2025 23:12:16 GMT-0700 (アメリカ太平洋夏時間)","roomid":"battle-gen3ou-622","format":"gen3ou"}