{"winner":"simb","seed":"sodium,2da236f8ab3dc247643edc2bbe91e6c3","turns":24,"p1":"thecrusher677","p2":"simb","p1team":[{"name":"Aerodactyl","species":"Aerodactyl","item":"Choice Band","ability":"Rock Head","moves":["Ancient Power","Dragon Claw","Facade","Hidden Power Bug"],"nature":"Hasty","evs":{"hp":0,"atk":252,"def":0,"spa":4,"spd":0,"spe":252},"gender":"F","ivs":{"hp":31,"atk":30,"def":30,"spa":31,"spd":30,"spe":31},"happiness":255,"hpType":"Bug","pokeball":"","gigantamax":false,"dynamaxLevel":10,"teraType":"","level":100},{"name":"Registeel","species":"Registeel","item":"Leftovers","ability":"Clear Body","moves":["Curse","Rest","Sleep Talk","Rollout"],"nature":"Careful","evs":{"hp":252,"atk":4,"def":0,"spa":0,"spd":252,"spe":0},"gender":"N","level":100,"ivs":{"hp":31,"atk":31,"def":31,"spa":31,"spd":31,"spe":31}}],"p2team":[{"name":"Salamence","species":"Salamence","item":"Choice Band","ability":"Intimidate","moves":["Earthquake","Hidden Power Flying","Brick Break","Rock Slide"],"nature":"Adamant","evs":{"hp":120,"atk":252,"def":0,"spa":0,"spd":0,"spe":136},"gender":"F","ivs":{"hp":30,"atk":30,"def":30,"spa":30,"spd":30,"spe":31},"happiness":255,"hpType":"Flying","pokeball":"","gigantamax":false,"dynamaxLevel":10,"teraType":"","level":100},{"name":"Magneton","species":"Magneton","item":"Magnet","ability":"Magnet Pull","moves":["Thunderbolt","Toxic","Hidden Power Fire","Protect"],"nature":"Modest","evs":{"hp":4,"atk":0,"def":0,"spa":252,"spd":0,"spe":252},"gender":"N","ivs":{"hp":31,"atk":2,"def":31,"spa":30,"spd":31,"spe":30},"happiness":255,"hpType":"Fire","pokeball":"","gigantamax":false,"dynamaxLevel":10,"teraType":"","level":100},{"name":"Tyranitar","species":"Tyranitar","item":"Leftovers","ability":"Sand Stream","moves":["Crunch","Pursuit","Hidden Power Grass","Fire Blast"],"nature":"Modest","evs":{"hp":240,"atk":0,"def":0,"spa":188,"spd":48,"spe":32},"gender":"M","ivs":{"hp":31,"atk":2,"def":31,"spa":30,"spd":31,"spe":31},"happiness":255,"hpType":"Grass","pokeball":"","gigantamax":false,"dynamaxLevel":10,"teraType":"","level":100},{"name":"Blissey","species":"Blissey","item":"Leftovers","ability":"Natural Cure","moves":["Seismic Toss","Wish","Protect","Toxic"],"nature":"","evs":{"hp":4,"atk":0,"def":252,"spa":0,"spd":252,"spe":0},"gender":"F","ivs":{"hp":31,"atk":0,"def":31,"spa":31,"spd":31,"spe":31},"level":100},{"name":"Metagross","species":"Metagross","item":"Leftovers","ability":"Clear Body","moves":["Agility","Meteor Mash","Earthquake","Explosion"],"nature":"Adamant","evs":{"hp":168,"atk":252,"def":0,"spa":0,"spd":0,"spe":88},"gender":"N","level":100,"ivs":{"hp":31,"atk":31,"def":31,"spa":31,"spd":31,"spe":31}},{"name":"Swampert","species":"Swampert","item":"Leftovers","ability":"Torrent","moves":["Surf","Ice Beam","Protect","Toxic"],"nature":"Bold","evs":{"hp":252,"atk":0,"def":160,"spa":0,"spd":96,"spe":0},"gender":"M","ivs":{"hp":31,"atk":0,"def":31,"spa":31,"spd":31,"spe":31},"level":100}],"score":[1,3],"inputLog":[">version 372d05e49c92a79eecdf6c8dddb208bd1765c00f",">start {\"formatid\":\"gen3ou\",\"seed\":\"sodium,2da236f8ab3dc247643edc2bbe91e6c3\"}",">player p1 {\"name\":\"thecrusher677\",\"avatar\":\"2\",\"team\":\"Aerodactyl||ChoiceBand|RockHead|AncientPower,DragonClaw,Facade,HiddenPowerBug|Hasty|,252,,4,,252|F|,30,30,,30,|||,Bug,,,,]Registeel||Leftovers|ClearBody|Curse,Rest,SleepTalk,Rollout|Careful|252,4,,,252,|N||||\",\"rating\":0}",">player p2 {\"name\":\"simb\",\"avatar\":\"101\",\"team\":\"Salamence||ChoiceBand|Intimidate|Earthquake,HiddenPowerFlying,BrickBreak,RockSlide|Adamant|120,252,,,,136|F|30,30,30,30,30,|||,Flying,,,,]Magneton||Magnet|MagnetPull|Thunderbolt,Toxic,HiddenPowerFire,Protect|Modest|4,,,252,,252|N|,2,,30,,30|||,Fire,,,,]Tyranitar||Leftovers|SandStream|Crunch,Pursuit,HiddenPowerGrass,FireBlast|Modest|240,,,188,48,32|M|,2,,30,,|||,Grass,,,,]Blissey||Leftovers|NaturalCure|SeismicToss,Wish,Protect,Toxic||4,,252,,252,|F|,0,,,,|||]Metagross||Leftovers|ClearBody|Agility,MeteorMash,Earthquake,Explosion|Adamant|168,252,,,,88|N||||]Swampert||Leftovers|Torrent|Surf,IceBeam,Protect,Toxic|Bold|252,,160,,96,|M|,0,,,,|||\",\"rating\":0}",">p1 switch 2",">p2 switch 5",">p1 move curse",">p2 move meteormash",">p1 move curse",">p2 move earthquake",">p1 move rest",">p2 move earthquake",">p1 move sleeptalk",">p2 move earthquake",">p1 move sleeptalk",">p2 move earthquake",">p1 move curse",">p2 move earthquake",">p1 move curse",">p2 move earthquake",">p1 move rest",">p2 move earthquake",">p1 move sleeptalk",">p2 move agility",">p1 move sleeptalk",">p2 move agility",">p1 move rollout",">p2 move agility",">p1 move curse",">p2 move agility",">p1 move rollout",">p2 move agility",">p1 move rollout",">p2 move agility",">p1 move rollout",">p2 move earthquake",">p1 move rollout",">p2 move agility",">p2 switch 3",">p1 move rollout",">p2 move fireblast",">p2 switch 4",">p1 move rollout",">p2 move wish",">p1 move rollout",">p2 move seismictoss",">p1 move rollout",">p2 move seismictoss",">p1 move rollout",">p2 move seismictoss",">p2 switch 6",">p1 move rollout",">p2 move surf",">p1 switch 2",">forcelose p1"],"log":["|j|☆thecrusher677","|j|☆simb","|t:|1750828293","|gametype|singles","|player|p1|thecrusher677|2|","|player|p2|simb|101|","|teamsize|p1|2","|teamsize|p2|6","|gen|3","|tier|[Gen 3] OU","|rule|Sleep Clause Mod: Limit one foe put to sleep","|rule|Switch Priority Clause Mod: Faster Pokémon switch first","|rule|Species Clause: Limit one of each Pokémon","|rule|OHKO Clause: OHKO moves are banned","|rule|Evasion Items Clause: Evasion items are banned","|rule|Evasion Moves Clause: Evasion moves are banned","|rule|Endless Battle Clause: Forcing endless battles is banned","|rule|HP Percentage Mod: HP is shown in percentages","|rule|One Boost Passer Clause: Limit one Baton Passer that has a way to boost its stats","|rule|Freeze Clause Mod: Limit one foe frozen","|","|t:|1750828293","|start","|switch|p1a: Aerodactyl|Aerodactyl, F|301/301","|switch|p2a: Salamence|Salamence, F|360/360","|-ability|p2a: Salamence|Intimidate|boost","|-unboost|p1a: Aerodactyl|atk|1","|turn|1","|","|t:|1750828304","|switch|p1a: Registeel|Registeel|364/364","|switch|p2a: Metagross|Metagross|343/343","|","|upkeep","|turn|2","|","|t:|1750828315","|move|p2a: Metagross|Meteor Mash|p1a: Registeel","|-resisted|p1a: Registeel","|-damage|p1a: Registeel|291/364","|move|p1a: Registeel|Curse|p1a: Registeel","|-unboost|p1a: Registeel|spe|1","|-boost|p1a: Registeel|atk|1","|-boost|p1a: Registeel|def|1","|","|-heal|p1a: Registeel|313/364|[from] item: Leftovers","|upkeep","|turn|3","|","|t:|1750828327","|move|p2a: Metagross|Earthquake|p1a: Registeel","|-supereffective|p1a: Registeel","|-damage|p1a: Registeel|180/364","|move|p1a: Registeel|Curse|p1a: Registeel","|-unboost|p1a: Registeel|spe|1","|-boost|p1a: Registeel|atk|1","|-boost|p1a: Registeel|def|1","|","|-heal|p1a: Registeel|202/364|[from] item: Leftovers","|upkeep","|turn|4","|","|t:|1750828344","|move|p2a: Metagross|Earthquake|p1a: Registeel","|-supereffective|p1a: Registeel","|-damage|p1a: Registeel|108/364","|move|p1a: Registeel|Rest|p1a: Registeel","|-status|p1a: Registeel|slp|[from] move: Rest","|-heal|p1a: Registeel|364/364 slp|[silent]","|","|upkeep","|turn|5","|","|t:|1750828356","|move|p2a: Metagross|Earthquake|p1a: Registeel","|-supereffective|p1a: Registeel","|-damage|p1a: Registeel|264/364 slp","|cant|p1a: Registeel|slp","|move|p1a: Registeel|Sleep Talk|p1a: Registeel","|move|p1a: Registeel|Curse|p1a: Registeel|[from]Sleep Talk","|-unboost|p1a: Registeel|spe|1","|-boost|p1a: Registeel|atk|1","|-boost|p1a: Registeel|def|1","|","|-heal|p1a: Registeel|286/364 slp|[from] item: Leftovers","|upkeep","|turn|6","|","|t:|1750828367","|move|p2a: Metagross|Earthquake|p1a: Registeel","|-supereffective|p1a: Registeel","|-damage|p1a: Registeel|205/364 slp","|cant|p1a: Registeel|slp","|move|p1a: Registeel|Sleep Talk|p1a: Registeel","|move|p1a: Registeel|Rest|p1a: Registeel|[from]Sleep Talk","|","|-heal|p1a: Registeel|227/364 slp|[from] item: Leftovers","|upkeep","|turn|7","|","|t:|1750828379","|move|p2a: Metagross|Earthquake|p1a: Registeel","|-supereffective|p1a: Registeel","|-damage|p1a: Registeel|150/364 slp","|-curestatus|p1a: Registeel|slp|[msg]","|move|p1a: Registeel|Curse|p1a: Registeel","|-unboost|p1a: Registeel|spe|1","|-boost|p1a: Registeel|atk|1","|-boost|p1a: Registeel|def|1","|","|-heal|p1a: Registeel|172/364|[from] item: Leftovers","|upkeep","|turn|8","|","|t:|1750828390","|move|p2a: Metagross|Earthquake|p1a: Registeel","|-supereffective|p1a: Registeel","|-damage|p1a: Registeel|111/364","|move|p1a: Registeel|Curse|p1a: Registeel","|-unboost|p1a: Registeel|spe|1","|-boost|p1a: Registeel|atk|1","|-boost|p1a: Registeel|def|1","|","|-heal|p1a: Registeel|133/364|[from] item: Leftovers","|upkeep","|turn|9","|","|t:|1750828402","|move|p2a: Metagross|Earthquake|p1a: Registeel","|-supereffective|p1a: Registeel","|-damage|p1a: Registeel|81/364","|move|p1a: Registeel|Rest|p1a: Registeel","|-status|p1a: Registeel|slp|[from] move: Rest","|-heal|p1a: Registeel|364/364 slp|[silent]","|","|upkeep","|turn|10","|","|t:|1750828414","|move|p2a: Metagross|Agility|p2a: Metagross","|-boost|p2a: Metagross|spe|2","|cant|p1a: Registeel|slp","|move|p1a: Registeel|Sleep Talk|p1a: Registeel","|move|p1a: Registeel|Rest|p1a: Registeel|[from]Sleep Talk","|","|upkeep","|turn|11","|","|t:|1750828425","|move|p2a: Metagross|Agility|p2a: Metagross","|-boost|p2a: Metagross|spe|2","|cant|p1a: Registeel|slp","|move|p1a: Registeel|Sleep Talk|p1a: Registeel","|move|p1a: Registeel|Rollout|p2a: Metagross|[from]Sleep Talk","|-resisted|p2a: Metagross","|-damage|p2a: Metagross|317/343","|","|-heal|p2a: Metagross|338/343|[from] item: Leftovers","|upkeep","|turn|12","|","|t:|1750828437","|move|p2a: Metagross|Agility|p2a: Metagross","|-boost|p2a: Metagross|spe|2","|-curestatus|p1a: Registeel|slp|[msg]","|move|p1a: Registeel|Rollout|p2a: Metagross|[miss]","|-miss|p1a: Registeel|p2a: Metagross","|","|-heal|p2a: Metagross|343/343|[from] item: Leftovers","|upkeep","|turn|13","|","|t:|1750828448","|move|p2a: Metagross|Agility|p2a: Metagross","|-boost|p2a: Metagross|spe|0","|move|p1a: Registeel|Curse|p1a: Registeel","|-unboost|p1a: Registeel|spe|1","|-boost|p1a: Registeel|atk|1","|-boost|p1a: Registeel|def|1","|","|upkeep","|turn|14","|","|t:|1750828460","|move|p2a: Metagross|Agility|p2a: Metagross","|-boost|p2a: Metagross|spe|0","|move|p1a: Registeel|Rollout|p2a: Metagross","|-resisted|p2a: Metagross","|-damage|p2a: Metagross|313/343","|","|-heal|p2a: Metagross|334/343|[from] item: Leftovers","|upkeep","|turn|15","|","|t:|1750828471","|move|p2a: Metagross|Agility|p2a: Metagross","|-boost|p2a: Metagross|spe|0","|move|p1a: Registeel|Rollout|p2a: Metagross|[from]lockedmove","|-resisted|p2a: Metagross","|-damage|p2a: Metagross|273/343","|","|-heal|p2a: Metagross|294/343|[from] item: Leftovers","|upkeep","|turn|16","|","|t:|1750828483","|move|p2a: Metagross|Earthquake|p1a: Registeel","|-supereffective|p1a: Registeel","|-damage|p1a: Registeel|318/364","|move|p1a: Registeel|Rollout|p2a: Metagross|[from]lockedmove","|-resisted|p2a: Metagross","|-damage|p2a: Metagross|175/343","|","|-heal|p2a: Metagross|196/343|[from] item: Leftovers","|-heal|p1a: Registeel|340/364|[from] item: Leftovers","|upkeep","|turn|17","|","|t:|1750828494","|move|p2a: Metagross|Agility|p2a: Metagross","|-boost|p2a: Metagross|spe|0","|move|p1a: Registeel|Rollout|p2a: Metagross|[from]lockedmove","|-resisted|p2a: Metagross","|-damage|p2a: Metagross|0 fnt","|faint|p2a: Metagross","|","|t:|1750828506","|switch|p2a: Tyranitar|Tyranitar, M|401/401","|-weather|Sandstorm|[from] ability: Sand Stream|[of] p2a: Tyranitar","|","|-weather|Sandstorm|[upkeep]","|-heal|p1a: Registeel|362/364|[from] item: Leftovers","|upkeep","|turn|18","|","|t:|1750828526","|move|p2a: Tyranitar|Fire Blast|p1a: Registeel","|-supereffective|p1a: Registeel","|-damage|p1a: Registeel|227/364","|move|p1a: Registeel|Rollout|p2a: Tyranitar|[from]lockedmove","|-damage|p2a: Tyranitar|0 fnt","|faint|p2a: Tyranitar","|","|t:|1750828537","|switch|p2a: Blissey|Blissey, F|652/652","|","|-weather|Sandstorm|[upkeep]","|-damage|p2a: Blissey|612/652|[from] Sandstorm","|-heal|p2a: Blissey|652/652|[from] item: Leftovers","|-heal|p1a: Registeel|249/364|[from] item: Leftovers","|upkeep","|turn|19","|","|t:|1750828549","|move|p2a: Blissey|Wish|p2a: Blissey","|move|p1a: Registeel|Rollout|p2a: Blissey|[miss]","|-miss|p1a: Registeel|p2a: Blissey","|","|-weather|Sandstorm|[upkeep]","|-damage|p2a: Blissey|612/652|[from] Sandstorm","|-heal|p2a: Blissey|652/652|[from] item: Leftovers","|-heal|p1a: Registeel|271/364|[from] item: Leftovers","|upkeep","|turn|20","|","|t:|1750828560","|move|p2a: Blissey|Seismic Toss|p1a: Registeel","|-damage|p1a: Registeel|171/364","|move|p1a: Registeel|Rollout|p2a: Blissey","|-damage|p2a: Blissey|512/652","|","|-heal|p2a: Blissey|652/652|[from] move: Wish|[wisher] Blissey","|-weather|Sandstorm|[upkeep]","|-damage|p2a: Blissey|612/652|[from] Sandstorm","|-heal|p2a: Blissey|652/652|[from] item: Leftovers","|-heal|p1a: Registeel|193/364|[from] item: Leftovers","|upkeep","|turn|21","|","|t:|1750828572","|move|p2a: Blissey|Seismic Toss|p1a: Registeel","|-damage|p1a: Registeel|93/364","|move|p1a: Registeel|Rollout|p2a: Blissey|[from]lockedmove","|-damage|p2a: Blissey|354/652","|","|-weather|Sandstorm|[upkeep]","|-damage|p2a: Blissey|314/652|[from] Sandstorm","|-heal|p2a: Blissey|354/652|[from] item: Leftovers","|-heal|p1a: Registeel|115/364|[from] item: Leftovers","|upkeep","|turn|22","|","|t:|1750828583","|move|p2a: Blissey|Seismic Toss|p1a: Registeel","|-damage|p1a: Registeel|15/364","|move|p1a: Registeel|Rollout|p2a: Blissey|[from]lockedmove","|-damage|p2a: Blissey|0 fnt","|faint|p2a: Blissey","|","|t:|1750828595","|switch|p2a: Swampert|Swampert, M|404/404","|","|-weather|Sandstorm|[upkeep]","|-heal|p1a: Registeel|37/364|[from] item: Leftovers","|upkeep","|turn|23","|","|t:|1750828606","|move|p2a: Swampert|Surf|p1a: Registeel","|-damage|p1a: Registeel|0 fnt","|faint|p1a: Registeel","|","|t:|1750828615","|switch|p1a: Aerodactyl|Aerodactyl, F|301/301","|","|-weather|Sandstorm|[upkeep]","|upkeep","|turn|24","|-message|thecrusher677 forfeited.","|","|win|simb",""],"p1rating":null,"p2rating":null,"endType":"forfeit","ladderError":true,"timestamp":"Tue Jun 24 2025 22:16:59 GMT-0700 (アメリカ太平洋夏時間)","roomid":"battle-gen3ou-617","format":"gen3ou"}