{"winner":"thecrusher677","seed":"sodium,3eb95658d1658baa6d41f88ce70fe729","turns":30,"p1":"thecrusher677","p2":"simb","p1team":[{"name":"Magneton","species":"Magneton","item":"Magnet","ability":"Magnet Pull","moves":["Thunderbolt","Toxic","Hidden Power Fire","Protect"],"nature":"Modest","evs":{"hp":4,"atk":0,"def":0,"spa":252,"spd":0,"spe":252},"gender":"N","ivs":{"hp":31,"atk":2,"def":31,"spa":30,"spd":31,"spe":30},"happiness":255,"hpType":"Fire","pokeball":"","gigantamax":false,"dynamaxLevel":10,"teraType":"","level":100},{"name":"Tyranitar","species":"Tyranitar","item":"Leftovers","ability":"Sand Stream","moves":["Crunch","Dragon Dance","Hidden Power Grass","Fire Blast"],"nature":"Modest","evs":{"hp":240,"atk":0,"def":0,"spa":188,"spd":48,"spe":32},"gender":"M","ivs":{"hp":31,"atk":2,"def":31,"spa":30,"spd":31,"spe":31},"happiness":255,"hpType":"Grass","pokeball":"","gigantamax":false,"dynamaxLevel":10,"teraType":"","level":100},{"name":"Salamence","species":"Salamence","item":"Choice Band","ability":"Intimidate","moves":["Earthquake","Hidden Power Flying","Brick Break","Rock Slide"],"nature":"Adamant","evs":{"hp":120,"atk":252,"def":0,"spa":0,"spd":0,"spe":136},"gender":"F","ivs":{"hp":30,"atk":30,"def":30,"spa":30,"spd":30,"spe":31},"happiness":255,"hpType":"Flying","pokeball":"","gigantamax":false,"dynamaxLevel":10,"teraType":"","level":100},{"name":"Blissey","species":"Blissey","item":"Leftovers","ability":"Natural Cure","moves":["Seismic Toss","Wish","Protect","Toxic"],"nature":"","evs":{"hp":4,"atk":0,"def":252,"spa":0,"spd":252,"spe":0},"gender":"F","ivs":{"hp":31,"atk":0,"def":31,"spa":31,"spd":31,"spe":31},"level":100},{"name":"Metagross","species":"Metagross","item":"Leftovers","ability":"Clear Body","moves":["Agility","Meteor Mash","Earthquake","Explosion"],"nature":"Adamant","evs":{"hp":168,"atk":252,"def":0,"spa":0,"spd":0,"spe":88},"gender":"N","level":100,"ivs":{"hp":31,"atk":31,"def":31,"spa":31,"spd":31,"spe":31}},{"name":"Swampert","species":"Swampert","item":"Leftovers","ability":"Torrent","moves":["Surf","Ice Beam","Protect","Toxic"],"nature":"Bold","evs":{"hp":252,"atk":0,"def":160,"spa":0,"spd":96,"spe":0},"gender":"F","ivs":{"hp":31,"atk":0,"def":31,"spa":31,"spd":31,"spe":31},"level":100}],"p2team":[{"name":"Salamence","species":"Salamence","item":"Choice Band","ability":"Intimidate","moves":["Earthquake","Hidden Power Flying","Brick Break","Rock Slide"],"nature":"Adamant","evs":{"hp":120,"atk":252,"def":0,"spa":0,"spd":0,"spe":136},"gender":"F","ivs":{"hp":30,"atk":30,"def":30,"spa":30,"spd":30,"spe":31},"happiness":255,"hpType":"Flying","pokeball":"","gigantamax":false,"dynamaxLevel":10,"teraType":"","level":100},{"name":"Magneton","species":"Magneton","item":"Magnet","ability":"Magnet Pull","moves":["Thunderbolt","Toxic","Hidden Power Fire","Protect"],"nature":"Modest","evs":{"hp":4,"atk":0,"def":0,"spa":252,"spd":0,"spe":252},"gender":"N","ivs":{"hp":31,"atk":2,"def":31,"spa":30,"spd":31,"spe":30},"happiness":255,"hpType":"Fire","pokeball":"","gigantamax":false,"dynamaxLevel":10,"teraType":"","level":100},{"name":"Tyranitar","species":"Tyranitar","item":"Leftovers","ability":"Sand Stream","moves":["Crunch","Pursuit","Hidden Power Grass","Fire Blast"],"nature":"Modest","evs":{"hp":240,"atk":0,"def":0,"spa":188,"spd":48,"spe":32},"gender":"M","ivs":{"hp":31,"atk":2,"def":31,"spa":30,"spd":31,"spe":31},"happiness":255,"hpType":"Grass","pokeball":"","gigantamax":false,"dynamaxLevel":10,"teraType":"","level":100},{"name":"Blissey","species":"Blissey","item":"Leftovers","ability":"Natural Cure","moves":["Seismic Toss","Wish","Protect","Toxic"],"nature":"","evs":{"hp":4,"atk":0,"def":252,"spa":0,"spd":252,"spe":0},"gender":"F","ivs":{"hp":31,"atk":0,"def":31,"spa":31,"spd":31,"spe":31},"level":100},{"name":"Metagross","species":"Metagross","item":"Leftovers","ability":"Clear Body","moves":["Agility","Meteor Mash","Earthquake","Explosion"],"nature":"Adamant","evs":{"hp":168,"atk":252,"def":0,"spa":0,"spd":0,"spe":88},"gender":"N","level":100,"ivs":{"hp":31,"atk":31,"def":31,"spa":31,"spd":31,"spe":31}},{"name":"Swampert","species":"Swampert","item":"Leftovers","ability":"Torrent","moves":["Surf","Ice Beam","Protect","Toxic"],"nature":"Bold","evs":{"hp":252,"atk":0,"def":160,"spa":0,"spd":96,"spe":0},"gender":"M","ivs":{"hp":31,"atk":0,"def":31,"spa":31,"spd":31,"spe":31},"level":100}],"score":[4,0],"inputLog":[">version 372d05e49c92a79eecdf6c8dddb208bd1765c00f",">start {\"formatid\":\"gen3ou\",\"seed\":\"sodium,3eb95658d1658baa6d41f88ce70fe729\"}",">player p1 {\"name\":\"thecrusher677\",\"avatar\":\"1\",\"team\":\"Magneton||Magnet|MagnetPull|Thunderbolt,Toxic,HiddenPowerFire,Protect|Modest|4,,,252,,252|N|,2,,30,,30|||,Fire,,,,]Tyranitar||Leftovers|SandStream|Crunch,DragonDance,HiddenPowerGrass,FireBlast|Modest|240,,,188,48,32|M|,2,,30,,|||,Grass,,,,]Salamence||ChoiceBand|Intimidate|Earthquake,HiddenPowerFlying,BrickBreak,RockSlide|Adamant|120,252,,,,136|F|30,30,30,30,30,|||,Flying,,,,]Blissey||Leftovers|NaturalCure|SeismicToss,Wish,Protect,Toxic||4,,252,,252,|F|,0,,,,|||]Metagross||Leftovers|ClearBody|Agility,MeteorMash,Earthquake,Explosion|Adamant|168,252,,,,88|N||||]Swampert||Leftovers|Torrent|Surf,IceBeam,Protect,Toxic|Bold|252,,160,,96,|F|,0,,,,|||\",\"rating\":0}",">player p2 {\"name\":\"simb\",\"avatar\":\"170\",\"team\":\"Salamence||ChoiceBand|Intimidate|Earthquake,HiddenPowerFlying,BrickBreak,RockSlide|Adamant|120,252,,,,136|F|30,30,30,30,30,|||,Flying,,,,]Magneton||Magnet|MagnetPull|Thunderbolt,Toxic,HiddenPowerFire,Protect|Modest|4,,,252,,252|N|,2,,30,,30|||,Fire,,,,]Tyranitar||Leftovers|SandStream|Crunch,Pursuit,HiddenPowerGrass,FireBlast|Modest|240,,,188,48,32|M|,2,,30,,|||,Grass,,,,]Blissey||Leftovers|NaturalCure|SeismicToss,Wish,Protect,Toxic||4,,252,,252,|F|,0,,,,|||]Metagross||Leftovers|ClearBody|Agility,MeteorMash,Earthquake,Explosion|Adamant|168,252,,,,88|N||||]Swampert||Leftovers|Torrent|Surf,IceBeam,Protect,Toxic|Bold|252,,160,,96,|M|,0,,,,|||\",\"rating\":0}",">p1 switch 3",">p2 move earthquake",">p1 move rockslide",">p2 move earthquake",">p1 move rockslide",">p2 move earthquake",">p2 switch 2",">p1 switch 4",">p2 move thunderbolt",">p1 move wish",">p2 move thunderbolt",">p1 switch 4",">p2 move thunderbolt",">p1 switch 2",">p1 move fireblast",">p2 move thunderbolt",">p2 switch 3",">p1 switch 4",">p2 move hiddenpower",">p1 move toxic",">p2 move crunch",">p1 move protect",">p2 move crunch",">p1 move wish",">p2 move crunch",">p1 move protect",">p2 move crunch",">p1 move wish",">p2 move crunch",">p1 switch 4",">p2 move crunch",">p1 switch 4",">p2 move hiddenpower",">p2 switch 4",">p1 move toxic",">p2 move seismictoss",">p1 move toxic",">p2 move seismictoss",">p1 move toxic",">p2 move seismictoss",">p1 move protect",">p2 move seismictoss",">p1 move wish",">p2 move seismictoss",">p1 move protect",">p2 move seismictoss",">p1 move wish",">p2 move seismictoss",">p1 move protect",">p2 move seismictoss",">p2 switch 5",">p1 switch 3",">p2 move explosion",">p1 switch 3",">p2 switch 6",">p1 move toxic",">p2 move surf",">p1 move protect",">p2 move surf",">p1 move seismictoss",">p2 move surf",">p1 move protect",">p2 move surf",">p1 move wish",">p2 move surf",">p1 move protect",">p2 move surf"],"log":["|j|☆thecrusher677","|j|☆simb","|t:|1749099179","|gametype|singles","|player|p1|thecrusher677|1|","|player|p2|simb|170|","|teamsize|p1|6","|teamsize|p2|6","|gen|3","|tier|[Gen 3] OU","|rule|Sleep Clause Mod: Limit one foe put to sleep","|rule|Switch Priority Clause Mod: Faster Pokémon switch first","|rule|Species Clause: Limit one of each Pokémon","|rule|OHKO Clause: OHKO moves are banned","|rule|Evasion Items Clause: Evasion items are banned","|rule|Evasion Moves Clause: Evasion moves are banned","|rule|Endless Battle Clause: Forcing endless battles is banned","|rule|HP Percentage Mod: HP is shown in percentages","|rule|One Boost Passer Clause: Limit one Baton Passer that has a way to boost its stats","|rule|Freeze Clause Mod: Limit one foe frozen","|","|t:|1749099179","|start","|switch|p1a: Magneton|Magneton|242/242","|switch|p2a: Salamence|Salamence, F|360/360","|-ability|p2a: Salamence|Intimidate|boost","|-unboost|p1a: Magneton|atk|1","|turn|1","|","|t:|1749099304","|switch|p1a: Salamence|Salamence, F|360/360","|-ability|p1a: Salamence|Intimidate|boost","|-unboost|p2a: Salamence|atk|1","|move|p2a: Salamence|Earthquake|p1a: Salamence","|-immune|p1a: Salamence","|","|upkeep","|turn|2","|","|t:|1749099306","|move|p2a: Salamence|Earthquake|p1a: Salamence","|-immune|p1a: Salamence","|move|p1a: Salamence|Rock Slide|p2a: Salamence","|-supereffective|p2a: Salamence","|-damage|p2a: Salamence|14/360","|","|upkeep","|turn|3","|","|t:|1749099308","|move|p1a: Salamence|Rock Slide|p2a: Salamence","|-supereffective|p2a: Salamence","|-damage|p2a: Salamence|0 fnt","|faint|p2a: Salamence","|","|t:|1749099308","|switch|p2a: Magneton|Magneton|242/242","|","|upkeep","|turn|4","|","|t:|1749099319","|switch|p1a: Blissey|Blissey, F|652/652","|move|p2a: Magneton|Thunderbolt|p1a: Blissey","|-damage|p1a: Blissey|535/652","|","|-heal|p1a: Blissey|575/652|[from] item: Leftovers","|upkeep","|turn|5","|","|t:|1749099333","|move|p2a: Magneton|Thunderbolt|p1a: Blissey","|-damage|p1a: Blissey|458/652","|move|p1a: Blissey|Wish|p1a: Blissey","|","|-heal|p1a: Blissey|498/652|[from] item: Leftovers","|upkeep","|turn|6","|","|t:|1749099335","|switch|p1a: Salamence|Salamence, F|360/360","|-ability|p1a: Salamence|Intimidate|boost","|-unboost|p2a: Magneton|atk|1","|move|p2a: Magneton|Thunderbolt|p1a: Salamence","|-crit|p1a: Salamence","|-damage|p1a: Salamence|0 fnt","|faint|p1a: Salamence","|","|t:|1749099341","|switch|p1a: Tyranitar|Tyranitar, M|401/401","|-weather|Sandstorm|[from] ability: Sand Stream|[of] p1a: Tyranitar","|","|-weather|Sandstorm|[upkeep]","|upkeep","|turn|7","|","|t:|1749099342","|move|p2a: Magneton|Thunderbolt|p1a: Tyranitar","|-damage|p1a: Tyranitar|202/401","|move|p1a: Tyranitar|Fire Blast|p2a: Magneton","|-supereffective|p2a: Magneton","|-damage|p2a: Magneton|0 fnt","|faint|p2a: Magneton","|","|t:|1749099342","|switch|p2a: Tyranitar|Tyranitar, M|401/401","|","|-weather|Sandstorm|[upkeep]","|-heal|p1a: Tyranitar|227/401|[from] item: Leftovers","|upkeep","|turn|8","|","|t:|1749099351","|switch|p1a: Blissey|Blissey, F|498/652","|move|p2a: Tyranitar|Hidden Power|p1a: Blissey","|-damage|p1a: Blissey|454/652","|","|-weather|Sandstorm|[upkeep]","|-damage|p1a: Blissey|414/652|[from] Sandstorm","|-heal|p1a: Blissey|454/652|[from] item: Leftovers","|upkeep","|turn|9","|","|t:|1749099353","|move|p2a: Tyranitar|Crunch|p1a: Blissey","|-damage|p1a: Blissey|381/652","|move|p1a: Blissey|Toxic|p2a: Tyranitar","|-status|p2a: Tyranitar|tox","|","|-weather|Sandstorm|[upkeep]","|-damage|p1a: Blissey|341/652|[from] Sandstorm","|-damage|p2a: Tyranitar|376/401 tox|[from] psn","|-heal|p1a: Blissey|381/652|[from] item: Leftovers","|upkeep","|turn|10","|","|t:|1749099356","|move|p1a: Blissey|Protect|p1a: Blissey","|-singleturn|p1a: Blissey|Protect","|move|p2a: Tyranitar|Crunch|p1a: Blissey","|-activate|p1a: Blissey|Protect","|","|-weather|Sandstorm|[upkeep]","|-damage|p1a: Blissey|341/652|[from] Sandstorm","|-heal|p2a: Tyranitar|401/401 tox|[from] item: Leftovers","|-damage|p2a: Tyranitar|351/401 tox|[from] psn","|-heal|p1a: Blissey|381/652|[from] item: Leftovers","|upkeep","|turn|11","|","|t:|1749099357","|move|p2a: Tyranitar|Crunch|p1a: Blissey","|-damage|p1a: Blissey|297/652","|move|p1a: Blissey|Wish|p1a: Blissey","|","|-weather|Sandstorm|[upkeep]","|-damage|p1a: Blissey|257/652|[from] Sandstorm","|-heal|p2a: Tyranitar|376/401 tox|[from] item: Leftovers","|-damage|p2a: Tyranitar|301/401 tox|[from] psn","|-heal|p1a: Blissey|297/652|[from] item: Leftovers","|upkeep","|turn|12","|","|t:|1749099358","|move|p1a: Blissey|Protect|p1a: Blissey","|-singleturn|p1a: Blissey|Protect","|move|p2a: Tyranitar|Crunch|p1a: Blissey","|-activate|p1a: Blissey|Protect","|","|-heal|p1a: Blissey|623/652|[from] move: Wish|[wisher] Blissey","|-weather|Sandstorm|[upkeep]","|-damage|p1a: Blissey|583/652|[from] Sandstorm","|-heal|p2a: Tyranitar|326/401 tox|[from] item: Leftovers","|-damage|p2a: Tyranitar|226/401 tox|[from] psn","|-heal|p1a: Blissey|623/652|[from] item: Leftovers","|upkeep","|turn|13","|","|t:|1749099360","|move|p2a: Tyranitar|Crunch|p1a: Blissey","|-damage|p1a: Blissey|542/652","|-unboost|p1a: Blissey|spd|1","|move|p1a: Blissey|Wish|p1a: Blissey","|","|-weather|Sandstorm|[upkeep]","|-damage|p1a: Blissey|502/652|[from] Sandstorm","|-heal|p2a: Tyranitar|251/401 tox|[from] item: Leftovers","|-damage|p2a: Tyranitar|126/401 tox|[from] psn","|-heal|p1a: Blissey|542/652|[from] item: Leftovers","|upkeep","|turn|14","|","|t:|1749099364","|switch|p1a: Tyranitar|Tyranitar, M|227/401","|move|p2a: Tyranitar|Crunch|p1a: Tyranitar","|-resisted|p1a: Tyranitar","|-crit|p1a: Tyranitar","|-damage|p1a: Tyranitar|108/401","|-unboost|p1a: Tyranitar|spd|1","|","|-heal|p1a: Tyranitar|308/401|[from] move: Wish|[wisher] Blissey","|-weather|Sandstorm|[upkeep]","|-heal|p1a: Tyranitar|333/401|[from] item: Leftovers","|-heal|p2a: Tyranitar|151/401 tox|[from] item: Leftovers","|-damage|p2a: Tyranitar|1/401 tox|[from] psn","|upkeep","|turn|15","|","|t:|1749099370","|switch|p1a: Blissey|Blissey, F|542/652","|move|p2a: Tyranitar|Hidden Power|p1a: Blissey","|-damage|p1a: Blissey|496/652","|","|-weather|Sandstorm|[upkeep]","|-damage|p1a: Blissey|456/652|[from] Sandstorm","|-heal|p2a: Tyranitar|26/401 tox|[from] item: Leftovers","|-damage|p2a: Tyranitar|0 fnt|[from] psn","|faint|p2a: Tyranitar","|-heal|p1a: Blissey|496/652|[from] item: Leftovers","|upkeep","|","|t:|1749099370","|switch|p2a: Blissey|Blissey, F|652/652","|turn|16","|","|t:|1749099479","|move|p2a: Blissey|Seismic Toss|p1a: Blissey","|-damage|p1a: Blissey|396/652","|move|p1a: Blissey|Toxic|p2a: Blissey|[miss]","|-miss|p1a: Blissey|p2a: Blissey","|","|-weather|Sandstorm|[upkeep]","|-damage|p2a: Blissey|612/652|[from] Sandstorm","|-damage|p1a: Blissey|356/652|[from] Sandstorm","|-heal|p2a: Blissey|652/652|[from] item: Leftovers","|-heal|p1a: Blissey|396/652|[from] item: Leftovers","|upkeep","|turn|17","|","|t:|1749099481","|move|p2a: Blissey|Seismic Toss|p1a: Blissey","|-damage|p1a: Blissey|296/652","|move|p1a: Blissey|Toxic|p2a: Blissey|[miss]","|-miss|p1a: Blissey|p2a: Blissey","|","|-weather|Sandstorm|[upkeep]","|-damage|p2a: Blissey|612/652|[from] Sandstorm","|-damage|p1a: Blissey|256/652|[from] Sandstorm","|-heal|p2a: Blissey|652/652|[from] item: Leftovers","|-heal|p1a: Blissey|296/652|[from] item: Leftovers","|upkeep","|turn|18","|","|t:|1749099482","|move|p2a: Blissey|Seismic Toss|p1a: Blissey","|-damage|p1a: Blissey|196/652","|move|p1a: Blissey|Toxic|p2a: Blissey","|-status|p2a: Blissey|tox","|","|-weather|Sandstorm|[upkeep]","|-damage|p2a: Blissey|612/652 tox|[from] Sandstorm","|-damage|p1a: Blissey|156/652|[from] Sandstorm","|-heal|p2a: Blissey|652/652 tox|[from] item: Leftovers","|-heal|p1a: Blissey|196/652|[from] item: Leftovers","|-damage|p2a: Blissey|612/652 tox|[from] psn","|upkeep","|turn|19","|","|t:|1749099485","|move|p1a: Blissey|Protect|p1a: Blissey","|-singleturn|p1a: Blissey|Protect","|move|p2a: Blissey|Seismic Toss|p1a: Blissey","|-activate|p1a: Blissey|Protect","|","|-weather|Sandstorm|[upkeep]","|-damage|p1a: Blissey|156/652|[from] Sandstorm","|-damage|p2a: Blissey|572/652 tox|[from] Sandstorm","|-heal|p2a: Blissey|612/652 tox|[from] item: Leftovers","|-heal|p1a: Blissey|196/652|[from] item: Leftovers","|-damage|p2a: Blissey|532/652 tox|[from] psn","|upkeep","|turn|20","|","|t:|1749099486","|move|p1a: Blissey|Wish|p1a: Blissey","|move|p2a: Blissey|Seismic Toss|p1a: Blissey","|-damage|p1a: Blissey|96/652","|","|-weather|Sandstorm|[upkeep]","|-damage|p1a: Blissey|56/652|[from] Sandstorm","|-damage|p2a: Blissey|492/652 tox|[from] Sandstorm","|-heal|p2a: Blissey|532/652 tox|[from] item: Leftovers","|-heal|p1a: Blissey|96/652|[from] item: Leftovers","|-damage|p2a: Blissey|412/652 tox|[from] psn","|upkeep","|turn|21","|","|t:|1749099487","|move|p1a: Blissey|Protect|p1a: Blissey","|-singleturn|p1a: Blissey|Protect","|move|p2a: Blissey|Seismic Toss|p1a: Blissey","|-activate|p1a: Blissey|Protect","|","|-heal|p1a: Blissey|422/652|[from] move: Wish|[wisher] Blissey","|-weather|Sandstorm|[upkeep]","|-damage|p2a: Blissey|372/652 tox|[from] Sandstorm","|-damage|p1a: Blissey|382/652|[from] Sandstorm","|-heal|p1a: Blissey|422/652|[from] item: Leftovers","|-heal|p2a: Blissey|412/652 tox|[from] item: Leftovers","|-damage|p2a: Blissey|252/652 tox|[from] psn","|upkeep","|turn|22","|","|t:|1749099487","|move|p1a: Blissey|Wish|p1a: Blissey","|move|p2a: Blissey|Seismic Toss|p1a: Blissey","|-damage|p1a: Blissey|322/652","|","|-weather|Sandstorm|[upkeep]","|-damage|p2a: Blissey|212/652 tox|[from] Sandstorm","|-damage|p1a: Blissey|282/652|[from] Sandstorm","|-heal|p2a: Blissey|252/652 tox|[from] item: Leftovers","|-heal|p1a: Blissey|322/652|[from] item: Leftovers","|-damage|p2a: Blissey|52/652 tox|[from] psn","|upkeep","|turn|23","|","|t:|1749099489","|move|p1a: Blissey|Protect|p1a: Blissey","|-singleturn|p1a: Blissey|Protect","|move|p2a: Blissey|Seismic Toss|p1a: Blissey","|-activate|p1a: Blissey|Protect","|","|-heal|p1a: Blissey|648/652|[from] move: Wish|[wisher] Blissey","|-weather|Sandstorm|[upkeep]","|-damage|p1a: Blissey|608/652|[from] Sandstorm","|-damage|p2a: Blissey|12/652 tox|[from] Sandstorm","|-heal|p1a: Blissey|648/652|[from] item: Leftovers","|-heal|p2a: Blissey|52/652 tox|[from] item: Leftovers","|-damage|p2a: Blissey|0 fnt|[from] psn","|faint|p2a: Blissey","|upkeep","|","|t:|1749099489","|switch|p2a: Metagross|Metagross|343/343","|turn|24","|","|t:|1749099495","|switch|p1a: Magneton|Magneton|242/242","|move|p2a: Metagross|Explosion|p1a: Magneton","|-resisted|p1a: Magneton","|-damage|p1a: Magneton|0 fnt","|faint|p2a: Metagross","|faint|p1a: Magneton","|","|t:|1749099498","|switch|p1a: Blissey|Blissey, F|648/652","|switch|p2a: Swampert|Swampert, M|404/404","|","|-weather|Sandstorm|[upkeep]","|-damage|p1a: Blissey|608/652|[from] Sandstorm","|-heal|p1a: Blissey|648/652|[from] item: Leftovers","|upkeep","|turn|25","|","|t:|1749099500","|move|p2a: Swampert|Surf|p1a: Blissey","|-crit|p1a: Blissey","|-damage|p1a: Blissey|530/652","|move|p1a: Blissey|Toxic|p2a: Swampert","|-status|p2a: Swampert|tox","|","|-weather|Sandstorm|[upkeep]","|-damage|p1a: Blissey|490/652|[from] Sandstorm","|-damage|p2a: Swampert|379/404 tox|[from] psn","|-heal|p1a: Blissey|530/652|[from] item: Leftovers","|upkeep","|turn|26","|","|t:|1749099501","|move|p1a: Blissey|Protect|p1a: Blissey","|-singleturn|p1a: Blissey|Protect","|move|p2a: Swampert|Surf|p1a: Blissey","|-activate|p1a: Blissey|Protect","|","|-weather|Sandstorm|[upkeep]","|-damage|p1a: Blissey|490/652|[from] Sandstorm","|-heal|p2a: Swampert|404/404 tox|[from] item: Leftovers","|-damage|p2a: Swampert|354/404 tox|[from] psn","|-heal|p1a: Blissey|530/652|[from] item: Leftovers","|upkeep","|turn|27","|","|t:|1749099503","|move|p2a: Swampert|Surf|p1a: Blissey","|-damage|p1a: Blissey|461/652","|move|p1a: Blissey|Seismic Toss|p2a: Swampert","|-damage|p2a: Swampert|254/404 tox","|","|-weather|Sandstorm|[upkeep]","|-damage|p1a: Blissey|421/652|[from] Sandstorm","|-heal|p2a: Swampert|279/404 tox|[from] item: Leftovers","|-damage|p2a: Swampert|204/404 tox|[from] psn","|-heal|p1a: Blissey|461/652|[from] item: Leftovers","|upkeep","|turn|28","|","|t:|1749099504","|move|p1a: Blissey|Protect|p1a: Blissey","|-singleturn|p1a: Blissey|Protect","|move|p2a: Swampert|Surf|p1a: Blissey","|-activate|p1a: Blissey|Protect","|","|-weather|Sandstorm|[upkeep]","|-damage|p1a: Blissey|421/652|[from] Sandstorm","|-heal|p2a: Swampert|229/404 tox|[from] item: Leftovers","|-damage|p2a: Swampert|129/404 tox|[from] psn","|-heal|p1a: Blissey|461/652|[from] item: Leftovers","|upkeep","|turn|29","|","|t:|1749099505","|move|p2a: Swampert|Surf|p1a: Blissey","|-damage|p1a: Blissey|375/652","|move|p1a: Blissey|Wish|p1a: Blissey","|","|-weather|Sandstorm|[upkeep]","|-damage|p1a: Blissey|335/652|[from] Sandstorm","|-heal|p2a: Swampert|154/404 tox|[from] item: Leftovers","|-damage|p2a: Swampert|29/404 tox|[from] psn","|-heal|p1a: Blissey|375/652|[from] item: Leftovers","|upkeep","|turn|30","|","|t:|1749099506","|move|p1a: Blissey|Protect|p1a: Blissey","|-singleturn|p1a: Blissey|Protect","|move|p2a: Swampert|Surf|p1a: Blissey","|-activate|p1a: Blissey|Protect","|","|-heal|p1a: Blissey|652/652|[from] move: Wish|[wisher] Blissey","|-weather|Sandstorm|[upkeep]","|-damage|p1a: Blissey|612/652|[from] Sandstorm","|-heal|p2a: Swampert|54/404 tox|[from] item: Leftovers","|-damage|p2a: Swampert|0 fnt|[from] psn","|faint|p2a: Swampert","|","|win|thecrusher677",""],"p1rating":null,"p2rating":null,"endType":"normal","ladderError":true,"timestamp":"Wed Jun 04 2025 21:58:26 GMT-0700 (アメリカ太平洋夏時間)","roomid":"battle-gen3ou-227","format":"gen3ou"}