{"winner":"thecrusher677","seed":"sodium,0844daa8c4dcca1f12f57ce01fb8486e","turns":31,"p1":"thecrusher677","p2":"simb","p1team":[{"name":"Salamence","species":"Salamence","item":"Choice Band","ability":"Intimidate","moves":["Earthquake","Hidden Power Flying","Brick Break","Rock Slide"],"nature":"Adamant","evs":{"hp":120,"atk":252,"def":0,"spa":0,"spd":0,"spe":136},"gender":"F","ivs":{"hp":30,"atk":30,"def":30,"spa":30,"spd":30,"spe":31},"happiness":255,"hpType":"Flying","pokeball":"","gigantamax":false,"dynamaxLevel":10,"teraType":"","level":100},{"name":"Magneton","species":"Magneton","item":"Magnet","ability":"Magnet Pull","moves":["Thunderbolt","Toxic","Hidden Power Fire","Protect"],"nature":"Modest","evs":{"hp":4,"atk":0,"def":0,"spa":252,"spd":0,"spe":252},"gender":"N","ivs":{"hp":31,"atk":2,"def":31,"spa":30,"spd":31,"spe":30},"happiness":255,"hpType":"Fire","pokeball":"","gigantamax":false,"dynamaxLevel":10,"teraType":"","level":100},{"name":"Tyranitar","species":"Tyranitar","item":"Leftovers","ability":"Sand Stream","moves":["Crunch","Dragon Dance","Hidden Power Grass","Fire Blast"],"nature":"Modest","evs":{"hp":240,"atk":0,"def":0,"spa":188,"spd":48,"spe":32},"gender":"M","ivs":{"hp":31,"atk":2,"def":31,"spa":30,"spd":31,"spe":31},"happiness":255,"hpType":"Grass","pokeball":"","gigantamax":false,"dynamaxLevel":10,"teraType":"","level":100},{"name":"Blissey","species":"Blissey","item":"Leftovers","ability":"Natural Cure","moves":["Seismic Toss","Wish","Protect","Toxic"],"nature":"","evs":{"hp":4,"atk":0,"def":252,"spa":0,"spd":252,"spe":0},"gender":"F","ivs":{"hp":31,"atk":0,"def":31,"spa":31,"spd":31,"spe":31},"level":100},{"name":"Metagross","species":"Metagross","item":"Leftovers","ability":"Clear Body","moves":["Agility","Meteor Mash","Earthquake","Explosion"],"nature":"Adamant","evs":{"hp":168,"atk":252,"def":0,"spa":0,"spd":0,"spe":88},"gender":"N","level":100,"ivs":{"hp":31,"atk":31,"def":31,"spa":31,"spd":31,"spe":31}},{"name":"Swampert","species":"Swampert","item":"Leftovers","ability":"Torrent","moves":["Surf","Ice Beam","Protect","Toxic"],"nature":"Bold","evs":{"hp":252,"atk":0,"def":160,"spa":0,"spd":96,"spe":0},"gender":"M","ivs":{"hp":31,"atk":0,"def":31,"spa":31,"spd":31,"spe":31},"level":100}],"p2team":[{"name":"Salamence","species":"Salamence","item":"Choice Band","ability":"Intimidate","moves":["Earthquake","Hidden Power Flying","Brick Break","Rock Slide"],"nature":"Adamant","evs":{"hp":120,"atk":252,"def":0,"spa":0,"spd":0,"spe":136},"gender":"M","ivs":{"hp":30,"atk":30,"def":30,"spa":30,"spd":30,"spe":31},"happiness":255,"hpType":"Flying","pokeball":"","gigantamax":false,"dynamaxLevel":10,"teraType":"","level":100},{"name":"Magneton","species":"Magneton","item":"Magnet","ability":"Magnet Pull","moves":["Thunderbolt","Toxic","Hidden Power Fire","Protect"],"nature":"Modest","evs":{"hp":4,"atk":0,"def":0,"spa":252,"spd":0,"spe":252},"gender":"N","ivs":{"hp":31,"atk":2,"def":31,"spa":30,"spd":31,"spe":30},"happiness":255,"hpType":"Fire","pokeball":"","gigantamax":false,"dynamaxLevel":10,"teraType":"","level":100},{"name":"Tyranitar","species":"Tyranitar","item":"Leftovers","ability":"Sand Stream","moves":["Crunch","Pursuit","Hidden Power Grass","Fire Blast"],"nature":"Modest","evs":{"hp":240,"atk":0,"def":0,"spa":188,"spd":48,"spe":32},"gender":"M","ivs":{"hp":31,"atk":2,"def":31,"spa":30,"spd":31,"spe":31},"happiness":255,"hpType":"Grass","pokeball":"","gigantamax":false,"dynamaxLevel":10,"teraType":"","level":100},{"name":"Blissey","species":"Blissey","item":"Leftovers","ability":"Natural Cure","moves":["Seismic Toss","Wish","Protect","Toxic"],"nature":"","evs":{"hp":4,"atk":0,"def":252,"spa":0,"spd":252,"spe":0},"gender":"F","ivs":{"hp":31,"atk":0,"def":31,"spa":31,"spd":31,"spe":31},"level":100},{"name":"Metagross","species":"Metagross","item":"Leftovers","ability":"Clear Body","moves":["Agility","Meteor Mash","Earthquake","Explosion"],"nature":"Adamant","evs":{"hp":168,"atk":252,"def":0,"spa":0,"spd":0,"spe":88},"gender":"N","level":100,"ivs":{"hp":31,"atk":31,"def":31,"spa":31,"spd":31,"spe":31}},{"name":"Swampert","species":"Swampert","item":"Leftovers","ability":"Torrent","moves":["Surf","Ice Beam","Protect","Toxic"],"nature":"Bold","evs":{"hp":252,"atk":0,"def":160,"spa":0,"spd":96,"spe":0},"gender":"M","ivs":{"hp":31,"atk":0,"def":31,"spa":31,"spd":31,"spe":31},"level":100}],"score":[3,0],"inputLog":[">version 372d05e49c92a79eecdf6c8dddb208bd1765c00f",">start {\"formatid\":\"gen3ou\",\"seed\":\"sodium,0844daa8c4dcca1f12f57ce01fb8486e\"}",">player p1 {\"name\":\"thecrusher677\",\"avatar\":\"1\",\"team\":\"Salamence||ChoiceBand|Intimidate|Earthquake,HiddenPowerFlying,BrickBreak,RockSlide|Adamant|120,252,,,,136|F|30,30,30,30,30,|||,Flying,,,,]Magneton||Magnet|MagnetPull|Thunderbolt,Toxic,HiddenPowerFire,Protect|Modest|4,,,252,,252|N|,2,,30,,30|||,Fire,,,,]Tyranitar||Leftovers|SandStream|Crunch,DragonDance,HiddenPowerGrass,FireBlast|Modest|240,,,188,48,32|M|,2,,30,,|||,Grass,,,,]Blissey||Leftovers|NaturalCure|SeismicToss,Wish,Protect,Toxic||4,,252,,252,|F|,0,,,,|||]Metagross||Leftovers|ClearBody|Agility,MeteorMash,Earthquake,Explosion|Adamant|168,252,,,,88|N||||]Swampert||Leftovers|Torrent|Surf,IceBeam,Protect,Toxic|Bold|252,,160,,96,|M|,0,,,,|||\",\"rating\":0}",">player p2 {\"name\":\"simb\",\"avatar\":\"170\",\"team\":\"Salamence||ChoiceBand|Intimidate|Earthquake,HiddenPowerFlying,BrickBreak,RockSlide|Adamant|120,252,,,,136|M|30,30,30,30,30,|||,Flying,,,,]Magneton||Magnet|MagnetPull|Thunderbolt,Toxic,HiddenPowerFire,Protect|Modest|4,,,252,,252|N|,2,,30,,30|||,Fire,,,,]Tyranitar||Leftovers|SandStream|Crunch,Pursuit,HiddenPowerGrass,FireBlast|Modest|240,,,188,48,32|M|,2,,30,,|||,Grass,,,,]Blissey||Leftovers|NaturalCure|SeismicToss,Wish,Protect,Toxic||4,,252,,252,|F|,0,,,,|||]Metagross||Leftovers|ClearBody|Agility,MeteorMash,Earthquake,Explosion|Adamant|168,252,,,,88|N||||]Swampert||Leftovers|Torrent|Surf,IceBeam,Protect,Toxic|Bold|252,,160,,96,|M|,0,,,,|||\",\"rating\":0}",">p1 switch 2",">p2 move rockslide",">p1 switch 2",">p2 move rockslide",">p1 switch 2",">p2 move rockslide",">p1 switch 2",">p2 move rockslide",">p1 move rockslide",">p2 move rockslide",">p1 switch 3",">p1 move dragondance",">p2 move rockslide",">p1 move dragondance",">p2 move rockslide",">p1 move dragondance",">p2 move rockslide",">p1 move dragondance",">p2 move rockslide",">p1 move dragondance",">p2 move rockslide",">p1 move dragondance",">p2 move rockslide",">p1 move dragondance",">p2 move rockslide",">p1 move crunch",">p2 move rockslide",">p1 move crunch",">p2 move rockslide",">p2 switch 2",">p1 move fireblast",">p2 move thunderbolt",">p2 switch 3",">p1 move hiddenpower",">p2 move crunch",">p1 move hiddenpower",">p2 move crunch",">p1 move hiddenpower",">p2 move crunch",">p1 move hiddenpower",">p2 move crunch",">p2 switch 4",">p1 move crunch",">p2 move seismictoss",">p1 switch 5",">p1 move agility",">p2 move seismictoss",">p1 move meteormash",">p2 move seismictoss",">p1 move meteormash",">p2 move seismictoss",">p2 switch 5",">p1 move earthquake",">p2 move explosion",">p1 switch 6",">p2 switch 6",">p1 move toxic",">p2 move surf",">p1 move protect",">p2 move surf",">p1 move toxic",">p2 move surf",">p1 move protect",">p2 move surf",">p1 move surf",">p2 move surf",">p1 move protect",">p2 move surf",">p1 move surf",">p2 move surf"],"log":["|j|☆thecrusher677","|j|☆simb","|t:|1749079091","|gametype|singles","|player|p1|thecrusher677|1|","|player|p2|simb|170|","|teamsize|p1|6","|teamsize|p2|6","|gen|3","|tier|[Gen 3] OU","|rule|Sleep Clause Mod: Limit one foe put to sleep","|rule|Switch Priority Clause Mod: Faster Pokémon switch first","|rule|Species Clause: Limit one of each Pokémon","|rule|OHKO Clause: OHKO moves are banned","|rule|Evasion Items Clause: Evasion items are banned","|rule|Evasion Moves Clause: Evasion moves are banned","|rule|Endless Battle Clause: Forcing endless battles is banned","|rule|HP Percentage Mod: HP is shown in percentages","|rule|One Boost Passer Clause: Limit one Baton Passer that has a way to boost its stats","|rule|Freeze Clause Mod: Limit one foe frozen","|","|t:|1749079091","|start","|switch|p1a: Salamence|Salamence, F|360/360","|switch|p2a: Salamence|Salamence, M|360/360","|-ability|p2a: Salamence|Intimidate|boost","|-unboost|p1a: Salamence|atk|1","|-ability|p1a: Salamence|Intimidate|boost","|-unboost|p2a: Salamence|atk|1","|turn|1","|","|t:|1749079106","|switch|p1a: Magneton|Magneton|242/242","|move|p2a: Salamence|Rock Slide|p1a: Magneton","|-resisted|p1a: Magneton","|-damage|p1a: Magneton|187/242","|","|upkeep","|turn|2","|","|t:|1749079108","|switch|p1a: Salamence|Salamence, F|360/360","|-ability|p1a: Salamence|Intimidate|boost","|-unboost|p2a: Salamence|atk|1","|move|p2a: Salamence|Rock Slide|p1a: Salamence","|-supereffective|p1a: Salamence","|-damage|p1a: Salamence|170/360","|","|upkeep","|turn|3","|","|t:|1749079120","|switch|p1a: Magneton|Magneton|187/242","|move|p2a: Salamence|Rock Slide|p1a: Magneton","|-resisted|p1a: Magneton","|-damage|p1a: Magneton|148/242","|","|upkeep","|turn|4","|","|t:|1749079122","|switch|p1a: Salamence|Salamence, F|170/360","|-ability|p1a: Salamence|Intimidate|boost","|-unboost|p2a: Salamence|atk|1","|move|p2a: Salamence|Rock Slide|p1a: Salamence","|-supereffective|p1a: Salamence","|-damage|p1a: Salamence|12/360","|","|upkeep","|turn|5","|","|t:|1749079129","|move|p2a: Salamence|Rock Slide|p1a: Salamence","|-supereffective|p1a: Salamence","|-damage|p1a: Salamence|0 fnt","|faint|p1a: Salamence","|","|t:|1749079133","|switch|p1a: Tyranitar|Tyranitar, M|401/401","|-weather|Sandstorm|[from] ability: Sand Stream|[of] p1a: Tyranitar","|","|-weather|Sandstorm|[upkeep]","|-damage|p2a: Salamence|338/360|[from] Sandstorm","|upkeep","|turn|6","|","|t:|1749079134","|move|p2a: Salamence|Rock Slide|p1a: Tyranitar","|-damage|p1a: Tyranitar|349/401","|cant|p1a: Tyranitar|flinch","|","|-weather|Sandstorm|[upkeep]","|-damage|p2a: Salamence|316/360|[from] Sandstorm","|-heal|p1a: Tyranitar|374/401|[from] item: Leftovers","|upkeep","|turn|7","|","|t:|1749079135","|move|p2a: Salamence|Rock Slide|p1a: Tyranitar","|-damage|p1a: Tyranitar|322/401","|move|p1a: Tyranitar|Dragon Dance|p1a: Tyranitar","|-boost|p1a: Tyranitar|atk|1","|-boost|p1a: Tyranitar|spe|1","|","|-weather|Sandstorm|[upkeep]","|-damage|p2a: Salamence|294/360|[from] Sandstorm","|-heal|p1a: Tyranitar|347/401|[from] item: Leftovers","|upkeep","|turn|8","|","|t:|1749079136","|move|p2a: Salamence|Rock Slide|p1a: Tyranitar","|-damage|p1a: Tyranitar|288/401","|move|p1a: Tyranitar|Dragon Dance|p1a: Tyranitar","|-boost|p1a: Tyranitar|atk|1","|-boost|p1a: Tyranitar|spe|1","|","|-weather|Sandstorm|[upkeep]","|-damage|p2a: Salamence|272/360|[from] Sandstorm","|-heal|p1a: Tyranitar|313/401|[from] item: Leftovers","|upkeep","|turn|9","|","|t:|1749079137","|move|p1a: Tyranitar|Dragon Dance|p1a: Tyranitar","|-boost|p1a: Tyranitar|atk|1","|-boost|p1a: Tyranitar|spe|1","|move|p2a: Salamence|Rock Slide|p1a: Tyranitar","|-damage|p1a: Tyranitar|256/401","|","|-weather|Sandstorm|[upkeep]","|-damage|p2a: Salamence|250/360|[from] Sandstorm","|-heal|p1a: Tyranitar|281/401|[from] item: Leftovers","|upkeep","|turn|10","|","|t:|1749079138","|move|p1a: Tyranitar|Dragon Dance|p1a: Tyranitar","|-boost|p1a: Tyranitar|atk|1","|-boost|p1a: Tyranitar|spe|1","|move|p2a: Salamence|Rock Slide|p1a: Tyranitar","|-damage|p1a: Tyranitar|222/401","|","|-weather|Sandstorm|[upkeep]","|-damage|p2a: Salamence|228/360|[from] Sandstorm","|-heal|p1a: Tyranitar|247/401|[from] item: Leftovers","|upkeep","|turn|11","|","|t:|1749079138","|move|p1a: Tyranitar|Dragon Dance|p1a: Tyranitar","|-boost|p1a: Tyranitar|atk|1","|-boost|p1a: Tyranitar|spe|1","|move|p2a: Salamence|Rock Slide|p1a: Tyranitar","|-damage|p1a: Tyranitar|188/401","|","|-weather|Sandstorm|[upkeep]","|-damage|p2a: Salamence|206/360|[from] Sandstorm","|-heal|p1a: Tyranitar|213/401|[from] item: Leftovers","|upkeep","|turn|12","|","|t:|1749079139","|move|p1a: Tyranitar|Dragon Dance|p1a: Tyranitar","|-boost|p1a: Tyranitar|atk|1","|-boost|p1a: Tyranitar|spe|1","|move|p2a: Salamence|Rock Slide|p1a: Tyranitar","|-damage|p1a: Tyranitar|157/401","|","|-weather|Sandstorm|[upkeep]","|-damage|p2a: Salamence|184/360|[from] Sandstorm","|-heal|p1a: Tyranitar|182/401|[from] item: Leftovers","|upkeep","|turn|13","|","|t:|1749079195","|move|p1a: Tyranitar|Crunch|p2a: Salamence","|-damage|p2a: Salamence|32/360","|move|p2a: Salamence|Rock Slide|p1a: Tyranitar","|-damage|p1a: Tyranitar|123/401","|","|-weather|Sandstorm|[upkeep]","|-damage|p2a: Salamence|10/360|[from] Sandstorm","|-heal|p1a: Tyranitar|148/401|[from] item: Leftovers","|upkeep","|turn|14","|","|t:|1749079195","|move|p1a: Tyranitar|Crunch|p2a: Salamence","|-damage|p2a: Salamence|0 fnt","|faint|p2a: Salamence","|","|t:|1749079195","|switch|p2a: Magneton|Magneton|242/242","|","|-weather|Sandstorm|[upkeep]","|-heal|p1a: Tyranitar|173/401|[from] item: Leftovers","|upkeep","|turn|15","|","|t:|1749079197","|move|p1a: Tyranitar|Fire Blast|p2a: Magneton","|-supereffective|p2a: Magneton","|-damage|p2a: Magneton|0 fnt","|faint|p2a: Magneton","|","|t:|1749079197","|switch|p2a: Tyranitar|Tyranitar, M|401/401","|","|-weather|Sandstorm|[upkeep]","|-heal|p1a: Tyranitar|198/401|[from] item: Leftovers","|upkeep","|turn|16","|","|t:|1749079200","|move|p1a: Tyranitar|Hidden Power|p2a: Tyranitar","|-supereffective|p2a: Tyranitar","|-damage|p2a: Tyranitar|275/401","|move|p2a: Tyranitar|Crunch|p1a: Tyranitar","|-resisted|p1a: Tyranitar","|-damage|p1a: Tyranitar|140/401","|","|-weather|Sandstorm|[upkeep]","|-heal|p1a: Tyranitar|165/401|[from] item: Leftovers","|-heal|p2a: Tyranitar|300/401|[from] item: Leftovers","|upkeep","|turn|17","|","|t:|1749079201","|move|p1a: Tyranitar|Hidden Power|p2a: Tyranitar","|-supereffective|p2a: Tyranitar","|-damage|p2a: Tyranitar|178/401","|move|p2a: Tyranitar|Crunch|p1a: Tyranitar","|-resisted|p1a: Tyranitar","|-crit|p1a: Tyranitar","|-damage|p1a: Tyranitar|48/401","|","|-weather|Sandstorm|[upkeep]","|-heal|p1a: Tyranitar|73/401|[from] item: Leftovers","|-heal|p2a: Tyranitar|203/401|[from] item: Leftovers","|upkeep","|turn|18","|","|t:|1749079209","|move|p1a: Tyranitar|Hidden Power|p2a: Tyranitar","|-supereffective|p2a: Tyranitar","|-damage|p2a: Tyranitar|70/401","|move|p2a: Tyranitar|Crunch|p1a: Tyranitar","|-resisted|p1a: Tyranitar","|-damage|p1a: Tyranitar|13/401","|","|-weather|Sandstorm|[upkeep]","|-heal|p1a: Tyranitar|38/401|[from] item: Leftovers","|-heal|p2a: Tyranitar|95/401|[from] item: Leftovers","|upkeep","|turn|19","|","|t:|1749079210","|move|p1a: Tyranitar|Hidden Power|p2a: Tyranitar","|-supereffective|p2a: Tyranitar","|-damage|p2a: Tyranitar|0 fnt","|faint|p2a: Tyranitar","|","|t:|1749079210","|switch|p2a: Blissey|Blissey, F|652/652","|","|-weather|Sandstorm|[upkeep]","|-damage|p2a: Blissey|612/652|[from] Sandstorm","|-heal|p1a: Tyranitar|63/401|[from] item: Leftovers","|-heal|p2a: Blissey|652/652|[from] item: Leftovers","|upkeep","|turn|20","|","|t:|1749079213","|move|p1a: Tyranitar|Crunch|p2a: Blissey","|-damage|p2a: Blissey|579/652","|move|p2a: Blissey|Seismic Toss|p1a: Tyranitar","|-damage|p1a: Tyranitar|0 fnt","|faint|p1a: Tyranitar","|","|t:|1749079215","|switch|p1a: Metagross|Metagross|343/343","|","|-weather|Sandstorm|[upkeep]","|-damage|p2a: Blissey|539/652|[from] Sandstorm","|-heal|p2a: Blissey|579/652|[from] item: Leftovers","|upkeep","|turn|21","|","|t:|1749079218","|move|p1a: Metagross|Agility|p1a: Metagross","|-boost|p1a: Metagross|spe|2","|move|p2a: Blissey|Seismic Toss|p1a: Metagross","|-damage|p1a: Metagross|243/343","|","|-weather|Sandstorm|[upkeep]","|-damage|p2a: Blissey|539/652|[from] Sandstorm","|-heal|p1a: Metagross|264/343|[from] item: Leftovers","|-heal|p2a: Blissey|579/652|[from] item: Leftovers","|upkeep","|turn|22","|","|t:|1749079219","|move|p1a: Metagross|Meteor Mash|p2a: Blissey","|-damage|p2a: Blissey|197/652","|move|p2a: Blissey|Seismic Toss|p1a: Metagross","|-damage|p1a: Metagross|164/343","|","|-weather|Sandstorm|[upkeep]","|-damage|p2a: Blissey|157/652|[from] Sandstorm","|-heal|p1a: Metagross|185/343|[from] item: Leftovers","|-heal|p2a: Blissey|197/652|[from] item: Leftovers","|upkeep","|turn|23","|","|t:|1749079221","|move|p1a: Metagross|Meteor Mash|p2a: Blissey","|-damage|p2a: Blissey|0 fnt","|faint|p2a: Blissey","|","|t:|1749079221","|switch|p2a: Metagross|Metagross|343/343","|","|-weather|Sandstorm|[upkeep]","|-heal|p1a: Metagross|206/343|[from] item: Leftovers","|upkeep","|turn|24","|","|t:|1749079224","|move|p1a: Metagross|Earthquake|p2a: Metagross","|-supereffective|p2a: Metagross","|-damage|p2a: Metagross|132/343","|move|p2a: Metagross|Explosion|p1a: Metagross","|-resisted|p1a: Metagross","|-damage|p1a: Metagross|0 fnt","|faint|p2a: Metagross","|faint|p1a: Metagross","|","|t:|1749079225","|switch|p1a: Swampert|Swampert, M|404/404","|switch|p2a: Swampert|Swampert, M|404/404","|","|-weather|Sandstorm|[upkeep]","|upkeep","|turn|25","|","|t:|1749079227","|move|p2a: Swampert|Surf|p1a: Swampert","|-damage|p1a: Swampert|301/404","|move|p1a: Swampert|Toxic|p2a: Swampert|[miss]","|-miss|p1a: Swampert|p2a: Swampert","|","|-weather|Sandstorm|[upkeep]","|-heal|p1a: Swampert|326/404|[from] item: Leftovers","|upkeep","|turn|26","|","|t:|1749079228","|move|p1a: Swampert|Protect|p1a: Swampert","|-singleturn|p1a: Swampert|Protect","|move|p2a: Swampert|Surf|p1a: Swampert","|-activate|p1a: Swampert|Protect","|","|-weather|Sandstorm|[upkeep]","|-heal|p1a: Swampert|351/404|[from] item: Leftovers","|upkeep","|turn|27","|","|t:|1749079229","|move|p2a: Swampert|Surf|p1a: Swampert","|-damage|p1a: Swampert|253/404","|move|p1a: Swampert|Toxic|p2a: Swampert","|-status|p2a: Swampert|tox","|","|-weather|Sandstorm|[upkeep]","|-heal|p1a: Swampert|278/404|[from] item: Leftovers","|-damage|p2a: Swampert|379/404 tox|[from] psn","|upkeep","|turn|28","|","|t:|1749079231","|move|p1a: Swampert|Protect|p1a: Swampert","|-singleturn|p1a: Swampert|Protect","|move|p2a: Swampert|Surf|p1a: Swampert","|-activate|p1a: Swampert|Protect","|","|-weather|Sandstorm|[upkeep]","|-heal|p1a: Swampert|303/404|[from] item: Leftovers","|-heal|p2a: Swampert|404/404 tox|[from] item: Leftovers","|-damage|p2a: Swampert|354/404 tox|[from] psn","|upkeep","|turn|29","|","|t:|1749079232","|move|p2a: Swampert|Surf|p1a: Swampert","|-damage|p1a: Swampert|214/404","|move|p1a: Swampert|Surf|p2a: Swampert","|-damage|p2a: Swampert|258/404 tox","|","|-weather|Sandstorm|[upkeep]","|-heal|p2a: Swampert|283/404 tox|[from] item: Leftovers","|-heal|p1a: Swampert|239/404|[from] item: Leftovers","|-damage|p2a: Swampert|208/404 tox|[from] psn","|upkeep","|turn|30","|","|t:|1749079233","|move|p1a: Swampert|Protect|p1a: Swampert","|-singleturn|p1a: Swampert|Protect","|move|p2a: Swampert|Surf|p1a: Swampert","|-activate|p1a: Swampert|Protect","|","|-weather|Sandstorm|[upkeep]","|-heal|p2a: Swampert|233/404 tox|[from] item: Leftovers","|-heal|p1a: Swampert|264/404|[from] item: Leftovers","|-damage|p2a: Swampert|133/404 tox|[from] psn","|upkeep","|turn|31","|","|t:|1749079234","|move|p1a: Swampert|Surf|p2a: Swampert","|-damage|p2a: Swampert|33/404 tox","|move|p2a: Swampert|Surf|p1a: Swampert","|-damage|p1a: Swampert|126/404","|","|-weather|Sandstorm|[upkeep]","|-heal|p2a: Swampert|58/404 tox|[from] item: Leftovers","|-heal|p1a: Swampert|151/404|[from] item: Leftovers","|-damage|p2a: Swampert|0 fnt|[from] psn","|faint|p2a: Swampert","|","|win|thecrusher677",""],"p1rating":null,"p2rating":null,"endType":"normal","ladderError":true,"timestamp":"Wed Jun 04 2025 16:20:34 GMT-0700 (アメリカ太平洋夏時間)","roomid":"battle-gen3ou-199","format":"gen3ou"}