{"winner":"simb","seed":"sodium,cb04e35084cd44d67701bb1484ca7b5e","turns":30,"p1":"sima","p2":"simb","p1team":[{"name":"Hariyama","species":"Hariyama","gender":"","shiny":false,"level":87,"moves":["knockoff","heavyslam","bulletpunch","closecombat"],"ability":"Thick Fat","evs":{"hp":85,"atk":85,"def":85,"spa":85,"spd":85,"spe":85},"ivs":{"hp":31,"atk":31,"def":31,"spa":31,"spd":31,"spe":31},"item":"Assault Vest","teraType":"Steel","role":"AV Pivot"},{"name":"Flutter Mane","species":"Flutter Mane","gender":"N","shiny":false,"level":74,"moves":["calmmind","shadowball","moonblast","mysticalfire"],"ability":"Protosynthesis","evs":{"hp":85,"atk":0,"def":85,"spa":85,"spd":85,"spe":85},"ivs":{"hp":31,"atk":0,"def":31,"spa":31,"spd":31,"spe":31},"item":"Life Orb","teraType":"Ghost","role":"Setup Sweeper"},{"name":"Frosmoth","species":"Frosmoth","gender":"","shiny":false,"level":82,"moves":["quiverdance","icebeam","gigadrain","bugbuzz"],"ability":"Ice Scales","evs":{"hp":85,"atk":0,"def":85,"spa":85,"spd":85,"spe":85},"ivs":{"hp":31,"atk":0,"def":31,"spa":31,"spd":31,"spe":31},"item":"Heavy-Duty Boots","teraType":"Water","role":"Setup Sweeper"},{"name":"Oinkologne","species":"Oinkologne-F","gender":"F","shiny":false,"level":92,"moves":["curse","lashout","bodyslam","highhorsepower"],"ability":"Thick Fat","evs":{"hp":85,"atk":85,"def":85,"spa":85,"spd":85,"spe":85},"ivs":{"hp":31,"atk":31,"def":31,"spa":31,"spd":31,"spe":31},"item":"Leftovers","teraType":"Ground","role":"Bulky Setup"},{"name":"Flygon","species":"Flygon","gender":"","shiny":false,"level":82,"moves":["scaleshot","earthquake","stoneedge","dragondance"],"ability":"Levitate","evs":{"hp":85,"atk":85,"def":85,"spa":85,"spd":85,"spe":85},"ivs":{"hp":31,"atk":31,"def":31,"spa":31,"spd":31,"spe":31},"item":"Loaded Dice","teraType":"Ground","role":"Setup Sweeper"},{"name":"Camerupt","species":"Camerupt","gender":"","shiny":false,"level":91,"moves":["overheat","stealthrock","earthquake","roar"],"ability":"Solid Rock","evs":{"hp":85,"atk":85,"def":85,"spa":85,"spd":85,"spe":85},"ivs":{"hp":31,"atk":31,"def":31,"spa":31,"spd":31,"spe":31},"item":"Leftovers","teraType":"Water","role":"Bulky Support"}],"p2team":[{"name":"Vileplume","species":"Vileplume","gender":"","shiny":false,"level":85,"moves":["sludgebomb","gigadrain","sleeppowder","strengthsap"],"ability":"Effect Spore","evs":{"hp":85,"atk":0,"def":85,"spa":85,"spd":85,"spe":85},"ivs":{"hp":31,"atk":0,"def":31,"spa":31,"spd":31,"spe":31},"item":"Leftovers","teraType":"Water","role":"Bulky Attacker"},{"name":"Jolteon","species":"Jolteon","gender":"","shiny":false,"level":84,"moves":["thunderbolt","alluringvoice","voltswitch","shadowball"],"ability":"Volt Absorb","evs":{"hp":85,"atk":0,"def":85,"spa":85,"spd":85,"spe":85},"ivs":{"hp":31,"atk":0,"def":31,"spa":31,"spd":31,"spe":31},"item":"Choice Specs","teraType":"Electric","role":"Fast Attacker"},{"name":"Conkeldurr","species":"Conkeldurr","gender":"","shiny":false,"level":80,"moves":["knockoff","facade","closecombat","machpunch"],"ability":"Guts","evs":{"hp":85,"atk":85,"def":85,"spa":85,"spd":85,"spe":85},"ivs":{"hp":31,"atk":31,"def":31,"spa":31,"spd":31,"spe":31},"item":"Flame Orb","teraType":"Normal","role":"Wallbreaker"},{"name":"Tropius","species":"Tropius","gender":"","shiny":false,"level":91,"moves":["airslash","leechseed","protect","substitute"],"ability":"Harvest","evs":{"hp":85,"atk":0,"def":85,"spa":85,"spd":85,"spe":85},"ivs":{"hp":31,"atk":0,"def":31,"spa":31,"spd":31,"spe":31},"item":"Sitrus Berry","teraType":"Steel","role":"Bulky Support"},{"name":"Lapras","species":"Lapras","gender":"","shiny":false,"level":87,"moves":["earthquake","waterfall","dragondance","iciclespear"],"ability":"Water Absorb","evs":{"hp":81,"atk":85,"def":85,"spa":85,"spd":85,"spe":85},"ivs":{"hp":31,"atk":31,"def":31,"spa":31,"spd":31,"spe":31},"item":"Loaded Dice","teraType":"Ground","role":"Setup Sweeper"},{"name":"Magcargo","species":"Magcargo","gender":"","shiny":false,"level":95,"moves":["shellsmash","powergem","earthpower","fireblast"],"ability":"Weak Armor","evs":{"hp":85,"atk":0,"def":85,"spa":85,"spd":85,"spe":85},"ivs":{"hp":31,"atk":0,"def":31,"spa":31,"spd":31,"spe":31},"item":"Heavy-Duty Boots","teraType":"Dragon","role":"Setup Sweeper"}],"score":[0,2],"inputLog":[">version 372d05e49c92a79eecdf6c8dddb208bd1765c00f",">start {\"formatid\":\"gen9randombattle\",\"seed\":\"sodium,cb04e35084cd44d67701bb1484ca7b5e\"}",">player p1 {\"name\":\"sima\",\"avatar\":\"102\",\"rating\":0,\"seed\":\"sodium,42026e2ff4d36ea7b14d62634f5700ac\"}",">player p2 {\"name\":\"simb\",\"avatar\":\"170\",\"rating\":0,\"seed\":\"sodium,aabbd9f39975e535c4d6ab3303dd4440\"}",">p1 move knockoff",">p2 move sludgebomb",">p1 move knockoff",">p2 move sludgebomb",">p1 move knockoff",">p2 move sludgebomb",">p1 switch 2",">p1 move calmmind",">p2 move sludgebomb",">p1 move calmmind",">p2 move sludgebomb",">p1 move calmmind",">p2 move sludgebomb",">p1 move calmmind",">p2 move sludgebomb",">p1 switch 3",">p1 move quiverdance",">p2 move sludgebomb",">p1 move quiverdance",">p2 move sludgebomb",">p1 move quiverdance",">p2 move sludgebomb",">p1 move quiverdance",">p2 move sludgebomb",">p1 move quiverdance",">p2 move sludgebomb",">p1 move quiverdance",">p2 move sludgebomb",">p1 switch 4",">p1 move curse",">p2 move sludgebomb",">p1 move curse",">p2 move sludgebomb",">p1 move curse",">p2 move sludgebomb",">p1 move curse",">p2 move gigadrain",">p1 move curse",">p2 move gigadrain",">p1 switch 5",">p1 move scaleshot",">p2 move gigadrain",">p1 move scaleshot",">p2 move gigadrain",">p2 switch 2",">p1 move scaleshot",">p2 move thunderbolt",">p1 move scaleshot",">p2 move thunderbolt",">p2 switch 3",">p1 move scaleshot",">p2 move knockoff",">p1 switch 6",">p1 move overheat",">p2 move knockoff",">p2 switch 4",">p1 move overheat",">p2 move airslash",">p1 move overheat",">p2 move airslash",">p1 move overheat",">p2 move airslash",">p1 move overheat",">p2 move airslash",">p1 move overheat",">p2 move airslash",">p2 switch 5",">p1 move overheat",">p2 move earthquake"],"log":["|j|☆sima","|j|☆simb","|t:|1748835346","|gametype|singles","|player|p1|sima|102|","|player|p2|simb|170|","|teamsize|p1|6","|teamsize|p2|6","|gen|9","|tier|[Gen 9] Random Battle","|rule|Species Clause: Limit one of each Pokémon","|rule|HP Percentage Mod: HP is shown in percentages","|rule|Sleep Clause Mod: Limit one foe put to sleep","|rule|Illusion Level Mod: Illusion disguises the Pokémon's true level","|","|t:|1748835346","|start","|switch|p1a: Hariyama|Hariyama, L87, F|392/392","|switch|p2a: Vileplume|Vileplume, L85, F|266/266","|turn|1","|","|t:|1748835347","|move|p1a: Hariyama|Knock Off|p2a: Vileplume","|-damage|p2a: Vileplume|181/266","|-enditem|p2a: Vileplume|Leftovers|[from] move: Knock Off|[of] p1a: Hariyama","|move|p2a: Vileplume|Sludge Bomb|p1a: Hariyama","|-damage|p1a: Hariyama|307/392","|-status|p1a: Hariyama|psn","|","|-damage|p1a: Hariyama|258/392 psn|[from] psn","|upkeep","|turn|2","|","|t:|1748835347","|move|p1a: Hariyama|Knock Off|p2a: Vileplume","|-damage|p2a: Vileplume|127/266","|move|p2a: Vileplume|Sludge Bomb|p1a: Hariyama","|-damage|p1a: Hariyama|158/392 psn","|","|-damage|p1a: Hariyama|109/392 psn|[from] psn","|upkeep","|turn|3","|","|t:|1748835347","|move|p1a: Hariyama|Knock Off|p2a: Vileplume","|-damage|p2a: Vileplume|69/266","|move|p2a: Vileplume|Sludge Bomb|p1a: Hariyama","|-damage|p1a: Hariyama|12/392 psn","|","|-damage|p1a: Hariyama|0 fnt|[from] psn","|faint|p1a: Hariyama","|upkeep","|","|t:|1748835347","|switch|p1a: Flutter Mane|Flutter Mane, L74|203/203","|turn|4","|","|t:|1748835347","|move|p1a: Flutter Mane|Calm Mind|p1a: Flutter Mane","|-boost|p1a: Flutter Mane|spa|1","|-boost|p1a: Flutter Mane|spd|1","|move|p2a: Vileplume|Sludge Bomb|p1a: Flutter Mane","|-damage|p1a: Flutter Mane|140/203","|","|upkeep","|turn|5","|","|t:|1748835347","|move|p1a: Flutter Mane|Calm Mind|p1a: Flutter Mane","|-boost|p1a: Flutter Mane|spa|1","|-boost|p1a: Flutter Mane|spd|1","|move|p2a: Vileplume|Sludge Bomb|p1a: Flutter Mane","|-damage|p1a: Flutter Mane|95/203","|","|upkeep","|turn|6","|","|t:|1748835347","|move|p1a: Flutter Mane|Calm Mind|p1a: Flutter Mane","|-boost|p1a: Flutter Mane|spa|1","|-boost|p1a: Flutter Mane|spd|1","|move|p2a: Vileplume|Sludge Bomb|p1a: Flutter Mane","|-damage|p1a: Flutter Mane|56/203","|-status|p1a: Flutter Mane|psn","|","|-damage|p1a: Flutter Mane|31/203 psn|[from] psn","|upkeep","|turn|7","|","|t:|1748835347","|move|p1a: Flutter Mane|Calm Mind|p1a: Flutter Mane","|-boost|p1a: Flutter Mane|spa|1","|-boost|p1a: Flutter Mane|spd|1","|move|p2a: Vileplume|Sludge Bomb|p1a: Flutter Mane","|-damage|p1a: Flutter Mane|3/203 psn","|","|-damage|p1a: Flutter Mane|0 fnt|[from] psn","|faint|p1a: Flutter Mane","|-end|p1a: Flutter Mane|Protosynthesis|[silent]","|upkeep","|","|t:|1748835347","|switch|p1a: Frosmoth|Frosmoth, L82, M|249/249","|turn|8","|","|t:|1748835347","|move|p1a: Frosmoth|Quiver Dance|p1a: Frosmoth","|-boost|p1a: Frosmoth|spa|1","|-boost|p1a: Frosmoth|spd|1","|-boost|p1a: Frosmoth|spe|1","|move|p2a: Vileplume|Sludge Bomb|p1a: Frosmoth","|-damage|p1a: Frosmoth|213/249","|","|upkeep","|turn|9","|","|t:|1748835347","|move|p1a: Frosmoth|Quiver Dance|p1a: Frosmoth","|-boost|p1a: Frosmoth|spa|1","|-boost|p1a: Frosmoth|spd|1","|-boost|p1a: Frosmoth|spe|1","|move|p2a: Vileplume|Sludge Bomb|p1a: Frosmoth","|-damage|p1a: Frosmoth|188/249","|-status|p1a: Frosmoth|psn","|","|-damage|p1a: Frosmoth|157/249 psn|[from] psn","|upkeep","|turn|10","|","|t:|1748835347","|move|p1a: Frosmoth|Quiver Dance|p1a: Frosmoth","|-boost|p1a: Frosmoth|spa|1","|-boost|p1a: Frosmoth|spd|1","|-boost|p1a: Frosmoth|spe|1","|move|p2a: Vileplume|Sludge Bomb|p1a: Frosmoth","|-damage|p1a: Frosmoth|136/249 psn","|","|-damage|p1a: Frosmoth|105/249 psn|[from] psn","|upkeep","|turn|11","|","|t:|1748835347","|move|p1a: Frosmoth|Quiver Dance|p1a: Frosmoth","|-boost|p1a: Frosmoth|spa|1","|-boost|p1a: Frosmoth|spd|1","|-boost|p1a: Frosmoth|spe|1","|move|p2a: Vileplume|Sludge Bomb|p1a: Frosmoth","|-damage|p1a: Frosmoth|87/249 psn","|","|-damage|p1a: Frosmoth|56/249 psn|[from] psn","|upkeep","|turn|12","|","|t:|1748835347","|move|p1a: Frosmoth|Quiver Dance|p1a: Frosmoth","|-boost|p1a: Frosmoth|spa|1","|-boost|p1a: Frosmoth|spd|1","|-boost|p1a: Frosmoth|spe|1","|move|p2a: Vileplume|Sludge Bomb|p1a: Frosmoth","|-damage|p1a: Frosmoth|40/249 psn","|","|-damage|p1a: Frosmoth|9/249 psn|[from] psn","|upkeep","|turn|13","|","|t:|1748835348","|move|p1a: Frosmoth|Quiver Dance|p1a: Frosmoth","|-boost|p1a: Frosmoth|spa|1","|-boost|p1a: Frosmoth|spd|1","|-boost|p1a: Frosmoth|spe|1","|move|p2a: Vileplume|Sludge Bomb|p1a: Frosmoth","|-damage|p1a: Frosmoth|0 fnt","|faint|p1a: Frosmoth","|","|upkeep","|","|t:|1748835348","|switch|p1a: Oinkologne|Oinkologne-F, L92, F|361/361","|turn|14","|","|t:|1748835348","|move|p1a: Oinkologne|Curse|p1a: Oinkologne","|-unboost|p1a: Oinkologne|spe|1","|-boost|p1a: Oinkologne|atk|1","|-boost|p1a: Oinkologne|def|1","|move|p2a: Vileplume|Sludge Bomb|p1a: Oinkologne","|-damage|p1a: Oinkologne|253/361","|","|-heal|p1a: Oinkologne|275/361|[from] item: Leftovers","|upkeep","|turn|15","|","|t:|1748835348","|move|p2a: Vileplume|Sludge Bomb|p1a: Oinkologne","|-damage|p1a: Oinkologne|181/361","|move|p1a: Oinkologne|Curse|p1a: Oinkologne","|-unboost|p1a: Oinkologne|spe|1","|-boost|p1a: Oinkologne|atk|1","|-boost|p1a: Oinkologne|def|1","|","|-heal|p1a: Oinkologne|203/361|[from] item: Leftovers","|upkeep","|turn|16","|","|t:|1748835348","|move|p2a: Vileplume|Sludge Bomb|p1a: Oinkologne","|-damage|p1a: Oinkologne|107/361","|move|p1a: Oinkologne|Curse|p1a: Oinkologne","|-unboost|p1a: Oinkologne|spe|1","|-boost|p1a: Oinkologne|atk|1","|-boost|p1a: Oinkologne|def|1","|","|-heal|p1a: Oinkologne|129/361|[from] item: Leftovers","|upkeep","|turn|17","|","|t:|1748835348","|move|p2a: Vileplume|Giga Drain|p1a: Oinkologne","|-damage|p1a: Oinkologne|47/361","|-heal|p2a: Vileplume|110/266|[from] drain|[of] p1a: Oinkologne","|move|p1a: Oinkologne|Curse|p1a: Oinkologne","|-unboost|p1a: Oinkologne|spe|1","|-boost|p1a: Oinkologne|atk|1","|-boost|p1a: Oinkologne|def|1","|","|-heal|p1a: Oinkologne|69/361|[from] item: Leftovers","|upkeep","|turn|18","|","|t:|1748835348","|move|p2a: Vileplume|Giga Drain|p1a: Oinkologne","|-damage|p1a: Oinkologne|0 fnt","|-heal|p2a: Vileplume|145/266|[from] drain|[of] p1a: Oinkologne","|faint|p1a: Oinkologne","|","|upkeep","|","|t:|1748835348","|switch|p1a: Flygon|Flygon, L82, M|265/265","|turn|19","|","|t:|1748835348","|move|p1a: Flygon|Scale Shot|p2a: Vileplume","|-damage|p2a: Vileplume|120/266","|-damage|p2a: Vileplume|95/266","|-damage|p2a: Vileplume|65/266","|-damage|p2a: Vileplume|37/266","|-hitcount|p2a: Vileplume|4","|-unboost|p1a: Flygon|def|1","|-boost|p1a: Flygon|spe|1","|move|p2a: Vileplume|Giga Drain|p1a: Flygon","|-damage|p1a: Flygon|159/265","|-heal|p2a: Vileplume|90/266|[from] drain|[of] p1a: Flygon","|","|upkeep","|turn|20","|","|t:|1748835348","|move|p1a: Flygon|Scale Shot|p2a: Vileplume","|-damage|p2a: Vileplume|63/266","|-damage|p2a: Vileplume|35/266","|-crit|p2a: Vileplume","|-damage|p2a: Vileplume|0 fnt","|faint|p2a: Vileplume","|-hitcount|p2: Vileplume|3","|-unboost|p1a: Flygon|def|1","|-boost|p1a: Flygon|spe|1","|","|upkeep","|","|t:|1748835348","|switch|p2a: Jolteon|Jolteon, L84, M|246/246","|turn|21","|","|t:|1748835348","|move|p1a: Flygon|Scale Shot|p2a: Jolteon","|-damage|p2a: Jolteon|209/246","|-damage|p2a: Jolteon|173/246","|-damage|p2a: Jolteon|140/246","|-damage|p2a: Jolteon|106/246","|-hitcount|p2a: Jolteon|4","|-unboost|p1a: Flygon|def|1","|-boost|p1a: Flygon|spe|1","|move|p2a: Jolteon|Thunderbolt|p1a: Flygon","|-immune|p1a: Flygon","|","|upkeep","|turn|22","|","|t:|1748835348","|move|p1a: Flygon|Scale Shot|p2a: Jolteon","|-damage|p2a: Jolteon|70/246","|-damage|p2a: Jolteon|34/246","|-crit|p2a: Jolteon","|-damage|p2a: Jolteon|0 fnt","|faint|p2a: Jolteon","|-hitcount|p2: Jolteon|3","|-unboost|p1a: Flygon|def|1","|-boost|p1a: Flygon|spe|1","|","|upkeep","|","|t:|1748835348","|switch|p2a: Conkeldurr|Conkeldurr, L80, M|299/299","|turn|23","|","|t:|1748835349","|move|p1a: Flygon|Scale Shot|p2a: Conkeldurr","|-damage|p2a: Conkeldurr|272/299","|-damage|p2a: Conkeldurr|244/299","|-crit|p2a: Conkeldurr","|-damage|p2a: Conkeldurr|204/299","|-damage|p2a: Conkeldurr|177/299","|-hitcount|p2a: Conkeldurr|4","|-unboost|p1a: Flygon|def|1","|-boost|p1a: Flygon|spe|1","|move|p2a: Conkeldurr|Knock Off|p1a: Flygon","|-damage|p1a: Flygon|0 fnt","|-enditem|p1a: Flygon|Loaded Dice|[from] move: Knock Off|[of] p2a: Conkeldurr","|faint|p1a: Flygon","|","|-status|p2a: Conkeldurr|brn|[from] item: Flame Orb","|upkeep","|","|t:|1748835349","|switch|p1a: Camerupt|Camerupt, L91, M|275/275","|turn|24","|","|t:|1748835349","|move|p1a: Camerupt|Overheat|p2a: Conkeldurr","|-damage|p2a: Conkeldurr|0 fnt","|-unboost|p1a: Camerupt|spa|2","|faint|p2a: Conkeldurr","|","|upkeep","|","|t:|1748835349","|switch|p2a: Tropius|Tropius, L91, F|328/328","|turn|25","|","|t:|1748835349","|move|p2a: Tropius|Air Slash|p1a: Camerupt","|-damage|p1a: Camerupt|203/275","|move|p1a: Camerupt|Overheat|p2a: Tropius","|-supereffective|p2a: Tropius","|-damage|p2a: Tropius|164/328","|-unboost|p1a: Camerupt|spa|2","|-enditem|p2a: Tropius|Sitrus Berry|[eat]","|-heal|p2a: Tropius|246/328|[from] item: Sitrus Berry","|","|-heal|p1a: Camerupt|220/275|[from] item: Leftovers","|upkeep","|turn|26","|","|t:|1748835349","|move|p2a: Tropius|Air Slash|p1a: Camerupt","|-damage|p1a: Camerupt|147/275","|move|p1a: Camerupt|Overheat|p2a: Tropius","|-supereffective|p2a: Tropius","|-damage|p2a: Tropius|138/328","|-unboost|p1a: Camerupt|spa|2","|","|-heal|p1a: Camerupt|164/275|[from] item: Leftovers","|upkeep","|turn|27","|","|t:|1748835349","|move|p2a: Tropius|Air Slash|p1a: Camerupt","|-damage|p1a: Camerupt|82/275","|move|p1a: Camerupt|Overheat|p2a: Tropius","|-supereffective|p2a: Tropius","|-damage|p2a: Tropius|60/328","|","|-heal|p1a: Camerupt|99/275|[from] item: Leftovers","|-item|p2a: Tropius|Sitrus Berry|[from] ability: Harvest","|upkeep","|-enditem|p2a: Tropius|Sitrus Berry|[eat]","|-heal|p2a: Tropius|142/328|[from] item: Sitrus Berry","|turn|28","|","|t:|1748835349","|move|p2a: Tropius|Air Slash|p1a: Camerupt","|-damage|p1a: Camerupt|26/275","|move|p1a: Camerupt|Overheat|p2a: Tropius","|-supereffective|p2a: Tropius","|-damage|p2a: Tropius|64/328","|","|-heal|p1a: Camerupt|43/275|[from] item: Leftovers","|upkeep","|turn|29","|","|t:|1748835349","|move|p2a: Tropius|Air Slash|p1a: Camerupt|[miss]","|-miss|p2a: Tropius|p1a: Camerupt","|move|p1a: Camerupt|Overheat|p2a: Tropius","|-supereffective|p2a: Tropius","|-damage|p2a: Tropius|0 fnt","|faint|p2a: Tropius","|","|-heal|p1a: Camerupt|60/275|[from] item: Leftovers","|upkeep","|","|t:|1748835349","|switch|p2a: Lapras|Lapras, L87, F|367/367","|turn|30","|","|t:|1748835349","|move|p2a: Lapras|Earthquake|p1a: Camerupt","|-supereffective|p1a: Camerupt","|-crit|p1a: Camerupt","|-damage|p1a: Camerupt|0 fnt","|faint|p1a: Camerupt","|","|win|simb",""],"p1rating":null,"p2rating":null,"endType":"normal","ladderError":true,"timestamp":"Sun Jun 01 2025 20:35:49 GMT-0700 (アメリカ太平洋夏時間)","roomid":"battle-gen9randombattle-156","format":"gen9randombattle"}