{"winner":"sima","seed":"sodium,285682edfd817ec0f7519789d12327c6","turns":76,"p1":"sima","p2":"simb","p1team":[{"name":"Gardevoir","species":"Gardevoir","gender":"","shiny":false,"level":83,"moves":["moonblast","focusblast","psychic","calmmind"],"ability":"Trace","evs":{"hp":85,"atk":0,"def":85,"spa":85,"spd":85,"spe":85},"ivs":{"hp":31,"atk":0,"def":31,"spa":31,"spd":31,"spe":31},"item":"Life Orb","teraType":"Fighting","role":"Fast Attacker"},{"name":"Vigoroth","species":"Vigoroth","gender":"","shiny":false,"level":85,"moves":["earthquake","bodyslam","bulkup","slackoff"],"ability":"Vital Spirit","evs":{"hp":85,"atk":85,"def":85,"spa":85,"spd":85,"spe":85},"ivs":{"hp":31,"atk":31,"def":31,"spa":31,"spd":31,"spe":31},"item":"Eviolite","teraType":"Ground","role":"Bulky Attacker"},{"name":"Fezandipiti","species":"Fezandipiti","gender":"M","shiny":false,"level":82,"moves":["uturn","moonblast","beatup","gunkshot"],"ability":"Toxic Chain","evs":{"hp":85,"atk":85,"def":85,"spa":85,"spd":85,"spe":85},"ivs":{"hp":31,"atk":31,"def":31,"spa":31,"spd":31,"spe":31},"item":"Assault Vest","teraType":"Steel","role":"AV Pivot"},{"name":"Weavile","species":"Weavile","gender":"","shiny":false,"level":79,"moves":["tripleaxel","lowkick","iceshard","knockoff"],"ability":"Pickpocket","evs":{"hp":81,"atk":85,"def":85,"spa":85,"spd":85,"spe":85},"ivs":{"hp":31,"atk":31,"def":31,"spa":31,"spd":31,"spe":31},"item":"Choice Band","teraType":"Fighting","role":"Fast Attacker"},{"name":"Bombirdier","species":"Bombirdier","gender":"","shiny":false,"level":85,"moves":["roost","stoneedge","bravebird","knockoff"],"ability":"Rocky Payload","evs":{"hp":85,"atk":85,"def":85,"spa":85,"spd":85,"spe":85},"ivs":{"hp":31,"atk":31,"def":31,"spa":31,"spd":31,"spe":31},"item":"Heavy-Duty Boots","teraType":"Rock","role":"Fast Attacker"},{"name":"Leavanny","species":"Leavanny","gender":"","shiny":false,"level":86,"moves":["stickyweb","knockoff","tripleaxel","bulletseed"],"ability":"Chlorophyll","evs":{"hp":85,"atk":85,"def":85,"spa":85,"spd":85,"spe":85},"ivs":{"hp":31,"atk":31,"def":31,"spa":31,"spd":31,"spe":31},"item":"Loaded Dice","teraType":"Rock","role":"Fast Attacker"}],"p2team":[{"name":"Sableye","species":"Sableye","gender":"","shiny":false,"level":88,"moves":["encore","recover","knockoff","thunderwave"],"ability":"Prankster","evs":{"hp":85,"atk":85,"def":85,"spa":85,"spd":85,"spe":85},"ivs":{"hp":31,"atk":31,"def":31,"spa":31,"spd":31,"spe":31},"item":"Leftovers","teraType":"Poison","role":"Bulky Support"},{"name":"Diancie","species":"Diancie","gender":"N","shiny":false,"level":82,"moves":["drainingkiss","earthpower","diamondstorm","calmmind"],"ability":"Clear Body","evs":{"hp":85,"atk":85,"def":85,"spa":85,"spd":85,"spe":85},"ivs":{"hp":31,"atk":31,"def":31,"spa":31,"spd":31,"spe":31},"item":"Leftovers","teraType":"Fairy","role":"Bulky Setup"},{"name":"Sylveon","species":"Sylveon","gender":"","shiny":false,"level":85,"moves":["protect","wish","calmmind","hypervoice"],"ability":"Pixilate","evs":{"hp":85,"atk":0,"def":85,"spa":85,"spd":85,"spe":85},"ivs":{"hp":31,"atk":0,"def":31,"spa":31,"spd":31,"spe":31},"item":"Leftovers","teraType":"Steel","role":"Bulky Setup"},{"name":"Lokix","species":"Lokix","gender":"","shiny":false,"level":82,"moves":["firstimpression","leechlife","knockoff","suckerpunch"],"ability":"Tinted Lens","evs":{"hp":85,"atk":85,"def":85,"spa":85,"spd":85,"spe":85},"ivs":{"hp":31,"atk":31,"def":31,"spa":31,"spd":31,"spe":31},"item":"Life Orb","teraType":"Bug","role":"Wallbreaker"},{"name":"Misdreavus","species":"Misdreavus","gender":"","shiny":false,"level":90,"moves":["calmmind","willowisp","shadowball","drainingkiss"],"ability":"Levitate","evs":{"hp":85,"atk":0,"def":85,"spa":85,"spd":85,"spe":85},"ivs":{"hp":31,"atk":0,"def":31,"spa":31,"spd":31,"spe":31},"item":"Eviolite","teraType":"Fairy","role":"Bulky Setup"},{"name":"Gastrodon","species":"Gastrodon","gender":"","shiny":false,"level":86,"moves":["stealthrock","earthquake","surf","recover"],"ability":"Storm Drain","evs":{"hp":85,"atk":85,"def":85,"spa":85,"spd":85,"spe":85},"ivs":{"hp":31,"atk":31,"def":31,"spa":31,"spd":31,"spe":31},"item":"Leftovers","teraType":"Poison","role":"Bulky Attacker"}],"score":[4,0],"inputLog":[">version 372d05e49c92a79eecdf6c8dddb208bd1765c00f",">start {\"formatid\":\"gen9randombattle\",\"seed\":\"sodium,285682edfd817ec0f7519789d12327c6\"}",">player p1 {\"name\":\"sima\",\"avatar\":\"169\",\"rating\":0,\"seed\":\"sodium,501e48d32476c8f7860d87582fa6aac9\"}",">player p2 {\"name\":\"simb\",\"avatar\":\"102\",\"rating\":0,\"seed\":\"sodium,0699707d0f7722a20d605bf4ed60b4d1\"}",">p1 move moonblast",">p2 move encore",">p2 switch 2",">p1 move moonblast",">p2 move drainingkiss",">p1 move moonblast",">p2 move drainingkiss",">p1 move moonblast",">p2 move drainingkiss",">p2 switch 3",">p1 move moonblast",">p2 move protect",">p1 move moonblast",">p2 move protect",">p1 move moonblast",">p2 move protect",">p1 move moonblast",">p2 move protect",">p1 move moonblast",">p2 move protect",">p1 move moonblast",">p2 move protect",">p1 move moonblast",">p2 move protect",">p1 move moonblast",">p2 move protect",">p1 switch 2",">p1 move earthquake",">p2 move protect",">p1 move earthquake",">p2 move protect",">p1 move earthquake",">p2 move protect",">p1 move earthquake",">p2 move protect",">p2 switch 4",">p1 move earthquake",">p2 move firstimpression",">p1 move earthquake",">p2 move firstimpression",">p1 move earthquake",">p2 move firstimpression",">p1 move earthquake",">p2 move firstimpression",">p1 move earthquake",">p2 move firstimpression",">p1 move earthquake",">p2 move firstimpression",">p1 move earthquake",">p2 move firstimpression",">p2 switch 5",">p1 move earthquake",">p2 move calmmind",">p1 move earthquake",">p2 move calmmind",">p1 move earthquake",">p2 move calmmind",">p1 move earthquake",">p2 move calmmind",">p1 move earthquake",">p2 move calmmind",">p1 move bodyslam",">p2 move calmmind",">p1 move bodyslam",">p2 move calmmind",">p1 move bodyslam",">p2 move calmmind",">p1 move bodyslam",">p2 move calmmind",">p1 move bodyslam",">p2 move calmmind",">p1 move bodyslam",">p2 move calmmind",">p1 move bodyslam",">p2 move calmmind",">p1 move bodyslam",">p2 move calmmind",">p1 move bodyslam",">p2 move calmmind",">p1 move bodyslam",">p2 move calmmind",">p1 move bodyslam",">p2 move calmmind",">p1 move bodyslam",">p2 move calmmind",">p1 move bodyslam",">p2 move calmmind",">p1 move bodyslam",">p2 move calmmind",">p1 move bodyslam",">p2 move calmmind",">p1 move bodyslam",">p2 move calmmind",">p1 move bodyslam",">p2 move calmmind",">p1 move bodyslam",">p2 move calmmind",">p1 move bodyslam",">p2 move calmmind",">p1 move bodyslam",">p2 move calmmind",">p1 move bodyslam",">p2 move calmmind",">p1 move bodyslam",">p2 move calmmind",">p1 move bodyslam",">p2 move calmmind",">p1 move bodyslam",">p2 move calmmind",">p1 move bulkup",">p2 move calmmind",">p1 move bulkup",">p2 move calmmind",">p1 move bulkup",">p2 move calmmind",">p1 move bulkup",">p2 move willowisp",">p1 move bulkup",">p2 move willowisp",">p1 move bulkup",">p2 move willowisp",">p1 move bulkup",">p2 move willowisp",">p1 move bulkup",">p2 move willowisp",">p1 move bulkup",">p2 move willowisp",">p1 move bulkup",">p2 move willowisp",">p1 move bulkup",">p2 move willowisp",">p1 move bulkup",">p2 move willowisp",">p1 move bulkup",">p2 move willowisp",">p1 move bulkup",">p2 move willowisp",">p1 switch 3",">p1 move uturn",">p2 move willowisp",">p1 switch 4",">p1 move tripleaxel",">p2 move willowisp",">p1 move tripleaxel",">p2 move willowisp",">p1 move tripleaxel",">p2 move willowisp",">p1 move tripleaxel",">p2 move willowisp",">p2 switch 6",">p1 move tripleaxel",">p2 move stealthrock",">p1 move tripleaxel",">p2 move stealthrock",">p1 move tripleaxel",">p2 move stealthrock",">p1 move tripleaxel",">p2 move stealthrock",">p1 move tripleaxel",">p2 move stealthrock"],"log":["|j|☆sima","|j|☆simb","|t:|1748827737","|gametype|singles","|player|p1|sima|169|","|player|p2|simb|102|","|teamsize|p1|6","|teamsize|p2|6","|gen|9","|tier|[Gen 9] Random Battle","|rule|Species Clause: Limit one of each Pokémon","|rule|HP Percentage Mod: HP is shown in percentages","|rule|Sleep Clause Mod: Limit one foe put to sleep","|rule|Illusion Level Mod: Illusion disguises the Pokémon's true level","|","|t:|1748827738","|start","|switch|p1a: Gardevoir|Gardevoir, L83, M|249/249","|switch|p2a: Sableye|Sableye, L88, F|231/231","|-ability|p1a: Gardevoir|Prankster|[from] ability: Trace|[of] p2a: Sableye","|turn|1","|","|t:|1748827738","|move|p2a: Sableye|Encore||[still]","|-fail|p2a: Sableye","|move|p1a: Gardevoir|Moonblast|p2a: Sableye","|-supereffective|p2a: Sableye","|-damage|p2a: Sableye|0 fnt","|faint|p2a: Sableye","|-damage|p1a: Gardevoir|225/249|[from] item: Life Orb","|","|upkeep","|","|t:|1748827738","|switch|p2a: Diancie|Diancie, L82|216/216","|turn|2","|","|t:|1748827738","|move|p1a: Gardevoir|Moonblast|p2a: Diancie","|-damage|p2a: Diancie|107/216","|-damage|p1a: Gardevoir|201/249|[from] item: Life Orb","|move|p2a: Diancie|Draining Kiss|p1a: Gardevoir","|-damage|p1a: Gardevoir|159/249","|-heal|p2a: Diancie|139/216|[from] drain|[of] p1a: Gardevoir","|","|-heal|p2a: Diancie|152/216|[from] item: Leftovers","|upkeep","|turn|3","|","|t:|1748827738","|move|p1a: Gardevoir|Moonblast|p2a: Diancie","|-damage|p2a: Diancie|38/216","|-damage|p1a: Gardevoir|135/249|[from] item: Life Orb","|move|p2a: Diancie|Draining Kiss|p1a: Gardevoir","|-damage|p1a: Gardevoir|93/249","|-heal|p2a: Diancie|70/216|[from] drain|[of] p1a: Gardevoir","|","|-heal|p2a: Diancie|83/216|[from] item: Leftovers","|upkeep","|turn|4","|","|t:|1748827738","|move|p1a: Gardevoir|Moonblast|p2a: Diancie","|-damage|p2a: Diancie|0 fnt","|faint|p2a: Diancie","|-damage|p1a: Gardevoir|69/249|[from] item: Life Orb","|","|upkeep","|","|t:|1748827738","|switch|p2a: Sylveon|Sylveon, L85, M|300/300","|turn|5","|","|t:|1748827738","|move|p2a: Sylveon|Protect|p2a: Sylveon","|-singleturn|p2a: Sylveon|Protect","|move|p1a: Gardevoir|Moonblast|p2a: Sylveon","|-activate|p2a: Sylveon|move: Protect","|","|upkeep","|turn|6","|","|t:|1748827738","|move|p2a: Sylveon|Protect|p2a: Sylveon","|-singleturn|p2a: Sylveon|Protect","|move|p1a: Gardevoir|Moonblast|p2a: Sylveon","|-activate|p2a: Sylveon|move: Protect","|","|upkeep","|turn|7","|","|t:|1748827738","|move|p2a: Sylveon|Protect||[still]","|-fail|p2a: Sylveon","|move|p1a: Gardevoir|Moonblast|p2a: Sylveon","|-damage|p2a: Sylveon|183/300","|-damage|p1a: Gardevoir|45/249|[from] item: Life Orb","|","|-heal|p2a: Sylveon|201/300|[from] item: Leftovers","|upkeep","|turn|8","|","|t:|1748827738","|move|p2a: Sylveon|Protect|p2a: Sylveon","|-singleturn|p2a: Sylveon|Protect","|move|p1a: Gardevoir|Moonblast|p2a: Sylveon","|-activate|p2a: Sylveon|move: Protect","|","|-heal|p2a: Sylveon|219/300|[from] item: Leftovers","|upkeep","|turn|9","|","|t:|1748827739","|move|p2a: Sylveon|Protect||[still]","|-fail|p2a: Sylveon","|move|p1a: Gardevoir|Moonblast|p2a: Sylveon","|-damage|p2a: Sylveon|114/300","|-unboost|p2a: Sylveon|spa|1","|-damage|p1a: Gardevoir|21/249|[from] item: Life Orb","|","|-heal|p2a: Sylveon|132/300|[from] item: Leftovers","|upkeep","|turn|10","|","|t:|1748827739","|move|p2a: Sylveon|Protect|p2a: Sylveon","|-singleturn|p2a: Sylveon|Protect","|move|p1a: Gardevoir|Moonblast|p2a: Sylveon","|-activate|p2a: Sylveon|move: Protect","|","|-heal|p2a: Sylveon|150/300|[from] item: Leftovers","|upkeep","|turn|11","|","|t:|1748827739","|move|p2a: Sylveon|Protect|p2a: Sylveon","|-singleturn|p2a: Sylveon|Protect","|move|p1a: Gardevoir|Moonblast|p2a: Sylveon","|-activate|p2a: Sylveon|move: Protect","|","|-heal|p2a: Sylveon|168/300|[from] item: Leftovers","|upkeep","|turn|12","|","|t:|1748827739","|move|p2a: Sylveon|Protect||[still]","|-fail|p2a: Sylveon","|move|p1a: Gardevoir|Moonblast|p2a: Sylveon","|-damage|p2a: Sylveon|61/300","|-damage|p1a: Gardevoir|0 fnt|[from] item: Life Orb","|faint|p1a: Gardevoir","|","|-heal|p2a: Sylveon|79/300|[from] item: Leftovers","|upkeep","|","|t:|1748827739","|switch|p1a: Vigoroth|Vigoroth, L85, F|275/275","|turn|13","|","|t:|1748827739","|move|p2a: Sylveon|Protect|p2a: Sylveon","|-singleturn|p2a: Sylveon|Protect","|move|p1a: Vigoroth|Earthquake|p2a: Sylveon","|-activate|p2a: Sylveon|move: Protect","|","|-heal|p2a: Sylveon|97/300|[from] item: Leftovers","|upkeep","|turn|14","|","|t:|1748827739","|move|p2a: Sylveon|Protect||[still]","|-fail|p2a: Sylveon","|move|p1a: Vigoroth|Earthquake|p2a: Sylveon","|-damage|p2a: Sylveon|20/300","|","|-heal|p2a: Sylveon|38/300|[from] item: Leftovers","|upkeep","|turn|15","|","|t:|1748827739","|move|p2a: Sylveon|Protect|p2a: Sylveon","|-singleturn|p2a: Sylveon|Protect","|move|p1a: Vigoroth|Earthquake|p2a: Sylveon","|-activate|p2a: Sylveon|move: Protect","|","|-heal|p2a: Sylveon|56/300|[from] item: Leftovers","|upkeep","|turn|16","|","|t:|1748827739","|move|p2a: Sylveon|Protect||[still]","|-fail|p2a: Sylveon","|move|p1a: Vigoroth|Earthquake|p2a: Sylveon","|-damage|p2a: Sylveon|0 fnt","|faint|p2a: Sylveon","|","|upkeep","|","|t:|1748827739","|switch|p2a: Lokix|Lokix, L82, F|251/251","|turn|17","|","|t:|1748827739","|move|p2a: Lokix|First Impression|p1a: Vigoroth","|-damage|p1a: Vigoroth|185/275","|-damage|p2a: Lokix|226/251|[from] item: Life Orb","|move|p1a: Vigoroth|Earthquake|p2a: Lokix","|-resisted|p2a: Lokix","|-damage|p2a: Lokix|189/251","|","|upkeep","|turn|18","|","|t:|1748827739","|move|p2a: Lokix|First Impression||[still]","|-hint|First Impression only works on your first turn out.","|-fail|p2a: Lokix","|move|p1a: Vigoroth|Earthquake|p2a: Lokix","|-resisted|p2a: Lokix","|-damage|p2a: Lokix|153/251","|","|upkeep","|turn|19","|","|t:|1748827739","|move|p2a: Lokix|First Impression||[still]","|-hint|First Impression only works on your first turn out.","|-fail|p2a: Lokix","|move|p1a: Vigoroth|Earthquake|p2a: Lokix","|-resisted|p2a: Lokix","|-damage|p2a: Lokix|116/251","|","|upkeep","|turn|20","|","|t:|1748827739","|move|p2a: Lokix|First Impression||[still]","|-hint|First Impression only works on your first turn out.","|-fail|p2a: Lokix","|move|p1a: Vigoroth|Earthquake|p2a: Lokix","|-resisted|p2a: Lokix","|-damage|p2a: Lokix|79/251","|","|upkeep","|turn|21","|","|t:|1748827739","|move|p2a: Lokix|First Impression||[still]","|-hint|First Impression only works on your first turn out.","|-fail|p2a: Lokix","|move|p1a: Vigoroth|Earthquake|p2a: Lokix","|-resisted|p2a: Lokix","|-damage|p2a: Lokix|42/251","|","|upkeep","|turn|22","|","|t:|1748827740","|move|p2a: Lokix|First Impression||[still]","|-hint|First Impression only works on your first turn out.","|-fail|p2a: Lokix","|move|p1a: Vigoroth|Earthquake|p2a: Lokix","|-resisted|p2a: Lokix","|-damage|p2a: Lokix|5/251","|","|upkeep","|turn|23","|","|t:|1748827740","|move|p2a: Lokix|First Impression||[still]","|-hint|First Impression only works on your first turn out.","|-fail|p2a: Lokix","|move|p1a: Vigoroth|Earthquake|p2a: Lokix","|-resisted|p2a: Lokix","|-damage|p2a: Lokix|0 fnt","|faint|p2a: Lokix","|","|upkeep","|","|t:|1748827740","|switch|p2a: Misdreavus|Misdreavus, L90, M|254/254","|turn|24","|","|t:|1748827740","|move|p2a: Misdreavus|Calm Mind|p2a: Misdreavus","|-boost|p2a: Misdreavus|spa|1","|-boost|p2a: Misdreavus|spd|1","|move|p1a: Vigoroth|Earthquake|p2a: Misdreavus","|-immune|p2a: Misdreavus|[from] ability: Levitate","|","|upkeep","|turn|25","|","|t:|1748827740","|move|p2a: Misdreavus|Calm Mind|p2a: Misdreavus","|-boost|p2a: Misdreavus|spa|1","|-boost|p2a: Misdreavus|spd|1","|move|p1a: Vigoroth|Earthquake|p2a: Misdreavus","|-immune|p2a: Misdreavus|[from] ability: Levitate","|","|upkeep","|turn|26","|","|t:|1748827740","|move|p2a: Misdreavus|Calm Mind|p2a: Misdreavus","|-boost|p2a: Misdreavus|spa|1","|-boost|p2a: Misdreavus|spd|1","|move|p1a: Vigoroth|Earthquake|p2a: Misdreavus","|-immune|p2a: Misdreavus|[from] ability: Levitate","|","|upkeep","|turn|27","|","|t:|1748827740","|move|p2a: Misdreavus|Calm Mind|p2a: Misdreavus","|-boost|p2a: Misdreavus|spa|1","|-boost|p2a: Misdreavus|spd|1","|move|p1a: Vigoroth|Earthquake|p2a: Misdreavus","|-immune|p2a: Misdreavus|[from] ability: Levitate","|","|upkeep","|turn|28","|","|t:|1748827740","|move|p2a: Misdreavus|Calm Mind|p2a: Misdreavus","|-boost|p2a: Misdreavus|spa|1","|-boost|p2a: Misdreavus|spd|1","|move|p1a: Vigoroth|Earthquake|p2a: Misdreavus","|-immune|p2a: Misdreavus|[from] ability: Levitate","|","|upkeep","|turn|29","|","|t:|1748827740","|move|p2a: Misdreavus|Calm Mind|p2a: Misdreavus","|-boost|p2a: Misdreavus|spa|1","|-boost|p2a: Misdreavus|spd|1","|move|p1a: Vigoroth|Body Slam|p2a: Misdreavus","|-immune|p2a: Misdreavus","|","|upkeep","|turn|30","|","|t:|1748827740","|move|p2a: Misdreavus|Calm Mind|p2a: Misdreavus","|-boost|p2a: Misdreavus|spa|0","|-boost|p2a: Misdreavus|spd|0","|move|p1a: Vigoroth|Body Slam|p2a: Misdreavus","|-immune|p2a: Misdreavus","|","|upkeep","|turn|31","|","|t:|1748827740","|move|p2a: Misdreavus|Calm Mind|p2a: Misdreavus","|-boost|p2a: Misdreavus|spa|0","|-boost|p2a: Misdreavus|spd|0","|move|p1a: Vigoroth|Body Slam|p2a: Misdreavus","|-immune|p2a: Misdreavus","|","|upkeep","|turn|32","|","|t:|1748827740","|move|p2a: Misdreavus|Calm Mind|p2a: Misdreavus","|-boost|p2a: Misdreavus|spa|0","|-boost|p2a: Misdreavus|spd|0","|move|p1a: Vigoroth|Body Slam|p2a: Misdreavus","|-immune|p2a: Misdreavus","|","|upkeep","|turn|33","|","|t:|1748827740","|move|p2a: Misdreavus|Calm Mind|p2a: Misdreavus","|-boost|p2a: Misdreavus|spa|0","|-boost|p2a: Misdreavus|spd|0","|move|p1a: Vigoroth|Body Slam|p2a: Misdreavus","|-immune|p2a: Misdreavus","|","|upkeep","|turn|34","|","|t:|1748827740","|move|p2a: Misdreavus|Calm Mind|p2a: Misdreavus","|-boost|p2a: Misdreavus|spa|0","|-boost|p2a: Misdreavus|spd|0","|move|p1a: Vigoroth|Body Slam|p2a: Misdreavus","|-immune|p2a: Misdreavus","|","|upkeep","|turn|35","|","|t:|1748827740","|move|p2a: Misdreavus|Calm Mind|p2a: Misdreavus","|-boost|p2a: Misdreavus|spa|0","|-boost|p2a: Misdreavus|spd|0","|move|p1a: Vigoroth|Body Slam|p2a: Misdreavus","|-immune|p2a: Misdreavus","|","|upkeep","|turn|36","|","|t:|1748827741","|move|p2a: Misdreavus|Calm Mind|p2a: Misdreavus","|-boost|p2a: Misdreavus|spa|0","|-boost|p2a: Misdreavus|spd|0","|move|p1a: Vigoroth|Body Slam|p2a: Misdreavus","|-immune|p2a: Misdreavus","|","|upkeep","|turn|37","|","|t:|1748827741","|move|p2a: Misdreavus|Calm Mind|p2a: Misdreavus","|-boost|p2a: Misdreavus|spa|0","|-boost|p2a: Misdreavus|spd|0","|move|p1a: Vigoroth|Body Slam|p2a: Misdreavus","|-immune|p2a: Misdreavus","|","|upkeep","|turn|38","|","|t:|1748827741","|move|p2a: Misdreavus|Calm Mind|p2a: Misdreavus","|-boost|p2a: Misdreavus|spa|0","|-boost|p2a: Misdreavus|spd|0","|move|p1a: Vigoroth|Body Slam|p2a: Misdreavus","|-immune|p2a: Misdreavus","|","|upkeep","|turn|39","|","|t:|1748827741","|move|p2a: Misdreavus|Calm Mind|p2a: Misdreavus","|-boost|p2a: Misdreavus|spa|0","|-boost|p2a: Misdreavus|spd|0","|move|p1a: Vigoroth|Body Slam|p2a: Misdreavus","|-immune|p2a: Misdreavus","|","|upkeep","|turn|40","|","|t:|1748827741","|move|p2a: Misdreavus|Calm Mind|p2a: Misdreavus","|-boost|p2a: Misdreavus|spa|0","|-boost|p2a: Misdreavus|spd|0","|move|p1a: Vigoroth|Body Slam|p2a: Misdreavus","|-immune|p2a: Misdreavus","|","|upkeep","|turn|41","|","|t:|1748827741","|move|p2a: Misdreavus|Calm Mind|p2a: Misdreavus","|-boost|p2a: Misdreavus|spa|0","|-boost|p2a: Misdreavus|spd|0","|move|p1a: Vigoroth|Body Slam|p2a: Misdreavus","|-immune|p2a: Misdreavus","|","|upkeep","|turn|42","|","|t:|1748827741","|move|p2a: Misdreavus|Calm Mind|p2a: Misdreavus","|-boost|p2a: Misdreavus|spa|0","|-boost|p2a: Misdreavus|spd|0","|move|p1a: Vigoroth|Body Slam|p2a: Misdreavus","|-immune|p2a: Misdreavus","|","|upkeep","|turn|43","|","|t:|1748827741","|move|p2a: Misdreavus|Calm Mind|p2a: Misdreavus","|-boost|p2a: Misdreavus|spa|0","|-boost|p2a: Misdreavus|spd|0","|move|p1a: Vigoroth|Body Slam|p2a: Misdreavus","|-immune|p2a: Misdreavus","|","|upkeep","|turn|44","|","|t:|1748827741","|move|p2a: Misdreavus|Calm Mind|p2a: Misdreavus","|-boost|p2a: Misdreavus|spa|0","|-boost|p2a: Misdreavus|spd|0","|move|p1a: Vigoroth|Body Slam|p2a: Misdreavus","|-immune|p2a: Misdreavus","|","|upkeep","|turn|45","|","|t:|1748827741","|move|p2a: Misdreavus|Calm Mind|p2a: Misdreavus","|-boost|p2a: Misdreavus|spa|0","|-boost|p2a: Misdreavus|spd|0","|move|p1a: Vigoroth|Body Slam|p2a: Misdreavus","|-immune|p2a: Misdreavus","|","|upkeep","|turn|46","|","|t:|1748827741","|move|p2a: Misdreavus|Calm Mind|p2a: Misdreavus","|-boost|p2a: Misdreavus|spa|0","|-boost|p2a: Misdreavus|spd|0","|move|p1a: Vigoroth|Body Slam|p2a: Misdreavus","|-immune|p2a: Misdreavus","|","|upkeep","|turn|47","|","|t:|1748827741","|move|p2a: Misdreavus|Calm Mind|p2a: Misdreavus","|-boost|p2a: Misdreavus|spa|0","|-boost|p2a: Misdreavus|spd|0","|move|p1a: Vigoroth|Body Slam|p2a: Misdreavus","|-immune|p2a: Misdreavus","|","|upkeep","|turn|48","|","|t:|1748827741","|move|p2a: Misdreavus|Calm Mind|p2a: Misdreavus","|-boost|p2a: Misdreavus|spa|0","|-boost|p2a: Misdreavus|spd|0","|move|p1a: Vigoroth|Body Slam|p2a: Misdreavus","|-immune|p2a: Misdreavus","|","|upkeep","|turn|49","|","|t:|1748827741","|move|p2a: Misdreavus|Calm Mind|p2a: Misdreavus","|-boost|p2a: Misdreavus|spa|0","|-boost|p2a: Misdreavus|spd|0","|move|p1a: Vigoroth|Body Slam|p2a: Misdreavus","|-immune|p2a: Misdreavus","|","|upkeep","|turn|50","|","|t:|1748827741","|move|p2a: Misdreavus|Calm Mind|p2a: Misdreavus","|-boost|p2a: Misdreavus|spa|0","|-boost|p2a: Misdreavus|spd|0","|move|p1a: Vigoroth|Body Slam|p2a: Misdreavus","|-immune|p2a: Misdreavus","|","|upkeep","|turn|51","|","|t:|1748827742","|move|p2a: Misdreavus|Calm Mind|p2a: Misdreavus","|-boost|p2a: Misdreavus|spa|0","|-boost|p2a: Misdreavus|spd|0","|move|p1a: Vigoroth|Body Slam|p2a: Misdreavus","|-immune|p2a: Misdreavus","|","|upkeep","|turn|52","|","|t:|1748827742","|move|p2a: Misdreavus|Calm Mind|p2a: Misdreavus","|-boost|p2a: Misdreavus|spa|0","|-boost|p2a: Misdreavus|spd|0","|move|p1a: Vigoroth|Body Slam|p2a: Misdreavus","|-immune|p2a: Misdreavus","|","|upkeep","|turn|53","|","|t:|1748827742","|move|p2a: Misdreavus|Calm Mind|p2a: Misdreavus","|-boost|p2a: Misdreavus|spa|0","|-boost|p2a: Misdreavus|spd|0","|move|p1a: Vigoroth|Bulk Up|p1a: Vigoroth","|-boost|p1a: Vigoroth|atk|1","|-boost|p1a: Vigoroth|def|1","|","|upkeep","|turn|54","|","|t:|1748827742","|move|p2a: Misdreavus|Calm Mind|p2a: Misdreavus","|-boost|p2a: Misdreavus|spa|0","|-boost|p2a: Misdreavus|spd|0","|move|p1a: Vigoroth|Bulk Up|p1a: Vigoroth","|-boost|p1a: Vigoroth|atk|1","|-boost|p1a: Vigoroth|def|1","|","|upkeep","|turn|55","|","|t:|1748827742","|move|p2a: Misdreavus|Calm Mind|p2a: Misdreavus","|-boost|p2a: Misdreavus|spa|0","|-boost|p2a: Misdreavus|spd|0","|move|p1a: Vigoroth|Bulk Up|p1a: Vigoroth","|-boost|p1a: Vigoroth|atk|1","|-boost|p1a: Vigoroth|def|1","|","|upkeep","|turn|56","|","|t:|1748827742","|move|p2a: Misdreavus|Will-O-Wisp|p1a: Vigoroth","|-status|p1a: Vigoroth|brn","|move|p1a: Vigoroth|Bulk Up|p1a: Vigoroth","|-boost|p1a: Vigoroth|atk|1","|-boost|p1a: Vigoroth|def|1","|","|-damage|p1a: Vigoroth|168/275 brn|[from] brn","|upkeep","|turn|57","|","|t:|1748827742","|move|p2a: Misdreavus|Will-O-Wisp|p1a: Vigoroth","|-fail|p1a: Vigoroth|brn","|move|p1a: Vigoroth|Bulk Up|p1a: Vigoroth","|-boost|p1a: Vigoroth|atk|1","|-boost|p1a: Vigoroth|def|1","|","|-damage|p1a: Vigoroth|151/275 brn|[from] brn","|upkeep","|turn|58","|","|t:|1748827742","|move|p2a: Misdreavus|Will-O-Wisp|p1a: Vigoroth","|-fail|p1a: Vigoroth|brn","|move|p1a: Vigoroth|Bulk Up|p1a: Vigoroth","|-boost|p1a: Vigoroth|atk|1","|-boost|p1a: Vigoroth|def|1","|","|-damage|p1a: Vigoroth|134/275 brn|[from] brn","|upkeep","|turn|59","|","|t:|1748827742","|move|p2a: Misdreavus|Will-O-Wisp|p1a: Vigoroth","|-fail|p1a: Vigoroth|brn","|move|p1a: Vigoroth|Bulk Up|p1a: Vigoroth","|-boost|p1a: Vigoroth|atk|0","|-boost|p1a: Vigoroth|def|0","|","|-damage|p1a: Vigoroth|117/275 brn|[from] brn","|upkeep","|turn|60","|","|t:|1748827742","|move|p2a: Misdreavus|Will-O-Wisp|p1a: Vigoroth","|-fail|p1a: Vigoroth|brn","|move|p1a: Vigoroth|Bulk Up|p1a: Vigoroth","|-boost|p1a: Vigoroth|atk|0","|-boost|p1a: Vigoroth|def|0","|","|-damage|p1a: Vigoroth|100/275 brn|[from] brn","|upkeep","|turn|61","|","|t:|1748827742","|move|p2a: Misdreavus|Will-O-Wisp|p1a: Vigoroth|[miss]","|-miss|p2a: Misdreavus|p1a: Vigoroth","|move|p1a: Vigoroth|Bulk Up|p1a: Vigoroth","|-boost|p1a: Vigoroth|atk|0","|-boost|p1a: Vigoroth|def|0","|","|-damage|p1a: Vigoroth|83/275 brn|[from] brn","|upkeep","|turn|62","|","|t:|1748827742","|move|p2a: Misdreavus|Will-O-Wisp|p1a: Vigoroth","|-fail|p1a: Vigoroth|brn","|move|p1a: Vigoroth|Bulk Up|p1a: Vigoroth","|-boost|p1a: Vigoroth|atk|0","|-boost|p1a: Vigoroth|def|0","|","|-damage|p1a: Vigoroth|66/275 brn|[from] brn","|upkeep","|turn|63","|","|t:|1748827742","|move|p2a: Misdreavus|Will-O-Wisp|p1a: Vigoroth","|-fail|p1a: Vigoroth|brn","|move|p1a: Vigoroth|Bulk Up|p1a: Vigoroth","|-boost|p1a: Vigoroth|atk|0","|-boost|p1a: Vigoroth|def|0","|","|-damage|p1a: Vigoroth|49/275 brn|[from] brn","|upkeep","|turn|64","|","|t:|1748827742","|move|p2a: Misdreavus|Will-O-Wisp|p1a: Vigoroth","|-fail|p1a: Vigoroth|brn","|move|p1a: Vigoroth|Bulk Up|p1a: Vigoroth","|-boost|p1a: Vigoroth|atk|0","|-boost|p1a: Vigoroth|def|0","|","|-damage|p1a: Vigoroth|32/275 brn|[from] brn","|upkeep","|turn|65","|","|t:|1748827743","|move|p2a: Misdreavus|Will-O-Wisp|p1a: Vigoroth|[miss]","|-miss|p2a: Misdreavus|p1a: Vigoroth","|move|p1a: Vigoroth|Bulk Up|p1a: Vigoroth","|-boost|p1a: Vigoroth|atk|0","|-boost|p1a: Vigoroth|def|0","|","|-damage|p1a: Vigoroth|15/275 brn|[from] brn","|upkeep","|turn|66","|","|t:|1748827743","|move|p2a: Misdreavus|Will-O-Wisp|p1a: Vigoroth","|-fail|p1a: Vigoroth|brn","|move|p1a: Vigoroth|Bulk Up|p1a: Vigoroth","|-boost|p1a: Vigoroth|atk|0","|-boost|p1a: Vigoroth|def|0","|","|-damage|p1a: Vigoroth|0 fnt|[from] brn","|faint|p1a: Vigoroth","|upkeep","|","|t:|1748827743","|switch|p1a: Fezandipiti|Fezandipiti, L82, M|278/278","|turn|67","|","|t:|1748827743","|move|p1a: Fezandipiti|U-turn|p2a: Misdreavus","|-resisted|p2a: Misdreavus","|-damage|p2a: Misdreavus|235/254","|","|t:|1748827743","|switch|p1a: Weavile|Weavile, L79, F|239/239|[from] U-turn","|move|p2a: Misdreavus|Will-O-Wisp|p1a: Weavile","|-status|p1a: Weavile|brn","|","|-damage|p1a: Weavile|225/239 brn|[from] brn","|upkeep","|turn|68","|","|t:|1748827743","|move|p1a: Weavile|Triple Axel|p2a: Misdreavus","|-damage|p2a: Misdreavus|223/254","|-damage|p2a: Misdreavus|193/254","|-damage|p2a: Misdreavus|152/254","|-hitcount|p2a: Misdreavus|3","|move|p2a: Misdreavus|Will-O-Wisp|p1a: Weavile","|-fail|p1a: Weavile|brn","|","|-damage|p1a: Weavile|211/239 brn|[from] brn","|upkeep","|turn|69","|","|t:|1748827743","|move|p1a: Weavile|Triple Axel|p2a: Misdreavus","|-damage|p2a: Misdreavus|137/254","|-damage|p2a: Misdreavus|108/254","|-hitcount|p2a: Misdreavus|2","|move|p2a: Misdreavus|Will-O-Wisp|p1a: Weavile","|-fail|p1a: Weavile|brn","|","|-damage|p1a: Weavile|197/239 brn|[from] brn","|upkeep","|turn|70","|","|t:|1748827743","|move|p1a: Weavile|Triple Axel|p2a: Misdreavus","|-damage|p2a: Misdreavus|93/254","|-damage|p2a: Misdreavus|66/254","|-damage|p2a: Misdreavus|26/254","|-hitcount|p2a: Misdreavus|3","|move|p2a: Misdreavus|Will-O-Wisp|p1a: Weavile","|-fail|p1a: Weavile|brn","|","|-damage|p1a: Weavile|183/239 brn|[from] brn","|upkeep","|turn|71","|","|t:|1748827743","|move|p1a: Weavile|Triple Axel|p2a: Misdreavus","|-damage|p2a: Misdreavus|11/254","|-damage|p2a: Misdreavus|0 fnt","|faint|p2a: Misdreavus","|-hitcount|p2: Misdreavus|2","|","|-damage|p1a: Weavile|169/239 brn|[from] brn","|upkeep","|","|t:|1748827743","|switch|p2a: Gastrodon|Gastrodon, L86, F|331/331","|turn|72","|","|t:|1748827743","|move|p1a: Weavile|Triple Axel|p2a: Gastrodon|[miss]","|-miss|p1a: Weavile|p2a: Gastrodon","|move|p2a: Gastrodon|Stealth Rock|p1a: Weavile","|-sidestart|p1: sima|move: Stealth Rock","|","|-damage|p1a: Weavile|155/239 brn|[from] brn","|upkeep","|turn|73","|","|t:|1748827743","|move|p1a: Weavile|Triple Axel|p2a: Gastrodon","|-damage|p2a: Gastrodon|310/331","|-damage|p2a: Gastrodon|272/331","|-damage|p2a: Gastrodon|216/331","|-hitcount|p2a: Gastrodon|3","|move|p2a: Gastrodon|Stealth Rock||[still]","|-fail|p2a: Gastrodon","|","|-heal|p2a: Gastrodon|236/331|[from] item: Leftovers","|-damage|p1a: Weavile|141/239 brn|[from] brn","|upkeep","|turn|74","|","|t:|1748827743","|move|p1a: Weavile|Triple Axel|p2a: Gastrodon","|-damage|p2a: Gastrodon|215/331","|-damage|p2a: Gastrodon|179/331","|-damage|p2a: Gastrodon|121/331","|-hitcount|p2a: Gastrodon|3","|move|p2a: Gastrodon|Stealth Rock||[still]","|-fail|p2a: Gastrodon","|","|-heal|p2a: Gastrodon|141/331|[from] item: Leftovers","|-damage|p1a: Weavile|127/239 brn|[from] brn","|upkeep","|turn|75","|","|t:|1748827743","|move|p1a: Weavile|Triple Axel|p2a: Gastrodon","|-damage|p2a: Gastrodon|122/331","|-damage|p2a: Gastrodon|82/331","|-damage|p2a: Gastrodon|23/331","|-hitcount|p2a: Gastrodon|3","|move|p2a: Gastrodon|Stealth Rock||[still]","|-fail|p2a: Gastrodon","|","|-heal|p2a: Gastrodon|43/331|[from] item: Leftovers","|-damage|p1a: Weavile|113/239 brn|[from] brn","|upkeep","|turn|76","|","|t:|1748827743","|move|p1a: Weavile|Triple Axel|p2a: Gastrodon","|-damage|p2a: Gastrodon|25/331","|-damage|p2a: Gastrodon|0 fnt","|faint|p2a: Gastrodon","|-hitcount|p2: Gastrodon|2","|","|win|sima",""],"p1rating":null,"p2rating":null,"endType":"normal","ladderError":true,"timestamp":"Sun Jun 01 2025 18:29:03 GMT-0700 (アメリカ太平洋夏時間)","roomid":"battle-gen9randombattle-144","format":"gen9randombattle"}