{"winner":"thecrusher677","seed":"sodium,8c8c361c57902221359b2f3f1abac7e9","turns":29,"p1":"thecrusher677","p2":"simb","p1team":[{"name":"Salamence","species":"Salamence","item":"Choice Band","ability":"Intimidate","moves":["Earthquake","Hidden Power Flying","Brick Break","Rock Slide"],"nature":"Adamant","evs":{"hp":120,"atk":252,"def":0,"spa":0,"spd":0,"spe":136},"gender":"F","ivs":{"hp":30,"atk":30,"def":30,"spa":30,"spd":30,"spe":31},"happiness":255,"hpType":"Flying","pokeball":"","gigantamax":false,"dynamaxLevel":10,"teraType":"","level":100},{"name":"Magneton","species":"Magneton","item":"Magnet","ability":"Magnet Pull","moves":["Thunderbolt","Toxic","Hidden Power Fire","Protect"],"nature":"Modest","evs":{"hp":4,"atk":0,"def":0,"spa":252,"spd":0,"spe":252},"gender":"N","ivs":{"hp":31,"atk":2,"def":31,"spa":30,"spd":31,"spe":30},"happiness":255,"hpType":"Fire","pokeball":"","gigantamax":false,"dynamaxLevel":10,"teraType":"","level":100},{"name":"Tyranitar","species":"Tyranitar","item":"Leftovers","ability":"Sand Stream","moves":["Crunch","Pursuit","Hidden Power Grass","Fire Blast"],"nature":"Modest","evs":{"hp":240,"atk":0,"def":0,"spa":188,"spd":48,"spe":32},"gender":"F","ivs":{"hp":31,"atk":2,"def":31,"spa":30,"spd":31,"spe":31},"happiness":255,"hpType":"Grass","pokeball":"","gigantamax":false,"dynamaxLevel":10,"teraType":"","level":100},{"name":"Blissey","species":"Blissey","item":"Leftovers","ability":"Natural Cure","moves":["Seismic Toss","Wish","Protect","Toxic"],"nature":"","evs":{"hp":4,"atk":0,"def":252,"spa":0,"spd":252,"spe":0},"gender":"F","ivs":{"hp":31,"atk":0,"def":31,"spa":31,"spd":31,"spe":31},"level":100},{"name":"Metagross","species":"Metagross","item":"Leftovers","ability":"Clear Body","moves":["Agility","Meteor Mash","Earthquake","Explosion"],"nature":"Adamant","evs":{"hp":168,"atk":252,"def":0,"spa":0,"spd":0,"spe":88},"gender":"N","level":100,"ivs":{"hp":31,"atk":31,"def":31,"spa":31,"spd":31,"spe":31}},{"name":"Swampert","species":"Swampert","item":"Leftovers","ability":"Torrent","moves":["Surf","Ice Beam","Protect","Toxic"],"nature":"Bold","evs":{"hp":252,"atk":0,"def":160,"spa":0,"spd":96,"spe":0},"gender":"F","ivs":{"hp":31,"atk":0,"def":31,"spa":31,"spd":31,"spe":31},"level":100}],"p2team":[{"name":"Salamence","species":"Salamence","item":"Choice Band","ability":"Intimidate","moves":["Earthquake","Hidden Power Flying","Brick Break","Rock Slide"],"nature":"Adamant","evs":{"hp":120,"atk":252,"def":0,"spa":0,"spd":0,"spe":136},"gender":"F","ivs":{"hp":30,"atk":30,"def":30,"spa":30,"spd":30,"spe":31},"happiness":255,"hpType":"Flying","pokeball":"","gigantamax":false,"dynamaxLevel":10,"teraType":"","level":100},{"name":"Magneton","species":"Magneton","item":"Magnet","ability":"Magnet Pull","moves":["Thunderbolt","Toxic","Hidden Power Fire","Protect"],"nature":"Modest","evs":{"hp":4,"atk":0,"def":0,"spa":252,"spd":0,"spe":252},"gender":"N","ivs":{"hp":31,"atk":2,"def":31,"spa":30,"spd":31,"spe":30},"happiness":255,"hpType":"Fire","pokeball":"","gigantamax":false,"dynamaxLevel":10,"teraType":"","level":100},{"name":"Tyranitar","species":"Tyranitar","item":"Leftovers","ability":"Sand Stream","moves":["Crunch","Pursuit","Hidden Power Grass","Fire Blast"],"nature":"Modest","evs":{"hp":240,"atk":0,"def":0,"spa":188,"spd":48,"spe":32},"gender":"M","ivs":{"hp":31,"atk":2,"def":31,"spa":30,"spd":31,"spe":31},"happiness":255,"hpType":"Grass","pokeball":"","gigantamax":false,"dynamaxLevel":10,"teraType":"","level":100},{"name":"Blissey","species":"Blissey","item":"Leftovers","ability":"Natural Cure","moves":["Seismic Toss","Wish","Protect","Toxic"],"nature":"","evs":{"hp":4,"atk":0,"def":252,"spa":0,"spd":252,"spe":0},"gender":"F","ivs":{"hp":31,"atk":0,"def":31,"spa":31,"spd":31,"spe":31},"level":100},{"name":"Metagross","species":"Metagross","item":"Leftovers","ability":"Clear Body","moves":["Agility","Meteor Mash","Earthquake","Explosion"],"nature":"Adamant","evs":{"hp":168,"atk":252,"def":0,"spa":0,"spd":0,"spe":88},"gender":"N","level":100,"ivs":{"hp":31,"atk":31,"def":31,"spa":31,"spd":31,"spe":31}},{"name":"Swampert","species":"Swampert","item":"Leftovers","ability":"Torrent","moves":["Surf","Ice Beam","Protect","Toxic"],"nature":"Bold","evs":{"hp":252,"atk":0,"def":160,"spa":0,"spd":96,"spe":0},"gender":"M","ivs":{"hp":31,"atk":0,"def":31,"spa":31,"spd":31,"spe":31},"level":100}],"score":[3,0],"inputLog":[">version 372d05e49c92a79eecdf6c8dddb208bd1765c00f",">start {\"formatid\":\"gen3ou\",\"seed\":\"sodium,8c8c361c57902221359b2f3f1abac7e9\"}",">player p1 {\"name\":\"thecrusher677\",\"avatar\":\"1\",\"team\":\"Salamence||ChoiceBand|Intimidate|Earthquake,HiddenPowerFlying,BrickBreak,RockSlide|Adamant|120,252,,,,136|F|30,30,30,30,30,|||,Flying,,,,]Magneton||Magnet|MagnetPull|Thunderbolt,Toxic,HiddenPowerFire,Protect|Modest|4,,,252,,252|N|,2,,30,,30|||,Fire,,,,]Tyranitar||Leftovers|SandStream|Crunch,Pursuit,HiddenPowerGrass,FireBlast|Modest|240,,,188,48,32|F|,2,,30,,|||,Grass,,,,]Blissey||Leftovers|NaturalCure|SeismicToss,Wish,Protect,Toxic||4,,252,,252,|F|,0,,,,|||]Metagross||Leftovers|ClearBody|Agility,MeteorMash,Earthquake,Explosion|Adamant|168,252,,,,88|N||||]Swampert||Leftovers|Torrent|Surf,IceBeam,Protect,Toxic|Bold|252,,160,,96,|F|,0,,,,|||\",\"rating\":0}",">player p2 {\"name\":\"simb\",\"avatar\":\"266\",\"team\":\"Salamence||ChoiceBand|Intimidate|Earthquake,HiddenPowerFlying,BrickBreak,RockSlide|Adamant|120,252,,,,136|F|30,30,30,30,30,|||,Flying,,,,]Magneton||Magnet|MagnetPull|Thunderbolt,Toxic,HiddenPowerFire,Protect|Modest|4,,,252,,252|N|,2,,30,,30|||,Fire,,,,]Tyranitar||Leftovers|SandStream|Crunch,Pursuit,HiddenPowerGrass,FireBlast|Modest|240,,,188,48,32|M|,2,,30,,|||,Grass,,,,]Blissey||Leftovers|NaturalCure|SeismicToss,Wish,Protect,Toxic||4,,252,,252,|F|,0,,,,|||]Metagross||Leftovers|ClearBody|Agility,MeteorMash,Earthquake,Explosion|Adamant|168,252,,,,88|N||||]Swampert||Leftovers|Torrent|Surf,IceBeam,Protect,Toxic|Bold|252,,160,,96,|M|,0,,,,|||\",\"rating\":0}",">p1 switch 6",">p2 move rockslide",">p1 move icebeam",">p2 move rockslide",">p1 move protect",">p2 move rockslide",">p1 move icebeam",">p2 move rockslide",">p1 move protect",">p2 move rockslide",">p1 move icebeam",">p2 move rockslide",">p2 switch 2",">p1 move protect",">p2 move hiddenpower",">p1 move surf",">p2 move hiddenpower",">p1 move protect",">p2 move hiddenpower",">p1 move surf",">p2 move hiddenpower",">p2 switch 3",">p1 move protect",">p2 move hiddenpower",">p1 move surf",">p2 move hiddenpower",">p1 move protect",">p2 move hiddenpower",">p1 switch 2",">p2 move hiddenpower",">p1 move thunderbolt",">p2 move fireblast",">p1 switch 2",">p1 move protect",">p2 move hiddenpower",">p1 switch 4",">p2 move hiddenpower",">p1 move seismictoss",">p2 move crunch",">p2 switch 4",">p1 switch 4",">p2 move seismictoss",">p1 move protect",">p2 move seismictoss",">p1 move toxic",">p2 move seismictoss",">p1 move protect",">p2 move seismictoss",">p1 switch 4",">p2 move seismictoss",">p1 move wish",">p2 move seismictoss",">p1 move protect",">p2 move seismictoss",">p1 move wish",">p2 move seismictoss",">p2 switch 5",">p1 switch 4",">p2 move explosion",">p1 switch 6",">p2 switch 6",">p1 move hiddenpower",">p2 move icebeam",">p1 switch 3",">p1 move hiddenpower",">p2 move surf"],"log":["|j|☆thecrusher677","|j|☆simb","|t:|1749678138","|gametype|singles","|player|p1|thecrusher677|1|","|player|p2|simb|266|","|teamsize|p1|6","|teamsize|p2|6","|gen|3","|tier|[Gen 3] OU","|rule|Sleep Clause Mod: Limit one foe put to sleep","|rule|Switch Priority Clause Mod: Faster Pokémon switch first","|rule|Species Clause: Limit one of each Pokémon","|rule|OHKO Clause: OHKO moves are banned","|rule|Evasion Items Clause: Evasion items are banned","|rule|Evasion Moves Clause: Evasion moves are banned","|rule|Endless Battle Clause: Forcing endless battles is banned","|rule|HP Percentage Mod: HP is shown in percentages","|rule|One Boost Passer Clause: Limit one Baton Passer that has a way to boost its stats","|rule|Freeze Clause Mod: Limit one foe frozen","|","|t:|1749678139","|start","|switch|p1a: Salamence|Salamence, F|360/360","|switch|p2a: Salamence|Salamence, F|360/360","|-ability|p2a: Salamence|Intimidate|boost","|-unboost|p1a: Salamence|atk|1","|-ability|p1a: Salamence|Intimidate|boost","|-unboost|p2a: Salamence|atk|1","|turn|1","|","|t:|1749678155","|switch|p1a: Swampert|Swampert, F|404/404","|move|p2a: Salamence|Rock Slide|p1a: Swampert","|-resisted|p1a: Swampert","|-damage|p1a: Swampert|359/404","|","|-heal|p1a: Swampert|384/404|[from] item: Leftovers","|upkeep","|turn|2","|","|t:|1749678161","|move|p2a: Salamence|Rock Slide|p1a: Swampert","|-resisted|p1a: Swampert","|-damage|p1a: Swampert|344/404","|cant|p1a: Swampert|flinch","|","|-heal|p1a: Swampert|369/404|[from] item: Leftovers","|upkeep","|turn|3","|","|t:|1749678165","|move|p1a: Swampert|Protect|p1a: Swampert","|-singleturn|p1a: Swampert|Protect","|move|p2a: Salamence|Rock Slide|p1a: Swampert","|-activate|p1a: Swampert|Protect","|","|-heal|p1a: Swampert|394/404|[from] item: Leftovers","|upkeep","|turn|4","|","|t:|1749678166","|move|p2a: Salamence|Rock Slide|p1a: Swampert","|-resisted|p1a: Swampert","|-damage|p1a: Swampert|348/404","|move|p1a: Swampert|Ice Beam|p2a: Salamence","|-supereffective|p2a: Salamence","|-damage|p2a: Salamence|41/360","|","|-heal|p1a: Swampert|373/404|[from] item: Leftovers","|upkeep","|turn|5","|","|t:|1749678169","|move|p1a: Swampert|Protect|p1a: Swampert","|-singleturn|p1a: Swampert|Protect","|move|p2a: Salamence|Rock Slide|p1a: Swampert","|-activate|p1a: Swampert|Protect","|","|-heal|p1a: Swampert|398/404|[from] item: Leftovers","|upkeep","|turn|6","|","|t:|1749678174","|move|p2a: Salamence|Rock Slide|p1a: Swampert","|-resisted|p1a: Swampert","|-damage|p1a: Swampert|353/404","|move|p1a: Swampert|Ice Beam|p2a: Salamence","|-supereffective|p2a: Salamence","|-damage|p2a: Salamence|0 fnt","|faint|p2a: Salamence","|","|t:|1749678174","|switch|p2a: Magneton|Magneton|242/242","|","|-heal|p1a: Swampert|378/404|[from] item: Leftovers","|upkeep","|turn|7","|","|t:|1749678182","|move|p1a: Swampert|Protect|p1a: Swampert","|-singleturn|p1a: Swampert|Protect","|move|p2a: Magneton|Hidden Power|p1a: Swampert","|-activate|p1a: Swampert|Protect","|","|-heal|p1a: Swampert|403/404|[from] item: Leftovers","|upkeep","|turn|8","|","|t:|1749678187","|move|p2a: Magneton|Hidden Power|p1a: Swampert","|-resisted|p1a: Swampert","|-damage|p1a: Swampert|363/404","|move|p1a: Swampert|Surf|p2a: Magneton","|-damage|p2a: Magneton|112/242","|","|-heal|p1a: Swampert|388/404|[from] item: Leftovers","|upkeep","|turn|9","|","|t:|1749678189","|move|p1a: Swampert|Protect|p1a: Swampert","|-singleturn|p1a: Swampert|Protect","|move|p2a: Magneton|Hidden Power|p1a: Swampert","|-activate|p1a: Swampert|Protect","|","|-heal|p1a: Swampert|404/404|[from] item: Leftovers","|upkeep","|turn|10","|","|t:|1749678191","|move|p2a: Magneton|Hidden Power|p1a: Swampert","|-resisted|p1a: Swampert","|-damage|p1a: Swampert|363/404","|move|p1a: Swampert|Surf|p2a: Magneton","|-damage|p2a: Magneton|0 fnt","|faint|p2a: Magneton","|","|t:|1749678191","|switch|p2a: Tyranitar|Tyranitar, M|401/401","|-weather|Sandstorm|[from] ability: Sand Stream|[of] p2a: Tyranitar","|","|-weather|Sandstorm|[upkeep]","|-heal|p1a: Swampert|388/404|[from] item: Leftovers","|upkeep","|turn|11","|","|t:|1749678193","|move|p1a: Swampert|Protect|p1a: Swampert","|-singleturn|p1a: Swampert|Protect","|move|p2a: Tyranitar|Hidden Power|p1a: Swampert","|-activate|p1a: Swampert|Protect","|","|-weather|Sandstorm|[upkeep]","|-heal|p1a: Swampert|404/404|[from] item: Leftovers","|upkeep","|turn|12","|","|t:|1749678194","|move|p2a: Tyranitar|Hidden Power|p1a: Swampert","|-supereffective|p1a: Swampert","|-damage|p1a: Swampert|110/404","|move|p1a: Swampert|Surf|p2a: Tyranitar","|-supereffective|p2a: Tyranitar","|-damage|p2a: Tyranitar|121/401","|","|-weather|Sandstorm|[upkeep]","|-heal|p2a: Tyranitar|146/401|[from] item: Leftovers","|-heal|p1a: Swampert|135/404|[from] item: Leftovers","|upkeep","|turn|13","|","|t:|1749678196","|move|p1a: Swampert|Protect|p1a: Swampert","|-singleturn|p1a: Swampert|Protect","|move|p2a: Tyranitar|Hidden Power|p1a: Swampert","|-activate|p1a: Swampert|Protect","|","|-weather|Sandstorm|[upkeep]","|-heal|p2a: Tyranitar|171/401|[from] item: Leftovers","|-heal|p1a: Swampert|160/404|[from] item: Leftovers","|upkeep","|turn|14","|","|t:|1749678198","|switch|p1a: Magneton|Magneton|242/242","|move|p2a: Tyranitar|Hidden Power|p1a: Magneton","|-resisted|p1a: Magneton","|-damage|p1a: Magneton|199/242","|","|-weather|Sandstorm|[upkeep]","|-heal|p2a: Tyranitar|196/401|[from] item: Leftovers","|upkeep","|turn|15","|","|t:|1749678200","|move|p1a: Magneton|Thunderbolt|p2a: Tyranitar","|-damage|p2a: Tyranitar|13/401","|move|p2a: Tyranitar|Fire Blast|p1a: Magneton","|-supereffective|p1a: Magneton","|-damage|p1a: Magneton|0 fnt","|faint|p1a: Magneton","|","|t:|1749678201","|switch|p1a: Swampert|Swampert, F|160/404","|","|-weather|Sandstorm|[upkeep]","|-heal|p2a: Tyranitar|38/401|[from] item: Leftovers","|-heal|p1a: Swampert|185/404|[from] item: Leftovers","|upkeep","|turn|16","|","|t:|1749678203","|move|p1a: Swampert|Protect|p1a: Swampert","|-singleturn|p1a: Swampert|Protect","|move|p2a: Tyranitar|Hidden Power|p1a: Swampert","|-activate|p1a: Swampert|Protect","|","|-weather|Sandstorm|[upkeep]","|-heal|p2a: Tyranitar|63/401|[from] item: Leftovers","|-heal|p1a: Swampert|210/404|[from] item: Leftovers","|upkeep","|turn|17","|","|t:|1749678204","|switch|p1a: Blissey|Blissey, F|652/652","|move|p2a: Tyranitar|Hidden Power|p1a: Blissey","|-damage|p1a: Blissey|605/652","|","|-weather|Sandstorm|[upkeep]","|-damage|p1a: Blissey|565/652|[from] Sandstorm","|-heal|p2a: Tyranitar|88/401|[from] item: Leftovers","|-heal|p1a: Blissey|605/652|[from] item: Leftovers","|upkeep","|turn|18","|","|t:|1749678206","|move|p2a: Tyranitar|Crunch|p1a: Blissey","|-crit|p1a: Blissey","|-damage|p1a: Blissey|443/652","|move|p1a: Blissey|Seismic Toss|p2a: Tyranitar","|-damage|p2a: Tyranitar|0 fnt","|faint|p2a: Tyranitar","|","|t:|1749678206","|switch|p2a: Blissey|Blissey, F|652/652","|","|-weather|Sandstorm|[upkeep]","|-damage|p1a: Blissey|403/652|[from] Sandstorm","|-damage|p2a: Blissey|612/652|[from] Sandstorm","|-heal|p2a: Blissey|652/652|[from] item: Leftovers","|-heal|p1a: Blissey|443/652|[from] item: Leftovers","|upkeep","|turn|19","|","|t:|1749678209","|switch|p1a: Swampert|Swampert, F|210/404","|move|p2a: Blissey|Seismic Toss|p1a: Swampert","|-damage|p1a: Swampert|110/404","|","|-weather|Sandstorm|[upkeep]","|-damage|p2a: Blissey|612/652|[from] Sandstorm","|-heal|p1a: Swampert|135/404|[from] item: Leftovers","|-heal|p2a: Blissey|652/652|[from] item: Leftovers","|upkeep","|turn|20","|","|t:|1749678211","|move|p1a: Swampert|Protect|p1a: Swampert","|-singleturn|p1a: Swampert|Protect","|move|p2a: Blissey|Seismic Toss|p1a: Swampert","|-activate|p1a: Swampert|Protect","|","|-weather|Sandstorm|[upkeep]","|-damage|p2a: Blissey|612/652|[from] Sandstorm","|-heal|p1a: Swampert|160/404|[from] item: Leftovers","|-heal|p2a: Blissey|652/652|[from] item: Leftovers","|upkeep","|turn|21","|","|t:|1749678212","|move|p1a: Swampert|Toxic|p2a: Blissey","|-status|p2a: Blissey|tox","|move|p2a: Blissey|Seismic Toss|p1a: Swampert","|-damage|p1a: Swampert|60/404","|","|-weather|Sandstorm|[upkeep]","|-damage|p2a: Blissey|612/652 tox|[from] Sandstorm","|-heal|p1a: Swampert|85/404|[from] item: Leftovers","|-heal|p2a: Blissey|652/652 tox|[from] item: Leftovers","|-damage|p2a: Blissey|612/652 tox|[from] psn","|upkeep","|turn|22","|","|t:|1749678214","|move|p1a: Swampert|Protect|p1a: Swampert","|-singleturn|p1a: Swampert|Protect","|move|p2a: Blissey|Seismic Toss|p1a: Swampert","|-activate|p1a: Swampert|Protect","|","|-weather|Sandstorm|[upkeep]","|-damage|p2a: Blissey|572/652 tox|[from] Sandstorm","|-heal|p1a: Swampert|110/404|[from] item: Leftovers","|-heal|p2a: Blissey|612/652 tox|[from] item: Leftovers","|-damage|p2a: Blissey|532/652 tox|[from] psn","|upkeep","|turn|23","|","|t:|1749678217","|switch|p1a: Blissey|Blissey, F|443/652","|move|p2a: Blissey|Seismic Toss|p1a: Blissey","|-damage|p1a: Blissey|343/652","|","|-weather|Sandstorm|[upkeep]","|-damage|p1a: Blissey|303/652|[from] Sandstorm","|-damage|p2a: Blissey|492/652 tox|[from] Sandstorm","|-heal|p2a: Blissey|532/652 tox|[from] item: Leftovers","|-heal|p1a: Blissey|343/652|[from] item: Leftovers","|-damage|p2a: Blissey|412/652 tox|[from] psn","|upkeep","|turn|24","|","|t:|1749678218","|move|p2a: Blissey|Seismic Toss|p1a: Blissey","|-damage|p1a: Blissey|243/652","|move|p1a: Blissey|Wish|p1a: Blissey","|","|-weather|Sandstorm|[upkeep]","|-damage|p2a: Blissey|372/652 tox|[from] Sandstorm","|-damage|p1a: Blissey|203/652|[from] Sandstorm","|-heal|p2a: Blissey|412/652 tox|[from] item: Leftovers","|-heal|p1a: Blissey|243/652|[from] item: Leftovers","|-damage|p2a: Blissey|252/652 tox|[from] psn","|upkeep","|turn|25","|","|t:|1749678220","|move|p1a: Blissey|Protect|p1a: Blissey","|-singleturn|p1a: Blissey|Protect","|move|p2a: Blissey|Seismic Toss|p1a: Blissey","|-activate|p1a: Blissey|Protect","|","|-heal|p1a: Blissey|569/652|[from] move: Wish|[wisher] Blissey","|-weather|Sandstorm|[upkeep]","|-damage|p1a: Blissey|529/652|[from] Sandstorm","|-damage|p2a: Blissey|212/652 tox|[from] Sandstorm","|-heal|p1a: Blissey|569/652|[from] item: Leftovers","|-heal|p2a: Blissey|252/652 tox|[from] item: Leftovers","|-damage|p2a: Blissey|52/652 tox|[from] psn","|upkeep","|turn|26","|","|t:|1749678221","|move|p2a: Blissey|Seismic Toss|p1a: Blissey","|-damage|p1a: Blissey|469/652","|move|p1a: Blissey|Wish|p1a: Blissey","|","|-weather|Sandstorm|[upkeep]","|-damage|p1a: Blissey|429/652|[from] Sandstorm","|-damage|p2a: Blissey|12/652 tox|[from] Sandstorm","|-heal|p1a: Blissey|469/652|[from] item: Leftovers","|-heal|p2a: Blissey|52/652 tox|[from] item: Leftovers","|-damage|p2a: Blissey|0 fnt|[from] psn","|faint|p2a: Blissey","|upkeep","|","|t:|1749678222","|switch|p2a: Metagross|Metagross|343/343","|turn|27","|","|t:|1749678225","|switch|p1a: Swampert|Swampert, F|110/404","|move|p2a: Metagross|Explosion|p1a: Swampert","|-damage|p1a: Swampert|0 fnt","|faint|p2a: Metagross","|faint|p1a: Swampert","|","|t:|1749678230","|switch|p2a: Swampert|Swampert, M|404/404","|switch|p1a: Salamence|Salamence, F|360/360","|-ability|p1a: Salamence|Intimidate|boost","|-unboost|p2a: Swampert|atk|1","|","|-weather|Sandstorm|[upkeep]","|-damage|p1a: Salamence|338/360|[from] Sandstorm","|upkeep","|turn|28","|","|t:|1749678233","|move|p1a: Salamence|Hidden Power|p2a: Swampert","|-damage|p2a: Swampert|212/404","|move|p2a: Swampert|Ice Beam|p1a: Salamence","|-supereffective|p1a: Salamence","|-damage|p1a: Salamence|8/360","|","|-weather|Sandstorm|[upkeep]","|-damage|p1a: Salamence|0 fnt|[from] Sandstorm","|faint|p1a: Salamence","|-heal|p2a: Swampert|237/404|[from] item: Leftovers","|upkeep","|","|t:|1749678235","|switch|p1a: Tyranitar|Tyranitar, F|401/401","|turn|29","|","|t:|1749678235","|move|p1a: Tyranitar|Hidden Power|p2a: Swampert","|-supereffective|p2a: Swampert","|-damage|p2a: Swampert|0 fnt","|faint|p2a: Swampert","|","|win|thecrusher677",""],"p1rating":null,"p2rating":null,"endType":"normal","ladderError":true,"timestamp":"Wed Jun 11 2025 14:43:55 GMT-0700 (アメリカ太平洋夏時間)","roomid":"battle-gen3ou-376","format":"gen3ou"}