{"winner":"foultestchallenge1","seed":"sodium,4c99c80cd396611ebeb9051337010e25","turns":39,"p1":"foultestchallenge1","p2":"foultestacceptor1","p1team":[{"name":"Salamence","species":"Salamence","item":"Choice Band","ability":"Intimidate","moves":["Earthquake","Hidden Power Flying","Brick Break","Rock Slide"],"nature":"Adamant","evs":{"hp":120,"atk":252,"def":0,"spa":0,"spd":0,"spe":136},"gender":"M","ivs":{"hp":30,"atk":30,"def":30,"spa":30,"spd":30,"spe":31},"happiness":255,"hpType":"Flying","pokeball":"","gigantamax":false,"dynamaxLevel":10,"teraType":"","level":100},{"name":"Magneton","species":"Magneton","item":"Magnet","ability":"Magnet Pull","moves":["Thunderbolt","Toxic","Hidden Power Fire","Protect"],"nature":"Modest","evs":{"hp":4,"atk":0,"def":0,"spa":252,"spd":0,"spe":252},"gender":"N","ivs":{"hp":31,"atk":2,"def":31,"spa":30,"spd":31,"spe":30},"happiness":255,"hpType":"Fire","pokeball":"","gigantamax":false,"dynamaxLevel":10,"teraType":"","level":100},{"name":"Tyranitar","species":"Tyranitar","item":"Leftovers","ability":"Sand Stream","moves":["Crunch","Pursuit","Hidden Power Grass","Fire Blast"],"nature":"Modest","evs":{"hp":240,"atk":0,"def":0,"spa":188,"spd":48,"spe":32},"gender":"F","ivs":{"hp":31,"atk":2,"def":31,"spa":30,"spd":31,"spe":31},"happiness":255,"hpType":"Grass","pokeball":"","gigantamax":false,"dynamaxLevel":10,"teraType":"","level":100},{"name":"Blissey","species":"Blissey","item":"Leftovers","ability":"Natural Cure","moves":["Seismic Toss","Wish","Protect","Toxic"],"nature":"","evs":{"hp":4,"atk":0,"def":252,"spa":0,"spd":252,"spe":0},"gender":"F","ivs":{"hp":31,"atk":0,"def":31,"spa":31,"spd":31,"spe":31},"level":100},{"name":"Metagross","species":"Metagross","item":"Leftovers","ability":"Clear Body","moves":["Agility","Meteor Mash","Earthquake","Explosion"],"nature":"Adamant","evs":{"hp":168,"atk":252,"def":0,"spa":0,"spd":0,"spe":88},"gender":"N","level":100,"ivs":{"hp":31,"atk":31,"def":31,"spa":31,"spd":31,"spe":31}},{"name":"Swampert","species":"Swampert","item":"Leftovers","ability":"Torrent","moves":["Surf","Ice Beam","Protect","Toxic"],"nature":"Bold","evs":{"hp":252,"atk":0,"def":160,"spa":0,"spd":96,"spe":0},"gender":"M","ivs":{"hp":31,"atk":0,"def":31,"spa":31,"spd":31,"spe":31},"level":100}],"p2team":[{"name":"Tyranitar","species":"Tyranitar","item":"Leftovers","ability":"Sand Stream","moves":["Rock Slide","Earthquake","Hidden Power Bug","Roar"],"nature":"Adamant","evs":{"hp":184,"atk":196,"def":120,"spa":0,"spd":0,"spe":8},"gender":"F","ivs":{"hp":31,"atk":30,"def":30,"spa":31,"spd":30,"spe":31},"happiness":255,"hpType":"Bug","pokeball":"","gigantamax":false,"dynamaxLevel":10,"teraType":"","level":100},{"name":"Milotic","species":"Milotic","item":"Leftovers","ability":"Marvel Scale","moves":["Surf","Toxic","Recover","Refresh"],"nature":"Bold","evs":{"hp":248,"atk":0,"def":212,"spa":0,"spd":0,"spe":48},"gender":"F","ivs":{"hp":31,"atk":0,"def":31,"spa":31,"spd":31,"spe":31},"level":100},{"name":"Blissey","species":"Blissey","item":"Leftovers","ability":"Natural Cure","moves":["Seismic Toss","Ice Beam","Thunder Wave","Soft-Boiled"],"nature":"Bold","evs":{"hp":40,"atk":0,"def":244,"spa":208,"spd":0,"spe":16},"gender":"F","level":100,"ivs":{"hp":31,"atk":31,"def":31,"spa":31,"spd":31,"spe":31}},{"name":"Skarmory","species":"Skarmory","item":"Leftovers","ability":"Keen Eye","moves":["Drill Peck","Toxic","Spikes","Roar"],"nature":"Careful","evs":{"hp":248,"atk":0,"def":0,"spa":0,"spd":236,"spe":24},"gender":"M","level":100,"ivs":{"hp":31,"atk":31,"def":31,"spa":31,"spd":31,"spe":31}},{"name":"Claydol","species":"Claydol","item":"Leftovers","ability":"Levitate","moves":["Earthquake","Psychic","Refresh","Rapid Spin"],"nature":"Adamant","evs":{"hp":224,"atk":228,"def":0,"spa":36,"spd":0,"spe":20},"gender":"N","level":100,"ivs":{"hp":31,"atk":31,"def":31,"spa":31,"spd":31,"spe":31}},{"name":"Dugtrio","species":"Dugtrio","item":"Choice Band","ability":"Arena Trap","moves":["Earthquake","Aerial Ace","Hidden Power Bug","Screech"],"nature":"Jolly","evs":{"hp":0,"atk":252,"def":0,"spa":0,"spd":4,"spe":252},"gender":"M","ivs":{"hp":31,"atk":30,"def":30,"spa":31,"spd":30,"spe":31},"happiness":255,"hpType":"Bug","pokeball":"","gigantamax":false,"dynamaxLevel":10,"teraType":"","level":100}],"score":[2,0],"inputLog":[">version 372d05e49c92a79eecdf6c8dddb208bd1765c00f",">start {\"formatid\":\"gen3ou\",\"seed\":\"sodium,4c99c80cd396611ebeb9051337010e25\"}",">player p1 {\"name\":\"foultestchallenge1\",\"avatar\":\"169\",\"team\":\"Salamence||ChoiceBand|Intimidate|Earthquake,HiddenPowerFlying,BrickBreak,RockSlide|Adamant|120,252,,,,136|M|30,30,30,30,30,|||,Flying,,,,]Magneton||Magnet|MagnetPull|Thunderbolt,Toxic,HiddenPowerFire,Protect|Modest|4,,,252,,252|N|,2,,30,,30|||,Fire,,,,]Tyranitar||Leftovers|SandStream|Crunch,Pursuit,HiddenPowerGrass,FireBlast|Modest|240,,,188,48,32|F|,2,,30,,|||,Grass,,,,]Blissey||Leftovers|NaturalCure|SeismicToss,Wish,Protect,Toxic||4,,252,,252,|F|,0,,,,|||]Metagross||Leftovers|ClearBody|Agility,MeteorMash,Earthquake,Explosion|Adamant|168,252,,,,88|N||||]Swampert||Leftovers|Torrent|Surf,IceBeam,Protect,Toxic|Bold|252,,160,,96,|M|,0,,,,|||\",\"rating\":0}",">player p2 {\"name\":\"foultestacceptor1\",\"avatar\":\"102\",\"team\":\"Tyranitar||Leftovers|SandStream|RockSlide,Earthquake,HiddenPowerBug,Roar|Adamant|184,196,120,,,8|F|,30,30,,30,|||,Bug,,,,]Milotic||Leftovers|MarvelScale|Surf,Toxic,Recover,Refresh|Bold|248,,212,,,48|F|,0,,,,|||]Blissey||Leftovers|NaturalCure|SeismicToss,IceBeam,ThunderWave,SoftBoiled|Bold|40,,244,208,,16|F||||]Skarmory||Leftovers|KeenEye|DrillPeck,Toxic,Spikes,Roar|Careful|248,,,,236,24|M||||]Claydol||Leftovers|Levitate|Earthquake,Psychic,Refresh,RapidSpin|Adamant|224,228,,36,,20|N||||]Dugtrio||ChoiceBand|ArenaTrap|Earthquake,AerialAce,HiddenPowerBug,Screech|Jolly|,252,,,4,252|M|,30,30,,30,|||,Bug,,,,\",\"rating\":0}",">p1 move brickbreak",">p2 switch 4",">p1 switch 2",">p2 move spikes",">p1 move thunderbolt",">p2 move roar",">p2 switch 6",">p1 move toxic",">p2 move earthquake",">p1 switch 2",">p1 move hiddenpower",">p2 switch 2",">p1 move hiddenpower",">p2 move recover",">p1 move hiddenpower",">p2 move recover",">p1 move hiddenpower",">p2 move recover",">p1 move hiddenpower",">p2 move recover",">p1 move hiddenpower",">p2 move recover",">p1 move hiddenpower",">p2 move recover",">p1 move hiddenpower",">p2 move recover",">p1 move hiddenpower",">p2 move recover",">p1 move hiddenpower",">p2 move recover",">p1 switch 5",">p2 move recover",">p1 move explosion",">p2 move surf",">p1 switch 6",">p2 switch 3",">p1 move toxic",">p2 move icebeam",">p1 move surf",">p2 move icebeam",">p1 move surf",">p2 move icebeam",">p1 move surf",">p2 move softboiled",">p1 move surf",">p2 move softboiled",">p1 move surf",">p2 switch 4",">p1 move surf",">p2 switch 4",">p1 move toxic",">p2 move softboiled",">p1 move toxic",">p2 move icebeam",">p1 move surf",">p2 move icebeam",">p1 move surf",">p2 move icebeam",">p1 move surf",">p2 move softboiled",">p1 move surf",">p2 move softboiled",">p1 move toxic",">p2 move seismictoss",">p1 move surf",">p2 move seismictoss",">p2 switch 5",">p1 move surf",">p2 move earthquake",">p1 switch 5",">p1 switch 3",">p2 move psychic",">p1 move crunch",">p2 move earthquake",">p1 move crunch",">p2 move earthquake",">p2 switch 2",">p1 move pursuit",">p2 move aerialace",">p1 move hiddenpower",">p2 move aerialace",">p2 switch 4",">p1 move hiddenpower",">p2 move rockslide",">p1 switch 3",">p1 move earthquake",">p2 move earthquake"],"log":["|j|☆foultestchallenge1","|j|☆foultestacceptor1","|t:|1753080856","|gametype|singles","|player|p1|foultestchallenge1|169|","|player|p2|foultestacceptor1|102|","|teamsize|p1|6","|teamsize|p2|6","|gen|3","|tier|[Gen 3] OU","|rule|Sleep Clause Mod: Limit one foe put to sleep","|rule|Switch Priority Clause Mod: Faster Pokémon switch first","|rule|Species Clause: Limit one of each Pokémon","|rule|OHKO Clause: OHKO moves are banned","|rule|Evasion Items Clause: Evasion items are banned","|rule|Evasion Moves Clause: Evasion moves are banned","|rule|Endless Battle Clause: Forcing endless battles is banned","|rule|HP Percentage Mod: HP is shown in percentages","|rule|One Boost Passer Clause: Limit one Baton Passer that has a way to boost its stats","|rule|Freeze Clause Mod: Limit one foe frozen","|","|t:|1753080856","|start","|switch|p1a: Salamence|Salamence, M|360/360","|switch|p2a: Tyranitar|Tyranitar, F|387/387","|-ability|p1a: Salamence|Intimidate|boost","|-unboost|p2a: Tyranitar|atk|1","|-weather|Sandstorm|[from] ability: Sand Stream|[of] p2a: Tyranitar","|turn|1","|inactive|Battle timer is ON: inactive players will automatically lose when time's up. (requested by foultestacceptor1)","|inactive|foultestchallenge1 also wants the timer to be on.","|","|t:|1753080864","|switch|p2a: Skarmory|Skarmory, M|333/333","|move|p1a: Salamence|Brick Break|p2a: Skarmory","|-damage|p2a: Skarmory|221/333","|","|-weather|Sandstorm|[upkeep]","|-damage|p1a: Salamence|338/360|[from] Sandstorm","|-heal|p2a: Skarmory|241/333|[from] item: Leftovers","|upkeep","|turn|2","||adding 10 for new turn","|","|t:|1753080872","|switch|p1a: Magneton|Magneton|242/242","|move|p2a: Skarmory|Spikes|p1a: Magneton","|-sidestart|p1: foultestchallenge1|Spikes","|","|-weather|Sandstorm|[upkeep]","|-heal|p2a: Skarmory|261/333|[from] item: Leftovers","|upkeep","|turn|3","||adding 10 for new turn","|","|t:|1753080880","|move|p1a: Magneton|Thunderbolt|p2a: Skarmory","|-supereffective|p2a: Skarmory","|-damage|p2a: Skarmory|0 fnt","|faint|p2a: Skarmory","||adding 5 to each for mid turn request","|","|t:|1753080888","|switch|p2a: Dugtrio|Dugtrio, M|211/211","|","|-weather|Sandstorm|[upkeep]","|upkeep","|turn|4","||adding 10 for new turn","|","|t:|1753080896","|move|p2a: Dugtrio|Earthquake|p1a: Magneton","|-supereffective|p1a: Magneton","|-damage|p1a: Magneton|0 fnt","|faint|p1a: Magneton","||adding 5 to each for mid turn request","|","|t:|1753080903","|switch|p1a: Salamence|Salamence, M|338/360","|-ability|p1a: Salamence|Intimidate|boost","|-unboost|p2a: Dugtrio|atk|1","|","|-weather|Sandstorm|[upkeep]","|-damage|p1a: Salamence|316/360|[from] Sandstorm","|upkeep","|turn|5","||adding 10 for new turn","|","|t:|1753080911","|switch|p2a: Milotic|Milotic, F|393/393","|move|p1a: Salamence|Hidden Power|p2a: Milotic","|-damage|p2a: Milotic|208/393","|","|-weather|Sandstorm|[upkeep]","|-damage|p1a: Salamence|294/360|[from] Sandstorm","|-damage|p2a: Milotic|184/393|[from] Sandstorm","|-heal|p2a: Milotic|208/393|[from] item: Leftovers","|upkeep","|turn|6","||adding 10 for new turn","|","|t:|1753080919","|move|p1a: Salamence|Hidden Power|p2a: Milotic","|-damage|p2a: Milotic|29/393","|move|p2a: Milotic|Recover|p2a: Milotic","|-heal|p2a: Milotic|225/393","|","|-weather|Sandstorm|[upkeep]","|-damage|p1a: Salamence|272/360|[from] Sandstorm","|-damage|p2a: Milotic|201/393|[from] Sandstorm","|-heal|p2a: Milotic|225/393|[from] item: Leftovers","|upkeep","|turn|7","||adding 10 for new turn","|","|t:|1753080927","|move|p1a: Salamence|Hidden Power|p2a: Milotic","|-damage|p2a: Milotic|34/393","|move|p2a: Milotic|Recover|p2a: Milotic","|-heal|p2a: Milotic|230/393","|","|-weather|Sandstorm|[upkeep]","|-damage|p1a: Salamence|250/360|[from] Sandstorm","|-damage|p2a: Milotic|206/393|[from] Sandstorm","|-heal|p2a: Milotic|230/393|[from] item: Leftovers","|upkeep","|turn|8","||adding 10 for new turn","|","|t:|1753080934","|move|p1a: Salamence|Hidden Power|p2a: Milotic","|-damage|p2a: Milotic|53/393","|move|p2a: Milotic|Recover|p2a: Milotic","|-heal|p2a: Milotic|249/393","|","|-weather|Sandstorm|[upkeep]","|-damage|p1a: Salamence|228/360|[from] Sandstorm","|-damage|p2a: Milotic|225/393|[from] Sandstorm","|-heal|p2a: Milotic|249/393|[from] item: Leftovers","|upkeep","|turn|9","||adding 10 for new turn","|","|t:|1753080942","|move|p1a: Salamence|Hidden Power|p2a: Milotic","|-damage|p2a: Milotic|52/393","|move|p2a: Milotic|Recover|p2a: Milotic","|-heal|p2a: Milotic|248/393","|","|-weather|Sandstorm|[upkeep]","|-damage|p1a: Salamence|206/360|[from] Sandstorm","|-damage|p2a: Milotic|224/393|[from] Sandstorm","|-heal|p2a: Milotic|248/393|[from] item: Leftovers","|upkeep","|turn|10","||adding 10 for new turn","|","|t:|1753080950","|move|p1a: Salamence|Hidden Power|p2a: Milotic","|-damage|p2a: Milotic|57/393","|move|p2a: Milotic|Recover|p2a: Milotic","|-heal|p2a: Milotic|253/393","|","|-weather|Sandstorm|[upkeep]","|-damage|p1a: Salamence|184/360|[from] Sandstorm","|-damage|p2a: Milotic|229/393|[from] Sandstorm","|-heal|p2a: Milotic|253/393|[from] item: Leftovers","|upkeep","|turn|11","||adding 10 for new turn","|","|t:|1753080958","|move|p1a: Salamence|Hidden Power|p2a: Milotic","|-damage|p2a: Milotic|78/393","|move|p2a: Milotic|Recover|p2a: Milotic","|-heal|p2a: Milotic|274/393","|","|-weather|Sandstorm|[upkeep]","|-damage|p1a: Salamence|162/360|[from] Sandstorm","|-damage|p2a: Milotic|250/393|[from] Sandstorm","|-heal|p2a: Milotic|274/393|[from] item: Leftovers","|upkeep","|turn|12","||adding 10 for new turn","|","|t:|1753080965","|move|p1a: Salamence|Hidden Power|p2a: Milotic","|-damage|p2a: Milotic|89/393","|move|p2a: Milotic|Recover|p2a: Milotic","|-heal|p2a: Milotic|285/393","|","|-weather|Sandstorm|[upkeep]","|-damage|p1a: Salamence|140/360|[from] Sandstorm","|-damage|p2a: Milotic|261/393|[from] Sandstorm","|-heal|p2a: Milotic|285/393|[from] item: Leftovers","|upkeep","|turn|13","||adding 10 for new turn","|","|t:|1753080973","|move|p1a: Salamence|Hidden Power|p2a: Milotic","|-damage|p2a: Milotic|88/393","|move|p2a: Milotic|Recover|p2a: Milotic","|-heal|p2a: Milotic|284/393","|","|-weather|Sandstorm|[upkeep]","|-damage|p1a: Salamence|118/360|[from] Sandstorm","|-damage|p2a: Milotic|260/393|[from] Sandstorm","|-heal|p2a: Milotic|284/393|[from] item: Leftovers","|upkeep","|turn|14","||adding 10 for new turn","|","|t:|1753080981","|move|p1a: Salamence|Hidden Power|p2a: Milotic","|-damage|p2a: Milotic|97/393","|move|p2a: Milotic|Recover|p2a: Milotic","|-heal|p2a: Milotic|293/393","|","|-weather|Sandstorm|[upkeep]","|-damage|p1a: Salamence|96/360|[from] Sandstorm","|-damage|p2a: Milotic|269/393|[from] Sandstorm","|-heal|p2a: Milotic|293/393|[from] item: Leftovers","|upkeep","|turn|15","||adding 10 for new turn","|","|t:|1753080989","|switch|p1a: Metagross|Metagross|343/343","|-damage|p1a: Metagross|301/343|[from] Spikes","|move|p2a: Milotic|Recover|p2a: Milotic","|-heal|p2a: Milotic|393/393","|","|-weather|Sandstorm|[upkeep]","|-damage|p2a: Milotic|369/393|[from] Sandstorm","|-heal|p2a: Milotic|393/393|[from] item: Leftovers","|-heal|p1a: Metagross|322/343|[from] item: Leftovers","|upkeep","|turn|16","||adding 10 for new turn","|","|t:|1753080997","|move|p2a: Milotic|Surf|p1a: Metagross","|-damage|p1a: Metagross|201/343","|move|p1a: Metagross|Explosion|p2a: Milotic","|-damage|p2a: Milotic|0 fnt","|faint|p1a: Metagross","|faint|p2a: Milotic","||adding 5 to each for mid turn request","|","|t:|1753081005","|switch|p2a: Blissey|Blissey, F|661/661","|switch|p1a: Swampert|Swampert, M|404/404","|-damage|p1a: Swampert|354/404|[from] Spikes","|","|-weather|Sandstorm|[upkeep]","|-damage|p2a: Blissey|620/661|[from] Sandstorm","|-heal|p1a: Swampert|379/404|[from] item: Leftovers","|-heal|p2a: Blissey|661/661|[from] item: Leftovers","|upkeep","|turn|17","||adding 10 for new turn","|","|t:|1753081013","|move|p1a: Swampert|Toxic|p2a: Blissey","|-status|p2a: Blissey|tox","|move|p2a: Blissey|Ice Beam|p1a: Swampert","|-damage|p1a: Swampert|310/404","|","|-weather|Sandstorm|[upkeep]","|-damage|p2a: Blissey|620/661 tox|[from] Sandstorm","|-heal|p1a: Swampert|335/404|[from] item: Leftovers","|-heal|p2a: Blissey|661/661 tox|[from] item: Leftovers","|-damage|p2a: Blissey|620/661 tox|[from] psn","|upkeep","|turn|18","||adding 10 for new turn","|","|t:|1753081022","|move|p1a: Swampert|Surf|p2a: Blissey","|-damage|p2a: Blissey|538/661 tox","|move|p2a: Blissey|Ice Beam|p1a: Swampert","|-damage|p1a: Swampert|255/404","|","|-weather|Sandstorm|[upkeep]","|-damage|p2a: Blissey|497/661 tox|[from] Sandstorm","|-heal|p1a: Swampert|280/404|[from] item: Leftovers","|-heal|p2a: Blissey|538/661 tox|[from] item: Leftovers","|-damage|p2a: Blissey|456/661 tox|[from] psn","|upkeep","|turn|19","||adding 10 for new turn","|","|t:|1753081030","|move|p1a: Swampert|Surf|p2a: Blissey","|-damage|p2a: Blissey|377/661 tox","|move|p2a: Blissey|Ice Beam|p1a: Swampert","|-damage|p1a: Swampert|205/404","|","|-weather|Sandstorm|[upkeep]","|-damage|p2a: Blissey|336/661 tox|[from] Sandstorm","|-heal|p1a: Swampert|230/404|[from] item: Leftovers","|-heal|p2a: Blissey|377/661 tox|[from] item: Leftovers","|-damage|p2a: Blissey|254/661 tox|[from] psn","|upkeep","|turn|20","||adding 10 for new turn","|","|t:|1753081038","|move|p1a: Swampert|Surf|p2a: Blissey","|-damage|p2a: Blissey|183/661 tox","|move|p2a: Blissey|Soft-Boiled|p2a: Blissey","|-heal|p2a: Blissey|513/661 tox","|","|-weather|Sandstorm|[upkeep]","|-damage|p2a: Blissey|472/661 tox|[from] Sandstorm","|-heal|p1a: Swampert|255/404|[from] item: Leftovers","|-heal|p2a: Blissey|513/661 tox|[from] item: Leftovers","|-damage|p2a: Blissey|349/661 tox|[from] psn","|upkeep","|turn|21","||adding 10 for new turn","|","|t:|1753081046","|move|p1a: Swampert|Surf|p2a: Blissey","|-damage|p2a: Blissey|279/661 tox","|move|p2a: Blissey|Soft-Boiled|p2a: Blissey","|-heal|p2a: Blissey|609/661 tox","|","|-weather|Sandstorm|[upkeep]","|-damage|p2a: Blissey|568/661 tox|[from] Sandstorm","|-heal|p1a: Swampert|280/404|[from] item: Leftovers","|-heal|p2a: Blissey|609/661 tox|[from] item: Leftovers","|-damage|p2a: Blissey|404/661 tox|[from] psn","|upkeep","|turn|22","||adding 10 for new turn","|","|t:|1753081054","|-curestatus|p2a: Blissey|tox|[from] ability: Natural Cure","|switch|p2a: Tyranitar|Tyranitar, F|387/387","|move|p1a: Swampert|Surf|p2a: Tyranitar","|-supereffective|p2a: Tyranitar","|-damage|p2a: Tyranitar|175/387","|","|-weather|Sandstorm|[upkeep]","|-heal|p2a: Tyranitar|199/387|[from] item: Leftovers","|-heal|p1a: Swampert|305/404|[from] item: Leftovers","|upkeep","|turn|23","||adding 10 for new turn","|","|t:|1753081063","|switch|p2a: Blissey|Blissey, F|404/661","|move|p1a: Swampert|Surf|p2a: Blissey","|-damage|p2a: Blissey|325/661","|","|-weather|Sandstorm|[upkeep]","|-damage|p2a: Blissey|284/661|[from] Sandstorm","|-heal|p1a: Swampert|330/404|[from] item: Leftovers","|-heal|p2a: Blissey|325/661|[from] item: Leftovers","|upkeep","|turn|24","||adding 10 for new turn","|","|t:|1753081071","|move|p1a: Swampert|Toxic|p2a: Blissey|[miss]","|-miss|p1a: Swampert|p2a: Blissey","|move|p2a: Blissey|Soft-Boiled|p2a: Blissey","|-heal|p2a: Blissey|655/661","|","|-weather|Sandstorm|[upkeep]","|-damage|p2a: Blissey|614/661|[from] Sandstorm","|-heal|p1a: Swampert|355/404|[from] item: Leftovers","|-heal|p2a: Blissey|655/661|[from] item: Leftovers","|upkeep","|turn|25","||adding 10 for new turn","|","|t:|1753081079","|move|p1a: Swampert|Toxic|p2a: Blissey","|-status|p2a: Blissey|tox","|move|p2a: Blissey|Ice Beam|p1a: Swampert","|-damage|p1a: Swampert|277/404","|","|-weather|Sandstorm|[upkeep]","|-damage|p2a: Blissey|614/661 tox|[from] Sandstorm","|-heal|p1a: Swampert|302/404|[from] item: Leftovers","|-heal|p2a: Blissey|655/661 tox|[from] item: Leftovers","|-damage|p2a: Blissey|614/661 tox|[from] psn","|upkeep","|turn|26","||adding 10 for new turn","|","|t:|1753081087","|move|p1a: Swampert|Surf|p2a: Blissey","|-damage|p2a: Blissey|543/661 tox","|move|p2a: Blissey|Ice Beam|p1a: Swampert","|-damage|p1a: Swampert|227/404","|","|-weather|Sandstorm|[upkeep]","|-damage|p2a: Blissey|502/661 tox|[from] Sandstorm","|-heal|p1a: Swampert|252/404|[from] item: Leftovers","|-heal|p2a: Blissey|543/661 tox|[from] item: Leftovers","|-damage|p2a: Blissey|461/661 tox|[from] psn","|upkeep","|turn|27","||adding 10 for new turn","|","|t:|1753081095","|move|p1a: Swampert|Surf|p2a: Blissey","|-damage|p2a: Blissey|390/661 tox","|move|p2a: Blissey|Ice Beam|p1a: Swampert","|-damage|p1a: Swampert|179/404","|","|-weather|Sandstorm|[upkeep]","|-damage|p2a: Blissey|349/661 tox|[from] Sandstorm","|-heal|p1a: Swampert|204/404|[from] item: Leftovers","|-heal|p2a: Blissey|390/661 tox|[from] item: Leftovers","|-damage|p2a: Blissey|267/661 tox|[from] psn","|upkeep","|turn|28","||adding 10 for new turn","|","|t:|1753081103","|move|p1a: Swampert|Surf|p2a: Blissey","|-damage|p2a: Blissey|186/661 tox","|move|p2a: Blissey|Soft-Boiled|p2a: Blissey","|-heal|p2a: Blissey|516/661 tox","|","|-weather|Sandstorm|[upkeep]","|-damage|p2a: Blissey|475/661 tox|[from] Sandstorm","|-heal|p1a: Swampert|229/404|[from] item: Leftovers","|-heal|p2a: Blissey|516/661 tox|[from] item: Leftovers","|-damage|p2a: Blissey|352/661 tox|[from] psn","|upkeep","|turn|29","||adding 10 for new turn","|","|t:|1753081111","|move|p1a: Swampert|Surf|p2a: Blissey","|-damage|p2a: Blissey|283/661 tox","|move|p2a: Blissey|Soft-Boiled|p2a: Blissey","|-heal|p2a: Blissey|613/661 tox","|","|-weather|Sandstorm|[upkeep]","|-damage|p2a: Blissey|572/661 tox|[from] Sandstorm","|-heal|p1a: Swampert|254/404|[from] item: Leftovers","|-heal|p2a: Blissey|613/661 tox|[from] item: Leftovers","|-damage|p2a: Blissey|408/661 tox|[from] psn","|upkeep","|turn|30","||adding 10 for new turn","|","|t:|1753081119","|move|p1a: Swampert|Toxic|p2a: Blissey","|-fail|p2a: Blissey|tox","|move|p2a: Blissey|Seismic Toss|p1a: Swampert","|-damage|p1a: Swampert|154/404","|","|-weather|Sandstorm|[upkeep]","|-damage|p2a: Blissey|367/661 tox|[from] Sandstorm","|-heal|p1a: Swampert|179/404|[from] item: Leftovers","|-heal|p2a: Blissey|408/661 tox|[from] item: Leftovers","|-damage|p2a: Blissey|162/661 tox|[from] psn","|upkeep","|turn|31","||adding 10 for new turn","|","|t:|1753081127","|move|p1a: Swampert|Surf|p2a: Blissey","|-damage|p2a: Blissey|92/661 tox","|move|p2a: Blissey|Seismic Toss|p1a: Swampert","|-damage|p1a: Swampert|79/404","|","|-weather|Sandstorm|[upkeep]","|-damage|p2a: Blissey|51/661 tox|[from] Sandstorm","|-heal|p1a: Swampert|104/404|[from] item: Leftovers","|-heal|p2a: Blissey|92/661 tox|[from] item: Leftovers","|-damage|p2a: Blissey|0 fnt|[from] psn","|faint|p2a: Blissey","|upkeep","||adding 5 to each for mid turn request","|","|t:|1753081135","|switch|p2a: Claydol|Claydol|317/317","|turn|32","||adding 10 for new turn","|","|t:|1753081142","|move|p2a: Claydol|Earthquake|p1a: Swampert","|-crit|p1a: Swampert","|-damage|p1a: Swampert|0 fnt","|faint|p1a: Swampert","||adding 5 to each for mid turn request","|","|t:|1753081150","|switch|p1a: Salamence|Salamence, M|96/360","|-ability|p1a: Salamence|Intimidate|boost","|-unboost|p2a: Claydol|atk|1","|","|-weather|Sandstorm|[upkeep]","|-damage|p1a: Salamence|74/360|[from] Sandstorm","|upkeep","|turn|33","||adding 10 for new turn","|","|t:|1753081158","|switch|p1a: Tyranitar|Tyranitar, F|401/401","|-damage|p1a: Tyranitar|351/401|[from] Spikes","|move|p2a: Claydol|Psychic|p1a: Tyranitar","|-immune|p1a: Tyranitar","|","|-weather|Sandstorm|[upkeep]","|-heal|p1a: Tyranitar|376/401|[from] item: Leftovers","|upkeep","|turn|34","||adding 10 for new turn","|","|t:|1753081166","|move|p2a: Claydol|Earthquake|p1a: Tyranitar","|-supereffective|p1a: Tyranitar","|-damage|p1a: Tyranitar|217/401","|move|p1a: Tyranitar|Crunch|p2a: Claydol","|-supereffective|p2a: Claydol","|-damage|p2a: Claydol|109/317","|","|-weather|Sandstorm|[upkeep]","|-heal|p2a: Claydol|128/317|[from] item: Leftovers","|-heal|p1a: Tyranitar|242/401|[from] item: Leftovers","|upkeep","|turn|35","||adding 10 for new turn","|","|t:|1753081174","|move|p2a: Claydol|Earthquake|p1a: Tyranitar","|-supereffective|p1a: Tyranitar","|-damage|p1a: Tyranitar|78/401","|move|p1a: Tyranitar|Crunch|p2a: Claydol","|-supereffective|p2a: Claydol","|-damage|p2a: Claydol|0 fnt","|faint|p2a: Claydol","||adding 5 to each for mid turn request","|","|t:|1753081182","|switch|p2a: Dugtrio|Dugtrio, M|211/211","|","|-weather|Sandstorm|[upkeep]","|-heal|p1a: Tyranitar|103/401|[from] item: Leftovers","|upkeep","|turn|36","||adding 10 for new turn","|","|t:|1753081189","|move|p2a: Dugtrio|Aerial Ace|p1a: Tyranitar","|-resisted|p1a: Tyranitar","|-damage|p1a: Tyranitar|64/401","|move|p1a: Tyranitar|Pursuit|p2a: Dugtrio","|-damage|p2a: Dugtrio|125/211","|","|-weather|Sandstorm|[upkeep]","|-heal|p1a: Tyranitar|89/401|[from] item: Leftovers","|upkeep","|turn|37","||adding 10 for new turn","|","|t:|1753081197","|move|p2a: Dugtrio|Aerial Ace|p1a: Tyranitar","|-resisted|p1a: Tyranitar","|-damage|p1a: Tyranitar|52/401","|move|p1a: Tyranitar|Hidden Power|p2a: Dugtrio","|-supereffective|p2a: Dugtrio","|-damage|p2a: Dugtrio|0 fnt","|faint|p2a: Dugtrio","||adding 5 to each for mid turn request","|","|t:|1753081201","|switch|p2a: Tyranitar|Tyranitar, F|199/387","|","|-weather|Sandstorm|[upkeep]","|-heal|p1a: Tyranitar|77/401|[from] item: Leftovers","|-heal|p2a: Tyranitar|223/387|[from] item: Leftovers","|upkeep","|turn|38","||adding 10 for new turn","|","|t:|1753081208","|move|p1a: Tyranitar|Hidden Power|p2a: Tyranitar","|-supereffective|p2a: Tyranitar","|-damage|p2a: Tyranitar|81/387","|move|p2a: Tyranitar|Rock Slide|p1a: Tyranitar","|-damage|p1a: Tyranitar|0 fnt","|faint|p1a: Tyranitar","||adding 5 to each for mid turn request","|","|t:|1753081215","|switch|p1a: Salamence|Salamence, M|74/360","|-ability|p1a: Salamence|Intimidate|boost","|-unboost|p2a: Tyranitar|atk|1","|","|-weather|Sandstorm|[upkeep]","|-damage|p1a: Salamence|52/360|[from] Sandstorm","|-heal|p2a: Tyranitar|105/387|[from] item: Leftovers","|upkeep","|turn|39","||adding 10 for new turn","|","|t:|1753081222","|move|p1a: Salamence|Earthquake|p2a: Tyranitar","|-supereffective|p2a: Tyranitar","|-damage|p2a: Tyranitar|0 fnt","|faint|p2a: Tyranitar","|","|win|foultestchallenge1",""],"p1rating":null,"p2rating":null,"endType":"normal","ladderError":true,"timestamp":"Mon Jul 21 2025 00:00:22 GMT-0700 (アメリカ太平洋夏時間)","roomid":"battle-gen3ou-1138","format":"gen3ou"}