{"winner":"foultestacceptor1","seed":"sodium,587da3b0350c0eb3eec1fc6b13bedeb1","turns":77,"p1":"foultestchallenge1","p2":"foultestacceptor1","p1team":[{"name":"Skarmory","species":"Skarmory","item":"Leftovers","ability":"Keen Eye","moves":["Spikes","Roar","Toxic","Protect"],"nature":"Careful","evs":{"hp":252,"atk":0,"def":0,"spa":0,"spd":252,"spe":4},"gender":"M","ivs":{"hp":31,"atk":0,"def":31,"spa":31,"spd":31,"spe":31},"level":100},{"name":"Jolteon","species":"Jolteon","item":"Leftovers","ability":"Volt Absorb","moves":["Thunderbolt","Thunder Wave","Hidden Power Grass","Baton Pass"],"nature":"Timid","evs":{"hp":4,"atk":0,"def":0,"spa":252,"spd":0,"spe":252},"gender":"F","ivs":{"hp":31,"atk":2,"def":31,"spa":30,"spd":31,"spe":31},"happiness":255,"hpType":"Grass","pokeball":"","gigantamax":false,"dynamaxLevel":10,"teraType":"","level":100},{"name":"Tyranitar","species":"Tyranitar","item":"Leftovers","ability":"Sand Stream","moves":["Focus Punch","Earthquake","Hidden Power Bug","Rock Slide"],"nature":"Adamant","evs":{"hp":252,"atk":252,"def":4,"spa":0,"spd":0,"spe":0},"gender":"F","ivs":{"hp":31,"atk":31,"def":31,"spa":31,"spd":30,"spe":30},"happiness":255,"hpType":"Bug","pokeball":"","gigantamax":false,"dynamaxLevel":10,"teraType":"","level":100},{"name":"Gengar","species":"Gengar","item":"Leftovers","ability":"Levitate","moves":["Ice Punch","Fire Punch","Hidden Power Grass","Explosion"],"nature":"Hasty","evs":{"hp":40,"atk":0,"def":0,"spa":252,"spd":0,"spe":216},"gender":"M","ivs":{"hp":31,"atk":30,"def":31,"spa":30,"spd":31,"spe":31},"happiness":255,"hpType":"Grass","pokeball":"","gigantamax":false,"dynamaxLevel":10,"teraType":"","level":100},{"name":"Metagross","species":"Metagross","item":"Choice Band","ability":"Clear Body","moves":["Meteor Mash","Earthquake","Rock Slide","Explosion"],"nature":"Adamant","evs":{"hp":68,"atk":252,"def":0,"spa":0,"spd":0,"spe":188},"gender":"N","level":100,"ivs":{"hp":31,"atk":31,"def":31,"spa":31,"spd":31,"spe":31}},{"name":"Starmie","species":"Starmie","item":"Leftovers","ability":"Natural Cure","moves":["Hydro Pump","Thunderbolt","Ice Beam","Psychic"],"nature":"Timid","evs":{"hp":4,"atk":0,"def":0,"spa":252,"spd":0,"spe":252},"gender":"N","ivs":{"hp":31,"atk":0,"def":31,"spa":31,"spd":31,"spe":31},"level":100}],"p2team":[{"name":"Tyranitar","species":"Tyranitar","item":"Leftovers","ability":"Sand Stream","moves":["Rock Slide","Earthquake","Hidden Power Bug","Roar"],"nature":"Adamant","evs":{"hp":184,"atk":196,"def":120,"spa":0,"spd":0,"spe":8},"gender":"M","ivs":{"hp":31,"atk":30,"def":30,"spa":31,"spd":30,"spe":31},"happiness":255,"hpType":"Bug","pokeball":"","gigantamax":false,"dynamaxLevel":10,"teraType":"","level":100},{"name":"Milotic","species":"Milotic","item":"Leftovers","ability":"Marvel Scale","moves":["Surf","Toxic","Recover","Refresh"],"nature":"Bold","evs":{"hp":248,"atk":0,"def":212,"spa":0,"spd":0,"spe":48},"gender":"M","ivs":{"hp":31,"atk":0,"def":31,"spa":31,"spd":31,"spe":31},"level":100},{"name":"Blissey","species":"Blissey","item":"Leftovers","ability":"Natural Cure","moves":["Seismic Toss","Ice Beam","Thunder Wave","Soft-Boiled"],"nature":"Bold","evs":{"hp":40,"atk":0,"def":244,"spa":208,"spd":0,"spe":16},"gender":"F","level":100,"ivs":{"hp":31,"atk":31,"def":31,"spa":31,"spd":31,"spe":31}},{"name":"Skarmory","species":"Skarmory","item":"Leftovers","ability":"Keen Eye","moves":["Drill Peck","Toxic","Spikes","Roar"],"nature":"Careful","evs":{"hp":248,"atk":0,"def":0,"spa":0,"spd":236,"spe":24},"gender":"F","level":100,"ivs":{"hp":31,"atk":31,"def":31,"spa":31,"spd":31,"spe":31}},{"name":"Claydol","species":"Claydol","item":"Leftovers","ability":"Levitate","moves":["Earthquake","Psychic","Refresh","Rapid Spin"],"nature":"Adamant","evs":{"hp":224,"atk":228,"def":0,"spa":36,"spd":0,"spe":20},"gender":"N","level":100,"ivs":{"hp":31,"atk":31,"def":31,"spa":31,"spd":31,"spe":31}},{"name":"Dugtrio","species":"Dugtrio","item":"Choice Band","ability":"Arena Trap","moves":["Earthquake","Aerial Ace","Hidden Power Bug","Screech"],"nature":"Jolly","evs":{"hp":0,"atk":252,"def":0,"spa":0,"spd":4,"spe":252},"gender":"M","ivs":{"hp":31,"atk":30,"def":30,"spa":31,"spd":30,"spe":31},"happiness":255,"hpType":"Bug","pokeball":"","gigantamax":false,"dynamaxLevel":10,"teraType":"","level":100}],"score":[0,1],"inputLog":[">version 372d05e49c92a79eecdf6c8dddb208bd1765c00f",">start {\"formatid\":\"gen3ou\",\"seed\":\"sodium,587da3b0350c0eb3eec1fc6b13bedeb1\"}",">player p1 {\"name\":\"foultestchallenge1\",\"avatar\":\"169\",\"team\":\"Skarmory||Leftovers|KeenEye|Spikes,Roar,Toxic,Protect|Careful|252,,,,252,4|M|,0,,,,|||]Jolteon||Leftovers|VoltAbsorb|Thunderbolt,ThunderWave,HiddenPowerGrass,BatonPass|Timid|4,,,252,,252|F|,2,,30,,|||,Grass,,,,]Tyranitar||Leftovers|SandStream|FocusPunch,Earthquake,HiddenPowerBug,RockSlide|Adamant|252,252,4,,,|F|,,,,30,30|||,Bug,,,,]Gengar||Leftovers|Levitate|IcePunch,FirePunch,HiddenPowerGrass,Explosion|Hasty|40,,,252,,216|M|,30,,30,,|||,Grass,,,,]Metagross||ChoiceBand|ClearBody|MeteorMash,Earthquake,RockSlide,Explosion|Adamant|68,252,,,,188|N||||]Starmie||Leftovers|NaturalCure|HydroPump,Thunderbolt,IceBeam,Psychic|Timid|4,,,252,,252|N|,0,,,,|||\",\"rating\":0}",">player p2 {\"name\":\"foultestacceptor1\",\"avatar\":\"102\",\"team\":\"Tyranitar||Leftovers|SandStream|RockSlide,Earthquake,HiddenPowerBug,Roar|Adamant|184,196,120,,,8|M|,30,30,,30,|||,Bug,,,,]Milotic||Leftovers|MarvelScale|Surf,Toxic,Recover,Refresh|Bold|248,,212,,,48|M|,0,,,,|||]Blissey||Leftovers|NaturalCure|SeismicToss,IceBeam,ThunderWave,SoftBoiled|Bold|40,,244,208,,16|F||||]Skarmory||Leftovers|KeenEye|DrillPeck,Toxic,Spikes,Roar|Careful|248,,,,236,24|F||||]Claydol||Leftovers|Levitate|Earthquake,Psychic,Refresh,RapidSpin|Adamant|224,228,,36,,20|N||||]Dugtrio||ChoiceBand|ArenaTrap|Earthquake,AerialAce,HiddenPowerBug,Screech|Jolly|,252,,,4,252|M|,30,30,,30,|||,Bug,,,,\",\"rating\":0}",">p1 move spikes",">p2 move rockslide",">p1 switch 5",">p2 move rockslide",">p1 move meteormash",">p2 switch 4",">p1 move meteormash",">p2 move spikes",">p1 move meteormash",">p2 switch 2",">p1 move meteormash",">p2 move recover",">p1 move meteormash",">p2 move recover",">p1 move meteormash",">p2 move surf",">p1 move meteormash",">p2 move surf",">p1 move meteormash",">p2 move recover",">p1 move meteormash",">p2 move recover",">p1 move meteormash",">p2 move recover",">p1 move meteormash",">p2 move recover",">p1 move meteormash",">p2 move recover",">p1 move meteormash",">p2 move surf",">p1 switch 2",">p1 move thunderbolt",">p2 switch 5",">p1 move batonpass",">p2 move rapidspin",">p1 switch 6",">p1 move hydropump",">p2 switch 5",">p1 move thunderbolt",">p2 move recover",">p2 switch 6",">p1 move icebeam",">p2 move earthquake",">p1 switch 5",">p1 move spikes",">p2 switch 2",">p1 move spikes",">p2 move spikes",">p1 move spikes",">p2 move spikes",">p1 move roar",">p2 move roar",">p1 move hiddenpower",">p2 switch 5",">p1 move batonpass",">p2 move rapidspin",">p1 switch 4",">p1 move icepunch",">p2 move psychic",">p1 move icepunch",">p2 switch 3",">p1 move firepunch",">p2 move icebeam",">p1 switch 3",">p1 move hiddenpower",">p2 move softboiled",">p1 move rockslide",">p2 move thunderwave",">p1 move focuspunch",">p2 move softboiled",">p2 switch 3",">p1 move hiddenpower",">p2 move rapidspin",">p1 switch 6",">p2 move earthquake",">p1 move spikes",">p2 switch 5",">p1 move spikes",">p2 move roar",">p1 move hiddenpower",">p2 switch 5",">p2 switch 4",">p1 move thunderbolt",">p2 move hiddenpower",">p1 switch 4",">p1 move roar",">p2 move rockslide",">p1 move roar",">p2 move rockslide",">p1 move spikes",">p2 move roar",">p1 move focuspunch",">p2 move roar",">p1 move roar",">p2 move roar",">p1 move focuspunch",">p2 move roar",">p1 move roar",">p2 move drillpeck",">p1 move toxic",">p2 switch 2",">p1 move roar",">p2 move roar",">p1 move rockslide",">p2 move roar",">p1 move rockslide",">p2 switch 5",">p1 switch 6",">p2 move earthquake",">p1 move roar",">p2 move rockslide",">p1 move roar",">p2 move roar",">p1 move rockslide",">p2 switch 5",">p2 switch 2",">p1 move rockslide",">p2 move earthquake",">p1 switch 6",">p1 move roar",">p2 switch 5",">p1 move roar",">p2 move screech",">p1 move protect",">p2 move drillpeck",">p1 move roar",">p2 move drillpeck",">p1 move protect",">p2 move aerialace",">p1 move protect",">p2 move aerialace",">p1 move protect",">p2 move aerialace",">p1 move protect",">p2 move aerialace",">p1 move protect",">p2 move aerialace",">p1 move protect",">p2 move aerialace",">p1 move toxic",">p2 move aerialace",">p2 switch 5",">p1 move protect",">p2 move drillpeck",">p1 move protect",">p2 move drillpeck",">p1 move protect",">p2 move drillpeck",">p1 move protect",">p2 move drillpeck",">p1 move protect",">p2 move drillpeck",">p1 move protect",">p2 move drillpeck",">p1 move protect",">p2 move drillpeck",">p1 move protect",">p2 move drillpeck",">p1 move protect",">p2 move drillpeck",">p1 move spikes",">p2 move drillpeck",">p1 move spikes",">p2 move drillpeck",">p1 move toxic",">p2 move drillpeck"],"log":["|j|☆foultestchallenge1","|j|☆foultestacceptor1","|t:|1753081231","|gametype|singles","|player|p1|foultestchallenge1|169|","|player|p2|foultestacceptor1|102|","|teamsize|p1|6","|teamsize|p2|6","|gen|3","|tier|[Gen 3] OU","|rule|Sleep Clause Mod: Limit one foe put to sleep","|rule|Switch Priority Clause Mod: Faster Pokémon switch first","|rule|Species Clause: Limit one of each Pokémon","|rule|OHKO Clause: OHKO moves are banned","|rule|Evasion Items Clause: Evasion items are banned","|rule|Evasion Moves Clause: Evasion moves are banned","|rule|Endless Battle Clause: Forcing endless battles is banned","|rule|HP Percentage Mod: HP is shown in percentages","|rule|One Boost Passer Clause: Limit one Baton Passer that has a way to boost its stats","|rule|Freeze Clause Mod: Limit one foe frozen","|","|t:|1753081231","|start","|switch|p1a: Skarmory|Skarmory, M|334/334","|switch|p2a: Tyranitar|Tyranitar, M|387/387","|-weather|Sandstorm|[from] ability: Sand Stream|[of] p2a: Tyranitar","|turn|1","|inactive|Battle timer is ON: inactive players will automatically lose when time's up. (requested by foultestacceptor1)","|inactive|foultestchallenge1 also wants the timer to be on.","|","|t:|1753081239","|move|p1a: Skarmory|Spikes|p2a: Tyranitar","|-sidestart|p2: foultestacceptor1|Spikes","|move|p2a: Tyranitar|Rock Slide|p1a: Skarmory","|-damage|p1a: Skarmory|219/334","|","|-weather|Sandstorm|[upkeep]","|-heal|p1a: Skarmory|239/334|[from] item: Leftovers","|upkeep","|turn|2","||adding 10 for new turn","|","|t:|1753081248","|switch|p1a: Metagross|Metagross|318/318","|move|p2a: Tyranitar|Rock Slide|p1a: Metagross","|-resisted|p1a: Metagross","|-damage|p1a: Metagross|262/318","|","|-weather|Sandstorm|[upkeep]","|upkeep","|turn|3","||adding 10 for new turn","|","|t:|1753081257","|switch|p2a: Skarmory|Skarmory, F|333/333","|move|p1a: Metagross|Meteor Mash|p2a: Skarmory","|-resisted|p2a: Skarmory","|-damage|p2a: Skarmory|220/333","|","|-weather|Sandstorm|[upkeep]","|-heal|p2a: Skarmory|240/333|[from] item: Leftovers","|upkeep","|turn|4","||adding 10 for new turn","|","|t:|1753081265","|move|p1a: Metagross|Meteor Mash|p2a: Skarmory","|-resisted|p2a: Skarmory","|-damage|p2a: Skarmory|127/333","|move|p2a: Skarmory|Spikes|p1a: Metagross","|-sidestart|p1: foultestchallenge1|Spikes","|","|-weather|Sandstorm|[upkeep]","|-heal|p2a: Skarmory|147/333|[from] item: Leftovers","|upkeep","|turn|5","||adding 10 for new turn","|","|t:|1753081274","|switch|p2a: Milotic|Milotic, M|393/393","|-damage|p2a: Milotic|344/393|[from] Spikes","|move|p1a: Metagross|Meteor Mash|p2a: Milotic","|-resisted|p2a: Milotic","|-damage|p2a: Milotic|221/393","|","|-weather|Sandstorm|[upkeep]","|-damage|p2a: Milotic|197/393|[from] Sandstorm","|-heal|p2a: Milotic|221/393|[from] item: Leftovers","|upkeep","|turn|6","||adding 10 for new turn","|","|t:|1753081282","|move|p1a: Metagross|Meteor Mash|p2a: Milotic","|-resisted|p2a: Milotic","|-damage|p2a: Milotic|79/393","|move|p2a: Milotic|Recover|p2a: Milotic","|-heal|p2a: Milotic|275/393","|","|-weather|Sandstorm|[upkeep]","|-damage|p2a: Milotic|251/393|[from] Sandstorm","|-heal|p2a: Milotic|275/393|[from] item: Leftovers","|upkeep","|turn|7","||adding 10 for new turn","|","|t:|1753081291","|move|p1a: Metagross|Meteor Mash|p2a: Milotic","|-resisted|p2a: Milotic","|-damage|p2a: Milotic|142/393","|move|p2a: Milotic|Recover|p2a: Milotic","|-heal|p2a: Milotic|338/393","|","|-weather|Sandstorm|[upkeep]","|-damage|p2a: Milotic|314/393|[from] Sandstorm","|-heal|p2a: Milotic|338/393|[from] item: Leftovers","|upkeep","|turn|8","||adding 10 for new turn","|","|t:|1753081299","|move|p1a: Metagross|Meteor Mash|p2a: Milotic|[miss]","|-miss|p1a: Metagross|p2a: Milotic","|move|p2a: Milotic|Surf|p1a: Metagross","|-damage|p1a: Metagross|145/318","|","|-weather|Sandstorm|[upkeep]","|-damage|p2a: Milotic|314/393|[from] Sandstorm","|-heal|p2a: Milotic|338/393|[from] item: Leftovers","|upkeep","|turn|9","||adding 10 for new turn","|","|t:|1753081307","|move|p1a: Metagross|Meteor Mash|p2a: Milotic","|-resisted|p2a: Milotic","|-damage|p2a: Milotic|218/393","|move|p2a: Milotic|Surf|p1a: Metagross","|-damage|p1a: Metagross|16/318","|","|-weather|Sandstorm|[upkeep]","|-damage|p2a: Milotic|194/393|[from] Sandstorm","|-heal|p2a: Milotic|218/393|[from] item: Leftovers","|upkeep","|turn|10","||adding 10 for new turn","|","|t:|1753081315","|move|p1a: Metagross|Meteor Mash|p2a: Milotic","|-resisted|p2a: Milotic","|-damage|p2a: Milotic|91/393","|move|p2a: Milotic|Recover|p2a: Milotic","|-heal|p2a: Milotic|287/393","|","|-weather|Sandstorm|[upkeep]","|-damage|p2a: Milotic|263/393|[from] Sandstorm","|-heal|p2a: Milotic|287/393|[from] item: Leftovers","|upkeep","|turn|11","||adding 10 for new turn","|","|t:|1753081323","|move|p1a: Metagross|Meteor Mash|p2a: Milotic","|-resisted|p2a: Milotic","|-damage|p2a: Milotic|153/393","|move|p2a: Milotic|Recover|p2a: Milotic","|-heal|p2a: Milotic|349/393","|","|-weather|Sandstorm|[upkeep]","|-damage|p2a: Milotic|325/393|[from] Sandstorm","|-heal|p2a: Milotic|349/393|[from] item: Leftovers","|upkeep","|turn|12","||adding 10 for new turn","|","|t:|1753081331","|move|p1a: Metagross|Meteor Mash|p2a: Milotic","|-resisted|p2a: Milotic","|-crit|p2a: Milotic","|-damage|p2a: Milotic|99/393","|move|p2a: Milotic|Recover|p2a: Milotic","|-heal|p2a: Milotic|295/393","|","|-weather|Sandstorm|[upkeep]","|-damage|p2a: Milotic|271/393|[from] Sandstorm","|-heal|p2a: Milotic|295/393|[from] item: Leftovers","|upkeep","|turn|13","||adding 10 for new turn","|","|t:|1753081339","|move|p1a: Metagross|Meteor Mash|p2a: Milotic","|-resisted|p2a: Milotic","|-damage|p2a: Milotic|159/393","|move|p2a: Milotic|Recover|p2a: Milotic","|-heal|p2a: Milotic|355/393","|","|-weather|Sandstorm|[upkeep]","|-damage|p2a: Milotic|331/393|[from] Sandstorm","|-heal|p2a: Milotic|355/393|[from] item: Leftovers","|upkeep","|turn|14","||adding 10 for new turn","|","|t:|1753081347","|move|p1a: Metagross|Meteor Mash|p2a: Milotic","|-resisted|p2a: Milotic","|-damage|p2a: Milotic|223/393","|-boost|p1a: Metagross|atk|1","|move|p2a: Milotic|Recover|p2a: Milotic","|-heal|p2a: Milotic|393/393","|","|-weather|Sandstorm|[upkeep]","|-damage|p2a: Milotic|369/393|[from] Sandstorm","|-heal|p2a: Milotic|393/393|[from] item: Leftovers","|upkeep","|turn|15","||adding 10 for new turn","|","|t:|1753081355","|move|p1a: Metagross|Meteor Mash|p2a: Milotic","|-resisted|p2a: Milotic","|-damage|p2a: Milotic|185/393","|move|p2a: Milotic|Surf|p1a: Metagross","|-damage|p1a: Metagross|0 fnt","|faint|p1a: Metagross","||adding 5 to each for mid turn request","|","|t:|1753081363","|switch|p1a: Jolteon|Jolteon, F|272/272","|-damage|p1a: Jolteon|238/272|[from] Spikes","|","|-weather|Sandstorm|[upkeep]","|-damage|p1a: Jolteon|221/272|[from] Sandstorm","|-damage|p2a: Milotic|161/393|[from] Sandstorm","|-heal|p1a: Jolteon|238/272|[from] item: Leftovers","|-heal|p2a: Milotic|185/393|[from] item: Leftovers","|upkeep","|turn|16","||adding 10 for new turn","|","|t:|1753081371","|switch|p2a: Claydol|Claydol|317/317","|move|p1a: Jolteon|Thunderbolt|p2a: Claydol","|-immune|p2a: Claydol","|","|-weather|Sandstorm|[upkeep]","|-damage|p1a: Jolteon|221/272|[from] Sandstorm","|-heal|p1a: Jolteon|238/272|[from] item: Leftovers","|upkeep","|turn|17","||adding 10 for new turn","|","|t:|1753081379","|move|p1a: Jolteon|Baton Pass|p1a: Jolteon","||adding 5 to each for mid turn request","|","|t:|1753081387","|switch|p1a: Starmie|Starmie|262/262|[from] Baton Pass","|-damage|p1a: Starmie|230/262|[from] Spikes","|move|p2a: Claydol|Rapid Spin|p1a: Starmie","|-damage|p1a: Starmie|211/262","|-sideend|p2: foultestacceptor1|Spikes|[from] move: Rapid Spin|[of] p2a: Claydol","|","|-weather|Sandstorm|[upkeep]","|-damage|p1a: Starmie|195/262|[from] Sandstorm","|-heal|p1a: Starmie|211/262|[from] item: Leftovers","|upkeep","|turn|18","||adding 10 for new turn","|","|t:|1753081395","|switch|p2a: Milotic|Milotic, M|185/393","|move|p1a: Starmie|Hydro Pump|p2a: Milotic","|-resisted|p2a: Milotic","|-damage|p2a: Milotic|111/393","|","|-weather|Sandstorm|[upkeep]","|-damage|p1a: Starmie|195/262|[from] Sandstorm","|-damage|p2a: Milotic|87/393|[from] Sandstorm","|-heal|p1a: Starmie|211/262|[from] item: Leftovers","|-heal|p2a: Milotic|111/393|[from] item: Leftovers","|upkeep","|turn|19","||adding 10 for new turn","|","|t:|1753081404","|move|p1a: Starmie|Thunderbolt|p2a: Milotic","|-supereffective|p2a: Milotic","|-damage|p2a: Milotic|0 fnt","|faint|p2a: Milotic","||adding 5 to each for mid turn request","|","|t:|1753081412","|switch|p2a: Dugtrio|Dugtrio, M|211/211","|","|-weather|Sandstorm|[upkeep]","|-damage|p1a: Starmie|195/262|[from] Sandstorm","|-heal|p1a: Starmie|211/262|[from] item: Leftovers","|upkeep","|turn|20","||adding 10 for new turn","|","|t:|1753081420","|move|p2a: Dugtrio|Earthquake|p1a: Starmie","|-damage|p1a: Starmie|0 fnt","|faint|p1a: Starmie","||adding 5 to each for mid turn request","|","|t:|1753081428","|switch|p1a: Skarmory|Skarmory, M|239/334","|","|-weather|Sandstorm|[upkeep]","|-heal|p1a: Skarmory|259/334|[from] item: Leftovers","|upkeep","|turn|21","||adding 10 for new turn","|","|t:|1753081436","|switch|p2a: Skarmory|Skarmory, F|147/333","|move|p1a: Skarmory|Spikes|p2a: Skarmory","|-sidestart|p2: foultestacceptor1|Spikes","|","|-weather|Sandstorm|[upkeep]","|-heal|p2a: Skarmory|167/333|[from] item: Leftovers","|-heal|p1a: Skarmory|279/334|[from] item: Leftovers","|upkeep","|turn|22","||adding 10 for new turn","|","|t:|1753081444","|move|p2a: Skarmory|Spikes|p1a: Skarmory","|-sidestart|p1: foultestchallenge1|Spikes","|move|p1a: Skarmory|Spikes|p2a: Skarmory","|-sidestart|p2: foultestacceptor1|Spikes","|","|-weather|Sandstorm|[upkeep]","|-heal|p2a: Skarmory|187/333|[from] item: Leftovers","|-heal|p1a: Skarmory|299/334|[from] item: Leftovers","|upkeep","|turn|23","||adding 10 for new turn","|","|t:|1753081452","|move|p2a: Skarmory|Spikes|p1a: Skarmory","|-sidestart|p1: foultestchallenge1|Spikes","|move|p1a: Skarmory|Spikes|p2a: Skarmory","|-sidestart|p2: foultestacceptor1|Spikes","|","|-weather|Sandstorm|[upkeep]","|-heal|p2a: Skarmory|207/333|[from] item: Leftovers","|-heal|p1a: Skarmory|319/334|[from] item: Leftovers","|upkeep","|turn|24","||adding 10 for new turn","|","|t:|1753081460","|move|p2a: Skarmory|Roar|p1a: Skarmory","|drag|p1a: Jolteon|Jolteon, F|238/272","|-damage|p1a: Jolteon|170/272|[from] Spikes","|","|-weather|Sandstorm|[upkeep]","|-damage|p1a: Jolteon|153/272|[from] Sandstorm","|-heal|p1a: Jolteon|170/272|[from] item: Leftovers","|-heal|p2a: Skarmory|227/333|[from] item: Leftovers","|upkeep","|turn|25","||adding 10 for new turn","|","|t:|1753081468","|switch|p2a: Claydol|Claydol|317/317","|move|p1a: Jolteon|Hidden Power|p2a: Claydol","|-supereffective|p2a: Claydol","|-damage|p2a: Claydol|186/317","|","|-weather|Sandstorm|[upkeep]","|-damage|p1a: Jolteon|153/272|[from] Sandstorm","|-heal|p1a: Jolteon|170/272|[from] item: Leftovers","|-heal|p2a: Claydol|205/317|[from] item: Leftovers","|upkeep","|turn|26","||adding 10 for new turn","|","|t:|1753081476","|move|p1a: Jolteon|Baton Pass|p1a: Jolteon","||adding 5 to each for mid turn request","|","|t:|1753081483","|switch|p1a: Gengar|Gengar, M|271/271|[from] Baton Pass","|move|p2a: Claydol|Rapid Spin|p1a: Gengar","|-immune|p1a: Gengar","|","|-weather|Sandstorm|[upkeep]","|-damage|p1a: Gengar|255/271|[from] Sandstorm","|-heal|p1a: Gengar|271/271|[from] item: Leftovers","|-heal|p2a: Claydol|224/317|[from] item: Leftovers","|upkeep","|turn|27","||adding 10 for new turn","|","|t:|1753081491","|move|p1a: Gengar|Ice Punch|p2a: Claydol","|-supereffective|p2a: Claydol","|-damage|p2a: Claydol|72/317","|move|p2a: Claydol|Psychic|p1a: Gengar","|-supereffective|p1a: Gengar","|-damage|p1a: Gengar|82/271","|","|-weather|Sandstorm|[upkeep]","|-damage|p1a: Gengar|66/271|[from] Sandstorm","|-heal|p1a: Gengar|82/271|[from] item: Leftovers","|-heal|p2a: Claydol|91/317|[from] item: Leftovers","|upkeep","|turn|28","||adding 10 for new turn","|","|t:|1753081500","|switch|p2a: Blissey|Blissey, F|661/661","|-damage|p2a: Blissey|496/661|[from] Spikes","|move|p1a: Gengar|Ice Punch|p2a: Blissey","|-damage|p2a: Blissey|427/661","|-status|p2a: Blissey|frz","|","|-weather|Sandstorm|[upkeep]","|-damage|p1a: Gengar|66/271|[from] Sandstorm","|-damage|p2a: Blissey|386/661 frz|[from] Sandstorm","|-heal|p1a: Gengar|82/271|[from] item: Leftovers","|-heal|p2a: Blissey|427/661 frz|[from] item: Leftovers","|upkeep","|turn|29","||adding 10 for new turn","|","|t:|1753081508","|move|p1a: Gengar|Fire Punch|p2a: Blissey","|-crit|p2a: Blissey","|-damage|p2a: Blissey|298/661 frz","|-curestatus|p2a: Blissey|frz|[msg]","|move|p2a: Blissey|Ice Beam|p1a: Gengar","|-damage|p1a: Gengar|0 fnt","|faint|p1a: Gengar","||adding 5 to each for mid turn request","|","|t:|1753081517","|switch|p1a: Tyranitar|Tyranitar, F|404/404","|-damage|p1a: Tyranitar|303/404|[from] Spikes","|","|-weather|Sandstorm|[upkeep]","|-damage|p2a: Blissey|257/661|[from] Sandstorm","|-heal|p1a: Tyranitar|328/404|[from] item: Leftovers","|-heal|p2a: Blissey|298/661|[from] item: Leftovers","|upkeep","|turn|30","||adding 10 for new turn","|","|t:|1753081525","|move|p1a: Tyranitar|Hidden Power|p2a: Blissey","|-damage|p2a: Blissey|130/661","|move|p2a: Blissey|Soft-Boiled|p2a: Blissey","|-heal|p2a: Blissey|460/661","|","|-weather|Sandstorm|[upkeep]","|-damage|p2a: Blissey|419/661|[from] Sandstorm","|-heal|p1a: Tyranitar|353/404|[from] item: Leftovers","|-heal|p2a: Blissey|460/661|[from] item: Leftovers","|upkeep","|turn|31","||adding 10 for new turn","|","|t:|1753081533","|move|p1a: Tyranitar|Rock Slide|p2a: Blissey","|-damage|p2a: Blissey|181/661","|move|p2a: Blissey|Thunder Wave|p1a: Tyranitar","|-status|p1a: Tyranitar|par","|","|-weather|Sandstorm|[upkeep]","|-damage|p2a: Blissey|140/661|[from] Sandstorm","|-heal|p2a: Blissey|181/661|[from] item: Leftovers","|-heal|p1a: Tyranitar|378/404 par|[from] item: Leftovers","|upkeep","|turn|32","||adding 10 for new turn","|","|t:|1753081542","|-singleturn|p1a: Tyranitar|move: Focus Punch","|move|p2a: Blissey|Soft-Boiled|p2a: Blissey","|-heal|p2a: Blissey|511/661","|move|p1a: Tyranitar|Focus Punch|p2a: Blissey","|-supereffective|p2a: Blissey","|-crit|p2a: Blissey","|-damage|p2a: Blissey|0 fnt","|faint|p2a: Blissey","||adding 5 to each for mid turn request","|","|t:|1753081546","|switch|p2a: Claydol|Claydol|91/317","|","|-weather|Sandstorm|[upkeep]","|-heal|p2a: Claydol|110/317|[from] item: Leftovers","|-heal|p1a: Tyranitar|403/404 par|[from] item: Leftovers","|upkeep","|turn|33","||adding 10 for new turn","|","|t:|1753081554","|move|p2a: Claydol|Rapid Spin|p1a: Tyranitar","|-resisted|p1a: Tyranitar","|-damage|p1a: Tyranitar|395/404 par","|-sideend|p2: foultestacceptor1|Spikes|[from] move: Rapid Spin|[of] p2a: Claydol","|cant|p1a: Tyranitar|par","|","|-weather|Sandstorm|[upkeep]","|-heal|p2a: Claydol|129/317|[from] item: Leftovers","|-heal|p1a: Tyranitar|404/404 par|[from] item: Leftovers","|upkeep","|turn|34","||adding 10 for new turn","|","|t:|1753081562","|switch|p1a: Skarmory|Skarmory, M|319/334","|move|p2a: Claydol|Earthquake|p1a: Skarmory","|-immune|p1a: Skarmory","|","|-weather|Sandstorm|[upkeep]","|-heal|p2a: Claydol|148/317|[from] item: Leftovers","|-heal|p1a: Skarmory|334/334|[from] item: Leftovers","|upkeep","|turn|35","||adding 10 for new turn","|","|t:|1753081570","|switch|p2a: Skarmory|Skarmory, F|227/333","|move|p1a: Skarmory|Spikes|p2a: Skarmory","|-sidestart|p2: foultestacceptor1|Spikes","|","|-weather|Sandstorm|[upkeep]","|-heal|p2a: Skarmory|247/333|[from] item: Leftovers","|upkeep","|turn|36","||adding 10 for new turn","|","|t:|1753081578","|move|p1a: Skarmory|Spikes|p2a: Skarmory","|-sidestart|p2: foultestacceptor1|Spikes","|move|p2a: Skarmory|Roar|p1a: Skarmory","|drag|p1a: Jolteon|Jolteon, F|170/272","|-damage|p1a: Jolteon|102/272|[from] Spikes","|","|-weather|Sandstorm|[upkeep]","|-damage|p1a: Jolteon|85/272|[from] Sandstorm","|-heal|p1a: Jolteon|102/272|[from] item: Leftovers","|-heal|p2a: Skarmory|267/333|[from] item: Leftovers","|upkeep","|turn|37","||adding 10 for new turn","|","|t:|1753081586","|switch|p2a: Claydol|Claydol|148/317","|move|p1a: Jolteon|Hidden Power|p2a: Claydol","|-supereffective|p2a: Claydol","|-crit|p2a: Claydol","|-damage|p2a: Claydol|0 fnt","|faint|p2a: Claydol","||adding 5 to each for mid turn request","|","|t:|1753081590","|switch|p2a: Tyranitar|Tyranitar, M|387/387","|-damage|p2a: Tyranitar|323/387|[from] Spikes","|","|-weather|Sandstorm|[upkeep]","|-damage|p1a: Jolteon|85/272|[from] Sandstorm","|-heal|p1a: Jolteon|102/272|[from] item: Leftovers","|-heal|p2a: Tyranitar|347/387|[from] item: Leftovers","|upkeep","|turn|38","||adding 10 for new turn","|","|t:|1753081597","|move|p1a: Jolteon|Thunderbolt|p2a: Tyranitar","|-damage|p2a: Tyranitar|201/387","|move|p2a: Tyranitar|Hidden Power|p1a: Jolteon","|-crit|p1a: Jolteon","|-damage|p1a: Jolteon|0 fnt","|faint|p1a: Jolteon","||adding 5 to each for mid turn request","|","|t:|1753081605","|switch|p1a: Skarmory|Skarmory, M|334/334","|","|-weather|Sandstorm|[upkeep]","|-heal|p2a: Tyranitar|225/387|[from] item: Leftovers","|upkeep","|turn|39","||adding 10 for new turn","|","|t:|1753081613","|move|p2a: Tyranitar|Rock Slide|p1a: Skarmory","|-damage|p1a: Skarmory|218/334","|cant|p1a: Skarmory|flinch","|","|-weather|Sandstorm|[upkeep]","|-heal|p1a: Skarmory|238/334|[from] item: Leftovers","|-heal|p2a: Tyranitar|249/387|[from] item: Leftovers","|upkeep","|turn|40","||adding 10 for new turn","|","|t:|1753081621","|move|p2a: Tyranitar|Rock Slide|p1a: Skarmory","|-damage|p1a: Skarmory|130/334","|move|p1a: Skarmory|Roar|p2a: Tyranitar","|drag|p2a: Skarmory|Skarmory, F|267/333","|","|-weather|Sandstorm|[upkeep]","|-heal|p2a: Skarmory|287/333|[from] item: Leftovers","|-heal|p1a: Skarmory|150/334|[from] item: Leftovers","|upkeep","|turn|41","||adding 10 for new turn","|","|t:|1753081630","|move|p1a: Skarmory|Spikes|p2a: Skarmory","|-sidestart|p2: foultestacceptor1|Spikes","|move|p2a: Skarmory|Roar|p1a: Skarmory","|drag|p1a: Tyranitar|Tyranitar, F|404/404 par","|-damage|p1a: Tyranitar|303/404 par|[from] Spikes","|","|-weather|Sandstorm|[upkeep]","|-heal|p2a: Skarmory|307/333|[from] item: Leftovers","|-heal|p1a: Tyranitar|328/404 par|[from] item: Leftovers","|upkeep","|turn|42","||adding 10 for new turn","|","|t:|1753081638","|-singleturn|p1a: Tyranitar|move: Focus Punch","|move|p1a: Tyranitar|Focus Punch|p2a: Skarmory","|-damage|p2a: Skarmory|165/333","|move|p2a: Skarmory|Roar|p1a: Tyranitar","|drag|p1a: Skarmory|Skarmory, M|150/334","|","|-weather|Sandstorm|[upkeep]","|-heal|p2a: Skarmory|185/333|[from] item: Leftovers","|-heal|p1a: Skarmory|170/334|[from] item: Leftovers","|upkeep","|turn|43","||adding 10 for new turn","|","|t:|1753081646","|move|p2a: Skarmory|Roar|p1a: Skarmory","|drag|p1a: Tyranitar|Tyranitar, F|328/404 par","|-damage|p1a: Tyranitar|227/404 par|[from] Spikes","|","|-weather|Sandstorm|[upkeep]","|-heal|p2a: Skarmory|205/333|[from] item: Leftovers","|-heal|p1a: Tyranitar|252/404 par|[from] item: Leftovers","|upkeep","|turn|44","||adding 10 for new turn","|","|t:|1753081654","|-singleturn|p1a: Tyranitar|move: Focus Punch","|move|p1a: Tyranitar|Focus Punch|p2a: Skarmory","|-damage|p2a: Skarmory|68/333","|move|p2a: Skarmory|Roar|p1a: Tyranitar","|drag|p1a: Skarmory|Skarmory, M|170/334","|","|-weather|Sandstorm|[upkeep]","|-heal|p2a: Skarmory|88/333|[from] item: Leftovers","|-heal|p1a: Skarmory|190/334|[from] item: Leftovers","|upkeep","|turn|45","||adding 10 for new turn","|","|t:|1753081662","|move|p2a: Skarmory|Drill Peck|p1a: Skarmory","|-resisted|p1a: Skarmory","|-damage|p1a: Skarmory|159/334","|move|p1a: Skarmory|Roar|p2a: Skarmory","|drag|p2a: Dugtrio|Dugtrio, M|211/211","|-damage|p2a: Dugtrio|159/211|[from] Spikes","|","|-weather|Sandstorm|[upkeep]","|-heal|p1a: Skarmory|179/334|[from] item: Leftovers","|upkeep","|turn|46","||adding 10 for new turn","|","|t:|1753081670","|switch|p2a: Skarmory|Skarmory, F|88/333","|move|p1a: Skarmory|Toxic|p2a: Skarmory","|-immune|p2a: Skarmory","|","|-weather|Sandstorm|[upkeep]","|-heal|p2a: Skarmory|108/333|[from] item: Leftovers","|-heal|p1a: Skarmory|199/334|[from] item: Leftovers","|upkeep","|turn|47","||adding 10 for new turn","|","|t:|1753081675","|move|p2a: Skarmory|Roar|p1a: Skarmory","|drag|p1a: Tyranitar|Tyranitar, F|252/404 par","|-damage|p1a: Tyranitar|151/404 par|[from] Spikes","|","|-weather|Sandstorm|[upkeep]","|-heal|p2a: Skarmory|128/333|[from] item: Leftovers","|-heal|p1a: Tyranitar|176/404 par|[from] item: Leftovers","|upkeep","|turn|48","||adding 10 for new turn","|","|t:|1753081679","|move|p1a: Tyranitar|Rock Slide|p2a: Skarmory","|-damage|p2a: Skarmory|24/333","|cant|p2a: Skarmory|flinch","|","|-weather|Sandstorm|[upkeep]","|-heal|p2a: Skarmory|44/333|[from] item: Leftovers","|-heal|p1a: Tyranitar|201/404 par|[from] item: Leftovers","|upkeep","|turn|49","||adding 10 for new turn","|","|t:|1753081684","|switch|p2a: Tyranitar|Tyranitar, M|249/387","|-damage|p2a: Tyranitar|153/387|[from] Spikes","|move|p1a: Tyranitar|Rock Slide|p2a: Tyranitar","|-damage|p2a: Tyranitar|20/387","|","|-weather|Sandstorm|[upkeep]","|-heal|p2a: Tyranitar|44/387|[from] item: Leftovers","|-heal|p1a: Tyranitar|226/404 par|[from] item: Leftovers","|upkeep","|turn|50","||adding 10 for new turn","|","|t:|1753081692","|switch|p1a: Skarmory|Skarmory, M|199/334","|move|p2a: Tyranitar|Earthquake|p1a: Skarmory","|-immune|p1a: Skarmory","|","|-weather|Sandstorm|[upkeep]","|-heal|p1a: Skarmory|219/334|[from] item: Leftovers","|-heal|p2a: Tyranitar|68/387|[from] item: Leftovers","|upkeep","|turn|51","||adding 10 for new turn","|","|t:|1753081696","|move|p2a: Tyranitar|Rock Slide|p1a: Skarmory","|-damage|p1a: Skarmory|111/334","|move|p1a: Skarmory|Roar|p2a: Tyranitar","|drag|p2a: Skarmory|Skarmory, F|44/333","|","|-weather|Sandstorm|[upkeep]","|-heal|p2a: Skarmory|64/333|[from] item: Leftovers","|-heal|p1a: Skarmory|131/334|[from] item: Leftovers","|upkeep","|turn|52","||adding 10 for new turn","|","|t:|1753081700","|move|p2a: Skarmory|Roar|p1a: Skarmory","|drag|p1a: Tyranitar|Tyranitar, F|226/404 par","|-damage|p1a: Tyranitar|125/404 par|[from] Spikes","|","|-weather|Sandstorm|[upkeep]","|-heal|p2a: Skarmory|84/333|[from] item: Leftovers","|-heal|p1a: Tyranitar|150/404 par|[from] item: Leftovers","|upkeep","|turn|53","||adding 10 for new turn","|","|t:|1753081705","|switch|p2a: Tyranitar|Tyranitar, M|68/387","|-damage|p2a: Tyranitar|0 fnt|[from] Spikes","|faint|p2a: Tyranitar","||adding 5 to each for mid turn request","|","|t:|1753081709","|switch|p2a: Dugtrio|Dugtrio, M|159/211","|-damage|p2a: Dugtrio|107/211|[from] Spikes","|","|-weather|Sandstorm|[upkeep]","|-heal|p1a: Tyranitar|175/404 par|[from] item: Leftovers","|upkeep","|turn|54","||adding 10 for new turn","|","|t:|1753081716","|move|p2a: Dugtrio|Earthquake|p1a: Tyranitar","|-supereffective|p1a: Tyranitar","|-damage|p1a: Tyranitar|0 fnt","|faint|p1a: Tyranitar","||adding 5 to each for mid turn request","|","|t:|1753081724","|switch|p1a: Skarmory|Skarmory, M|131/334","|","|-weather|Sandstorm|[upkeep]","|-heal|p1a: Skarmory|151/334|[from] item: Leftovers","|upkeep","|turn|55","||adding 10 for new turn","|","|t:|1753081732","|switch|p2a: Skarmory|Skarmory, F|84/333","|move|p1a: Skarmory|Roar|p2a: Skarmory","|drag|p2a: Dugtrio|Dugtrio, M|107/211","|-damage|p2a: Dugtrio|55/211|[from] Spikes","|","|-weather|Sandstorm|[upkeep]","|-heal|p1a: Skarmory|171/334|[from] item: Leftovers","|upkeep","|turn|56","||adding 10 for new turn","|","|t:|1753081739","|move|p2a: Dugtrio|Screech|p1a: Skarmory","|-unboost|p1a: Skarmory|def|2","|move|p1a: Skarmory|Roar|p2a: Dugtrio","|drag|p2a: Skarmory|Skarmory, F|84/333","|","|-weather|Sandstorm|[upkeep]","|-heal|p2a: Skarmory|104/333|[from] item: Leftovers","|-heal|p1a: Skarmory|191/334|[from] item: Leftovers","|upkeep","|turn|57","||adding 10 for new turn","|","|t:|1753081744","|move|p1a: Skarmory|Protect|p1a: Skarmory","|-singleturn|p1a: Skarmory|Protect","|move|p2a: Skarmory|Drill Peck|p1a: Skarmory","|-activate|p1a: Skarmory|Protect","|","|-weather|Sandstorm|[upkeep]","|-heal|p2a: Skarmory|124/333|[from] item: Leftovers","|-heal|p1a: Skarmory|211/334|[from] item: Leftovers","|upkeep","|turn|58","||adding 10 for new turn","|","|t:|1753081748","|move|p2a: Skarmory|Drill Peck|p1a: Skarmory","|-resisted|p1a: Skarmory","|-damage|p1a: Skarmory|152/334","|move|p1a: Skarmory|Roar|p2a: Skarmory","|drag|p2a: Dugtrio|Dugtrio, M|55/211","|-damage|p2a: Dugtrio|3/211|[from] Spikes","|","|-weather|Sandstorm|[upkeep]","|-heal|p1a: Skarmory|172/334|[from] item: Leftovers","|upkeep","|turn|59","||adding 10 for new turn","|","|t:|1753081756","|move|p1a: Skarmory|Protect|p1a: Skarmory","|-singleturn|p1a: Skarmory|Protect","|move|p2a: Dugtrio|Aerial Ace|p1a: Skarmory","|-activate|p1a: Skarmory|Protect","|","|-weather|Sandstorm|[upkeep]","|-heal|p1a: Skarmory|192/334|[from] item: Leftovers","|upkeep","|turn|60","||adding 10 for new turn","|","|t:|1753081760","|move|p1a: Skarmory|Protect||[still]","|-fail|p1a: Skarmory","|move|p2a: Dugtrio|Aerial Ace|p1a: Skarmory","|-resisted|p1a: Skarmory","|-damage|p1a: Skarmory|140/334","|","|-weather|Sandstorm|[upkeep]","|-heal|p1a: Skarmory|160/334|[from] item: Leftovers","|upkeep","|turn|61","||adding 10 for new turn","|","|t:|1753081765","|move|p1a: Skarmory|Protect|p1a: Skarmory","|-singleturn|p1a: Skarmory|Protect","|move|p2a: Dugtrio|Aerial Ace|p1a: Skarmory","|-activate|p1a: Skarmory|Protect","|","|-weather|Sandstorm|[upkeep]","|-heal|p1a: Skarmory|180/334|[from] item: Leftovers","|upkeep","|turn|62","||adding 10 for new turn","|","|t:|1753081769","|move|p1a: Skarmory|Protect|p1a: Skarmory","|-singleturn|p1a: Skarmory|Protect","|move|p2a: Dugtrio|Aerial Ace|p1a: Skarmory","|-activate|p1a: Skarmory|Protect","|","|-weather|Sandstorm|[upkeep]","|-heal|p1a: Skarmory|200/334|[from] item: Leftovers","|upkeep","|turn|63","||adding 10 for new turn","|","|t:|1753081773","|move|p1a: Skarmory|Protect||[still]","|-fail|p1a: Skarmory","|move|p2a: Dugtrio|Aerial Ace|p1a: Skarmory","|-resisted|p1a: Skarmory","|-damage|p1a: Skarmory|148/334","|","|-weather|Sandstorm|[upkeep]","|-heal|p1a: Skarmory|168/334|[from] item: Leftovers","|upkeep","|turn|64","||adding 10 for new turn","|","|t:|1753081778","|move|p1a: Skarmory|Protect|p1a: Skarmory","|-singleturn|p1a: Skarmory|Protect","|move|p2a: Dugtrio|Aerial Ace|p1a: Skarmory","|-activate|p1a: Skarmory|Protect","|","|-weather|Sandstorm|[upkeep]","|-heal|p1a: Skarmory|188/334|[from] item: Leftovers","|upkeep","|turn|65","||adding 10 for new turn","|","|t:|1753081782","|move|p2a: Dugtrio|Aerial Ace|p1a: Skarmory","|-resisted|p1a: Skarmory","|-damage|p1a: Skarmory|131/334","|move|p1a: Skarmory|Toxic|p2a: Dugtrio","|-status|p2a: Dugtrio|tox","|","|-weather|Sandstorm|[upkeep]","|-damage|p2a: Dugtrio|0 fnt|[from] psn","|faint|p2a: Dugtrio","|-heal|p1a: Skarmory|151/334|[from] item: Leftovers","|upkeep","||adding 5 to each for mid turn request","|","|t:|1753081786","|switch|p2a: Skarmory|Skarmory, F|124/333","|turn|66","||adding 10 for new turn","|","|t:|1753081791","|move|p1a: Skarmory|Protect|p1a: Skarmory","|-singleturn|p1a: Skarmory|Protect","|move|p2a: Skarmory|Drill Peck|p1a: Skarmory","|-activate|p1a: Skarmory|Protect","|","|-weather|Sandstorm|[upkeep]","|-heal|p2a: Skarmory|144/333|[from] item: Leftovers","|-heal|p1a: Skarmory|171/334|[from] item: Leftovers","|upkeep","|turn|67","||adding 10 for new turn","|","|t:|1753081795","|move|p1a: Skarmory|Protect||[still]","|-fail|p1a: Skarmory","|move|p2a: Skarmory|Drill Peck|p1a: Skarmory","|-resisted|p1a: Skarmory","|-damage|p1a: Skarmory|115/334","|","|-weather|Sandstorm|[upkeep]","|-heal|p2a: Skarmory|164/333|[from] item: Leftovers","|-heal|p1a: Skarmory|135/334|[from] item: Leftovers","|upkeep","|turn|68","||adding 10 for new turn","|","|t:|1753081800","|move|p1a: Skarmory|Protect|p1a: Skarmory","|-singleturn|p1a: Skarmory|Protect","|move|p2a: Skarmory|Drill Peck|p1a: Skarmory","|-activate|p1a: Skarmory|Protect","|","|-weather|Sandstorm|[upkeep]","|-heal|p2a: Skarmory|184/333|[from] item: Leftovers","|-heal|p1a: Skarmory|155/334|[from] item: Leftovers","|upkeep","|turn|69","||adding 10 for new turn","|","|t:|1753081804","|move|p1a: Skarmory|Protect||[still]","|-fail|p1a: Skarmory","|move|p2a: Skarmory|Drill Peck|p1a: Skarmory","|-resisted|p1a: Skarmory","|-damage|p1a: Skarmory|100/334","|","|-weather|Sandstorm|[upkeep]","|-heal|p2a: Skarmory|204/333|[from] item: Leftovers","|-heal|p1a: Skarmory|120/334|[from] item: Leftovers","|upkeep","|turn|70","||adding 10 for new turn","|","|t:|1753081809","|move|p1a: Skarmory|Protect|p1a: Skarmory","|-singleturn|p1a: Skarmory|Protect","|move|p2a: Skarmory|Drill Peck|p1a: Skarmory","|-activate|p1a: Skarmory|Protect","|","|-weather|Sandstorm|[upkeep]","|-heal|p2a: Skarmory|224/333|[from] item: Leftovers","|-heal|p1a: Skarmory|140/334|[from] item: Leftovers","|upkeep","|turn|71","||adding 10 for new turn","|","|t:|1753081813","|move|p1a: Skarmory|Protect||[still]","|-fail|p1a: Skarmory","|move|p2a: Skarmory|Drill Peck|p1a: Skarmory","|-resisted|p1a: Skarmory","|-damage|p1a: Skarmory|86/334","|","|-weather|Sandstorm|[upkeep]","|-heal|p2a: Skarmory|244/333|[from] item: Leftovers","|-heal|p1a: Skarmory|106/334|[from] item: Leftovers","|upkeep","|turn|72","||adding 10 for new turn","|","|t:|1753081818","|move|p1a: Skarmory|Protect|p1a: Skarmory","|-singleturn|p1a: Skarmory|Protect","|move|p2a: Skarmory|Drill Peck|p1a: Skarmory","|-activate|p1a: Skarmory|Protect","|","|-weather|Sandstorm|[upkeep]","|-heal|p2a: Skarmory|264/333|[from] item: Leftovers","|-heal|p1a: Skarmory|126/334|[from] item: Leftovers","|upkeep","|turn|73","||adding 10 for new turn","|","|t:|1753081822","|move|p1a: Skarmory|Protect||[still]","|-fail|p1a: Skarmory","|move|p2a: Skarmory|Drill Peck|p1a: Skarmory","|-resisted|p1a: Skarmory","|-damage|p1a: Skarmory|67/334","|","|-weather|Sandstorm|[upkeep]","|-heal|p2a: Skarmory|284/333|[from] item: Leftovers","|-heal|p1a: Skarmory|87/334|[from] item: Leftovers","|upkeep","|turn|74","||adding 10 for new turn","|","|t:|1753081827","|move|p1a: Skarmory|Protect|p1a: Skarmory","|-singleturn|p1a: Skarmory|Protect","|move|p2a: Skarmory|Drill Peck|p1a: Skarmory","|-activate|p1a: Skarmory|Protect","|","|-weather|Sandstorm|[upkeep]","|-heal|p2a: Skarmory|304/333|[from] item: Leftovers","|-heal|p1a: Skarmory|107/334|[from] item: Leftovers","|upkeep","|turn|75","||adding 10 for new turn","|","|t:|1753081831","|move|p2a: Skarmory|Drill Peck|p1a: Skarmory","|-resisted|p1a: Skarmory","|-damage|p1a: Skarmory|44/334","|move|p1a: Skarmory|Spikes||[still]","|-fail|p1a: Skarmory","|","|-weather|Sandstorm|[upkeep]","|-heal|p2a: Skarmory|324/333|[from] item: Leftovers","|-heal|p1a: Skarmory|64/334|[from] item: Leftovers","|upkeep","|turn|76","||adding 10 for new turn","|","|t:|1753081836","|move|p2a: Skarmory|Drill Peck|p1a: Skarmory","|-resisted|p1a: Skarmory","|-damage|p1a: Skarmory|2/334","|move|p1a: Skarmory|Spikes||[still]","|-fail|p1a: Skarmory","|","|-weather|Sandstorm|[upkeep]","|-heal|p2a: Skarmory|333/333|[from] item: Leftovers","|-heal|p1a: Skarmory|22/334|[from] item: Leftovers","|upkeep","|turn|77","||adding 10 for new turn","|","|t:|1753081840","|move|p2a: Skarmory|Drill Peck|p1a: Skarmory","|-resisted|p1a: Skarmory","|-damage|p1a: Skarmory|0 fnt","|faint|p1a: Skarmory","|","|win|foultestacceptor1",""],"p1rating":null,"p2rating":null,"endType":"normal","ladderError":true,"timestamp":"Mon Jul 21 2025 00:10:40 GMT-0700 (アメリカ太平洋夏時間)","roomid":"battle-gen3ou-1139","format":"gen3ou"}