{"winner":"thecrusher677","seed":"sodium,bdcd226836d93960be39e77b5fa3f765","turns":26,"p1":"thecrusher677","p2":"simb","p1team":[{"name":"Magneton","species":"Magneton","item":"Magnet","ability":"Magnet Pull","moves":["Thunderbolt","Toxic","Hidden Power Fire","Protect"],"nature":"Modest","evs":{"hp":4,"atk":0,"def":0,"spa":252,"spd":0,"spe":252},"gender":"N","ivs":{"hp":31,"atk":2,"def":31,"spa":30,"spd":31,"spe":30},"happiness":255,"hpType":"Fire","pokeball":"","gigantamax":false,"dynamaxLevel":10,"teraType":"","level":100},{"name":"Salamence","species":"Salamence","item":"Choice Band","ability":"Intimidate","moves":["Earthquake","Hidden Power Flying","Brick Break","Rock Slide"],"nature":"Adamant","evs":{"hp":120,"atk":252,"def":0,"spa":0,"spd":0,"spe":136},"gender":"M","ivs":{"hp":30,"atk":30,"def":30,"spa":30,"spd":30,"spe":31},"happiness":255,"hpType":"Flying","pokeball":"","gigantamax":false,"dynamaxLevel":10,"teraType":"","level":100},{"name":"Tyranitar","species":"Tyranitar","item":"Leftovers","ability":"Sand Stream","moves":["Crunch","Pursuit","Hidden Power Grass","Fire Blast"],"nature":"Modest","evs":{"hp":240,"atk":0,"def":0,"spa":188,"spd":48,"spe":32},"gender":"M","ivs":{"hp":31,"atk":2,"def":31,"spa":30,"spd":31,"spe":31},"happiness":255,"hpType":"Grass","pokeball":"","gigantamax":false,"dynamaxLevel":10,"teraType":"","level":100},{"name":"Blissey","species":"Blissey","item":"Leftovers","ability":"Natural Cure","moves":["Seismic Toss","Wish","Protect","Toxic"],"nature":"","evs":{"hp":4,"atk":0,"def":252,"spa":0,"spd":252,"spe":0},"gender":"F","ivs":{"hp":31,"atk":0,"def":31,"spa":31,"spd":31,"spe":31},"level":100},{"name":"Metagross","species":"Metagross","item":"Leftovers","ability":"Clear Body","moves":["Agility","Meteor Mash","Earthquake","Explosion"],"nature":"Adamant","evs":{"hp":168,"atk":252,"def":0,"spa":0,"spd":0,"spe":88},"gender":"N","level":100,"ivs":{"hp":31,"atk":31,"def":31,"spa":31,"spd":31,"spe":31}},{"name":"Swampert","species":"Swampert","item":"Leftovers","ability":"Torrent","moves":["Surf","Ice Beam","Protect","Toxic"],"nature":"Bold","evs":{"hp":252,"atk":0,"def":160,"spa":0,"spd":96,"spe":0},"gender":"F","ivs":{"hp":31,"atk":0,"def":31,"spa":31,"spd":31,"spe":31},"level":100}],"p2team":[{"name":"Salamence","species":"Salamence","item":"Choice Band","ability":"Intimidate","moves":["Earthquake","Hidden Power Flying","Brick Break","Rock Slide"],"nature":"Adamant","evs":{"hp":120,"atk":252,"def":0,"spa":0,"spd":0,"spe":136},"gender":"F","ivs":{"hp":30,"atk":30,"def":30,"spa":30,"spd":30,"spe":31},"happiness":255,"hpType":"Flying","pokeball":"","gigantamax":false,"dynamaxLevel":10,"teraType":"","level":100},{"name":"Magneton","species":"Magneton","item":"Magnet","ability":"Magnet Pull","moves":["Thunderbolt","Toxic","Hidden Power Fire","Protect"],"nature":"Modest","evs":{"hp":4,"atk":0,"def":0,"spa":252,"spd":0,"spe":252},"gender":"N","ivs":{"hp":31,"atk":2,"def":31,"spa":30,"spd":31,"spe":30},"happiness":255,"hpType":"Fire","pokeball":"","gigantamax":false,"dynamaxLevel":10,"teraType":"","level":100},{"name":"Tyranitar","species":"Tyranitar","item":"Leftovers","ability":"Sand Stream","moves":["Crunch","Pursuit","Hidden Power Grass","Fire Blast"],"nature":"Modest","evs":{"hp":240,"atk":0,"def":0,"spa":188,"spd":48,"spe":32},"gender":"F","ivs":{"hp":31,"atk":2,"def":31,"spa":30,"spd":31,"spe":31},"happiness":255,"hpType":"Grass","pokeball":"","gigantamax":false,"dynamaxLevel":10,"teraType":"","level":100},{"name":"Blissey","species":"Blissey","item":"Leftovers","ability":"Natural Cure","moves":["Seismic Toss","Wish","Protect","Toxic"],"nature":"","evs":{"hp":4,"atk":0,"def":252,"spa":0,"spd":252,"spe":0},"gender":"F","ivs":{"hp":31,"atk":0,"def":31,"spa":31,"spd":31,"spe":31},"level":100},{"name":"Metagross","species":"Metagross","item":"Leftovers","ability":"Clear Body","moves":["Agility","Meteor Mash","Earthquake","Explosion"],"nature":"Adamant","evs":{"hp":168,"atk":252,"def":0,"spa":0,"spd":0,"spe":88},"gender":"N","level":100,"ivs":{"hp":31,"atk":31,"def":31,"spa":31,"spd":31,"spe":31}},{"name":"Swampert","species":"Swampert","item":"Leftovers","ability":"Torrent","moves":["Surf","Ice Beam","Protect","Toxic"],"nature":"Bold","evs":{"hp":252,"atk":0,"def":160,"spa":0,"spd":96,"spe":0},"gender":"M","ivs":{"hp":31,"atk":0,"def":31,"spa":31,"spd":31,"spe":31},"level":100}],"score":[3,0],"inputLog":[">version 372d05e49c92a79eecdf6c8dddb208bd1765c00f",">start {\"formatid\":\"gen3ou\",\"seed\":\"sodium,bdcd226836d93960be39e77b5fa3f765\"}",">player p1 {\"name\":\"thecrusher677\",\"avatar\":\"266\",\"team\":\"Magneton||Magnet|MagnetPull|Thunderbolt,Toxic,HiddenPowerFire,Protect|Modest|4,,,252,,252|N|,2,,30,,30|||,Fire,,,,]Salamence||ChoiceBand|Intimidate|Earthquake,HiddenPowerFlying,BrickBreak,RockSlide|Adamant|120,252,,,,136|M|30,30,30,30,30,|||,Flying,,,,]Tyranitar||Leftovers|SandStream|Crunch,Pursuit,HiddenPowerGrass,FireBlast|Modest|240,,,188,48,32|M|,2,,30,,|||,Grass,,,,]Blissey||Leftovers|NaturalCure|SeismicToss,Wish,Protect,Toxic||4,,252,,252,|F|,0,,,,|||]Metagross||Leftovers|ClearBody|Agility,MeteorMash,Earthquake,Explosion|Adamant|168,252,,,,88|N||||]Swampert||Leftovers|Torrent|Surf,IceBeam,Protect,Toxic|Bold|252,,160,,96,|F|,0,,,,|||\",\"rating\":0}",">player p2 {\"name\":\"simb\",\"avatar\":\"170\",\"team\":\"Salamence||ChoiceBand|Intimidate|Earthquake,HiddenPowerFlying,BrickBreak,RockSlide|Adamant|120,252,,,,136|F|30,30,30,30,30,|||,Flying,,,,]Magneton||Magnet|MagnetPull|Thunderbolt,Toxic,HiddenPowerFire,Protect|Modest|4,,,252,,252|N|,2,,30,,30|||,Fire,,,,]Tyranitar||Leftovers|SandStream|Crunch,Pursuit,HiddenPowerGrass,FireBlast|Modest|240,,,188,48,32|F|,2,,30,,|||,Grass,,,,]Blissey||Leftovers|NaturalCure|SeismicToss,Wish,Protect,Toxic||4,,252,,252,|F|,0,,,,|||]Metagross||Leftovers|ClearBody|Agility,MeteorMash,Earthquake,Explosion|Adamant|168,252,,,,88|N||||]Swampert||Leftovers|Torrent|Surf,IceBeam,Protect,Toxic|Bold|252,,160,,96,|M|,0,,,,|||\",\"rating\":0}",">p1 move thunderbolt",">p2 move earthquake",">p1 switch 2",">p1 move rockslide",">p2 switch 5",">p1 switch 6",">p2 move explosion",">p1 switch 6",">p2 switch 6",">p1 switch 4",">p2 move icebeam",">p1 switch 5",">p2 switch 3",">p1 move meteormash",">p2 move pursuit",">p1 move meteormash",">p2 switch 2",">p1 move agility",">p2 move thunderbolt",">p1 move earthquake",">p2 move thunderbolt",">p2 switch 3",">p1 move explosion",">p2 move surf",">p1 switch 4",">p2 switch 5",">p1 move rockslide",">p2 switch 4",">p1 switch 5",">p2 move seismictoss",">p1 move toxic",">p2 move seismictoss",">p1 move protect",">p2 switch 4",">p1 move protect",">p2 switch 4",">p1 move toxic",">p2 move wish",">p1 move toxic",">p2 move seismictoss",">p1 move wish",">p2 switch 4",">p1 move protect",">p2 switch 2",">p1 move seismictoss",">p2 move fireblast",">p2 switch 2",">p1 move protect",">p2 move earthquake",">p1 switch 5",">p2 move earthquake",">p1 move brickbreak",">p2 switch 4",">p2 switch 4",">p1 switch 5",">p2 move earthquake",">p1 switch 5",">p2 move earthquake",">p1 move hiddenpower",">p2 move earthquake"],"log":["|j|☆thecrusher677","|j|☆simb","|t:|1751434602","|gametype|singles","|player|p1|thecrusher677|266|","|player|p2|simb|170|","|teamsize|p1|6","|teamsize|p2|6","|gen|3","|tier|[Gen 3] OU","|rule|Sleep Clause Mod: Limit one foe put to sleep","|rule|Switch Priority Clause Mod: Faster Pokémon switch first","|rule|Species Clause: Limit one of each Pokémon","|rule|OHKO Clause: OHKO moves are banned","|rule|Evasion Items Clause: Evasion items are banned","|rule|Evasion Moves Clause: Evasion moves are banned","|rule|Endless Battle Clause: Forcing endless battles is banned","|rule|HP Percentage Mod: HP is shown in percentages","|rule|One Boost Passer Clause: Limit one Baton Passer that has a way to boost its stats","|rule|Freeze Clause Mod: Limit one foe frozen","|","|t:|1751434602","|start","|switch|p1a: Magneton|Magneton|242/242","|switch|p2a: Salamence|Salamence, F|360/360","|-ability|p2a: Salamence|Intimidate|boost","|-unboost|p1a: Magneton|atk|1","|turn|1","|","|t:|1751434734","|move|p2a: Salamence|Earthquake|p1a: Magneton","|-supereffective|p1a: Magneton","|-damage|p1a: Magneton|0 fnt","|faint|p1a: Magneton","|","|t:|1751434738","|switch|p1a: Salamence|Salamence, M|360/360","|-ability|p1a: Salamence|Intimidate|boost","|-unboost|p2a: Salamence|atk|1","|","|upkeep","|turn|2","|","|t:|1751434742","|switch|p2a: Metagross|Metagross|343/343","|move|p1a: Salamence|Rock Slide|p2a: Metagross","|-resisted|p2a: Metagross","|-damage|p2a: Metagross|287/343","|","|-heal|p2a: Metagross|308/343|[from] item: Leftovers","|upkeep","|turn|3","|","|t:|1751434751","|switch|p1a: Swampert|Swampert, F|404/404","|move|p2a: Metagross|Explosion|p1a: Swampert","|-damage|p1a: Swampert|0 fnt","|faint|p2a: Metagross","|faint|p1a: Swampert","|","|t:|1751434760","|switch|p2a: Swampert|Swampert, M|404/404","|switch|p1a: Salamence|Salamence, M|360/360","|-ability|p1a: Salamence|Intimidate|boost","|-unboost|p2a: Swampert|atk|1","|","|upkeep","|turn|4","|","|t:|1751434765","|switch|p1a: Blissey|Blissey, F|652/652","|move|p2a: Swampert|Ice Beam|p1a: Blissey","|-damage|p1a: Blissey|607/652","|-status|p1a: Blissey|frz","|","|-heal|p1a: Blissey|647/652 frz|[from] item: Leftovers","|upkeep","|turn|5","|","|t:|1751434770","|switch|p2a: Tyranitar|Tyranitar, F|401/401","|-weather|Sandstorm|[from] ability: Sand Stream|[of] p2a: Tyranitar","|-curestatus|p1a: Blissey|frz|[from] ability: Natural Cure","|switch|p1a: Metagross|Metagross|343/343","|","|-weather|Sandstorm|[upkeep]","|upkeep","|turn|6","|","|t:|1751434779","|move|p1a: Metagross|Meteor Mash|p2a: Tyranitar","|-supereffective|p2a: Tyranitar","|-damage|p2a: Tyranitar|36/401","|move|p2a: Tyranitar|Pursuit|p1a: Metagross","|-damage|p1a: Metagross|277/343","|","|-weather|Sandstorm|[upkeep]","|-heal|p1a: Metagross|298/343|[from] item: Leftovers","|-heal|p2a: Tyranitar|61/401|[from] item: Leftovers","|upkeep","|turn|7","|","|t:|1751434788","|switch|p2a: Magneton|Magneton|242/242","|move|p1a: Metagross|Meteor Mash|p2a: Magneton","|-resisted|p2a: Magneton","|-damage|p2a: Magneton|190/242","|","|-weather|Sandstorm|[upkeep]","|-heal|p1a: Metagross|319/343|[from] item: Leftovers","|upkeep","|turn|8","|","|t:|1751434792","|move|p2a: Magneton|Thunderbolt|p1a: Metagross","|-damage|p1a: Metagross|110/343","|move|p1a: Metagross|Agility|p1a: Metagross","|-boost|p1a: Metagross|spe|2","|","|-weather|Sandstorm|[upkeep]","|-heal|p1a: Metagross|131/343|[from] item: Leftovers","|upkeep","|turn|9","|","|t:|1751434798","|move|p1a: Metagross|Earthquake|p2a: Magneton","|-supereffective|p2a: Magneton","|-damage|p2a: Magneton|0 fnt","|faint|p2a: Magneton","|","|t:|1751434802","|switch|p2a: Swampert|Swampert, M|404/404","|","|-weather|Sandstorm|[upkeep]","|-heal|p1a: Metagross|152/343|[from] item: Leftovers","|upkeep","|turn|10","|","|t:|1751434813","|move|p1a: Metagross|Explosion|p2a: Swampert","|-damage|p2a: Swampert|0 fnt","|faint|p1a: Metagross","|faint|p2a: Swampert","|","|t:|1751434820","|switch|p1a: Salamence|Salamence, M|360/360","|switch|p2a: Salamence|Salamence, F|360/360","|-ability|p1a: Salamence|Intimidate|boost","|-unboost|p2a: Salamence|atk|1","|-ability|p2a: Salamence|Intimidate|boost","|-unboost|p1a: Salamence|atk|1","|","|-weather|Sandstorm|[upkeep]","|-damage|p1a: Salamence|338/360|[from] Sandstorm","|-damage|p2a: Salamence|338/360|[from] Sandstorm","|upkeep","|turn|11","|","|t:|1751434828","|switch|p2a: Blissey|Blissey, F|652/652","|move|p1a: Salamence|Rock Slide|p2a: Blissey","|-damage|p2a: Blissey|457/652","|","|-weather|Sandstorm|[upkeep]","|-damage|p1a: Salamence|316/360|[from] Sandstorm","|-damage|p2a: Blissey|417/652|[from] Sandstorm","|-heal|p2a: Blissey|457/652|[from] item: Leftovers","|upkeep","|turn|12","|","|t:|1751434834","|switch|p1a: Blissey|Blissey, F|647/652","|move|p2a: Blissey|Seismic Toss|p1a: Blissey","|-damage|p1a: Blissey|547/652","|","|-weather|Sandstorm|[upkeep]","|-damage|p2a: Blissey|417/652|[from] Sandstorm","|-damage|p1a: Blissey|507/652|[from] Sandstorm","|-heal|p1a: Blissey|547/652|[from] item: Leftovers","|-heal|p2a: Blissey|457/652|[from] item: Leftovers","|upkeep","|turn|13","|","|t:|1751434839","|move|p2a: Blissey|Seismic Toss|p1a: Blissey","|-damage|p1a: Blissey|447/652","|move|p1a: Blissey|Toxic|p2a: Blissey","|-status|p2a: Blissey|tox","|","|-weather|Sandstorm|[upkeep]","|-damage|p2a: Blissey|417/652 tox|[from] Sandstorm","|-damage|p1a: Blissey|407/652|[from] Sandstorm","|-heal|p2a: Blissey|457/652 tox|[from] item: Leftovers","|-heal|p1a: Blissey|447/652|[from] item: Leftovers","|-damage|p2a: Blissey|417/652 tox|[from] psn","|upkeep","|turn|14","|","|t:|1751434844","|-curestatus|p2a: Blissey|tox|[from] ability: Natural Cure","|switch|p2a: Salamence|Salamence, F|338/360","|-ability|p2a: Salamence|Intimidate|boost","|-unboost|p1a: Blissey|atk|1","|move|p1a: Blissey|Protect||[still]","|-fail|p1a: Blissey","|","|-weather|Sandstorm|[upkeep]","|-damage|p2a: Salamence|316/360|[from] Sandstorm","|-damage|p1a: Blissey|407/652|[from] Sandstorm","|-heal|p1a: Blissey|447/652|[from] item: Leftovers","|upkeep","|turn|15","|","|t:|1751434853","|switch|p2a: Blissey|Blissey, F|417/652","|move|p1a: Blissey|Protect||[still]","|-fail|p1a: Blissey","|","|-weather|Sandstorm|[upkeep]","|-damage|p2a: Blissey|377/652|[from] Sandstorm","|-damage|p1a: Blissey|407/652|[from] Sandstorm","|-heal|p1a: Blissey|447/652|[from] item: Leftovers","|-heal|p2a: Blissey|417/652|[from] item: Leftovers","|upkeep","|turn|16","|","|t:|1751434858","|move|p2a: Blissey|Wish|p2a: Blissey","|move|p1a: Blissey|Toxic|p2a: Blissey","|-status|p2a: Blissey|tox","|","|-weather|Sandstorm|[upkeep]","|-damage|p2a: Blissey|377/652 tox|[from] Sandstorm","|-damage|p1a: Blissey|407/652|[from] Sandstorm","|-heal|p2a: Blissey|417/652 tox|[from] item: Leftovers","|-heal|p1a: Blissey|447/652|[from] item: Leftovers","|-damage|p2a: Blissey|377/652 tox|[from] psn","|upkeep","|turn|17","|","|t:|1751434862","|move|p1a: Blissey|Toxic|p2a: Blissey","|-fail|p2a: Blissey|tox","|move|p2a: Blissey|Seismic Toss|p1a: Blissey","|-damage|p1a: Blissey|347/652","|","|-heal|p2a: Blissey|652/652 tox|[from] move: Wish|[wisher] Blissey","|-weather|Sandstorm|[upkeep]","|-damage|p1a: Blissey|307/652|[from] Sandstorm","|-damage|p2a: Blissey|612/652 tox|[from] Sandstorm","|-heal|p2a: Blissey|652/652 tox|[from] item: Leftovers","|-heal|p1a: Blissey|347/652|[from] item: Leftovers","|-damage|p2a: Blissey|572/652 tox|[from] psn","|upkeep","|turn|18","|","|t:|1751434866","|-curestatus|p2a: Blissey|tox|[from] ability: Natural Cure","|switch|p2a: Salamence|Salamence, F|316/360","|-ability|p2a: Salamence|Intimidate|boost","|-unboost|p1a: Blissey|atk|1","|move|p1a: Blissey|Wish|p1a: Blissey","|","|-weather|Sandstorm|[upkeep]","|-damage|p2a: Salamence|294/360|[from] Sandstorm","|-damage|p1a: Blissey|307/652|[from] Sandstorm","|-heal|p1a: Blissey|347/652|[from] item: Leftovers","|upkeep","|turn|19","|","|t:|1751434871","|switch|p2a: Tyranitar|Tyranitar, F|61/401","|move|p1a: Blissey|Protect||[still]","|-fail|p1a: Blissey","|","|-heal|p1a: Blissey|652/652|[from] move: Wish|[wisher] Blissey","|-weather|Sandstorm|[upkeep]","|-damage|p1a: Blissey|612/652|[from] Sandstorm","|-heal|p2a: Tyranitar|86/401|[from] item: Leftovers","|-heal|p1a: Blissey|652/652|[from] item: Leftovers","|upkeep","|turn|20","|","|t:|1751434875","|move|p2a: Tyranitar|Fire Blast|p1a: Blissey","|-crit|p1a: Blissey","|-damage|p1a: Blissey|511/652","|move|p1a: Blissey|Seismic Toss|p2a: Tyranitar","|-damage|p2a: Tyranitar|0 fnt","|faint|p2a: Tyranitar","|","|t:|1751434876","|switch|p2a: Salamence|Salamence, F|294/360","|-ability|p2a: Salamence|Intimidate|boost","|-unboost|p1a: Blissey|atk|1","|","|-weather|Sandstorm|[upkeep]","|-damage|p2a: Salamence|272/360|[from] Sandstorm","|-damage|p1a: Blissey|471/652|[from] Sandstorm","|-heal|p1a: Blissey|511/652|[from] item: Leftovers","|upkeep","|turn|21","|","|t:|1751434881","|move|p1a: Blissey|Protect|p1a: Blissey","|-singleturn|p1a: Blissey|Protect","|move|p2a: Salamence|Earthquake|p1a: Blissey","|-activate|p1a: Blissey|Protect","|","|-weather|Sandstorm|[upkeep]","|-damage|p2a: Salamence|250/360|[from] Sandstorm","|-damage|p1a: Blissey|471/652|[from] Sandstorm","|-heal|p1a: Blissey|511/652|[from] item: Leftovers","|upkeep","|turn|22","|","|t:|1751434885","|switch|p1a: Salamence|Salamence, M|316/360","|-ability|p1a: Salamence|Intimidate|boost","|-unboost|p2a: Salamence|atk|1","|move|p2a: Salamence|Earthquake|p1a: Salamence","|-immune|p1a: Salamence","|","|-weather|Sandstorm|[upkeep]","|-damage|p1a: Salamence|294/360|[from] Sandstorm","|-damage|p2a: Salamence|228/360|[from] Sandstorm","|upkeep","|turn|23","|","|t:|1751434891","|switch|p2a: Blissey|Blissey, F|572/652","|move|p1a: Salamence|Brick Break|p2a: Blissey","|-supereffective|p2a: Blissey","|-damage|p2a: Blissey|0 fnt","|faint|p2a: Blissey","|","|t:|1751434895","|switch|p2a: Salamence|Salamence, F|228/360","|-ability|p2a: Salamence|Intimidate|boost","|-unboost|p1a: Salamence|atk|1","|","|-weather|Sandstorm|[upkeep]","|-damage|p1a: Salamence|272/360|[from] Sandstorm","|-damage|p2a: Salamence|206/360|[from] Sandstorm","|upkeep","|turn|24","|","|t:|1751434899","|switch|p1a: Blissey|Blissey, F|511/652","|move|p2a: Salamence|Earthquake|p1a: Blissey","|-damage|p1a: Blissey|117/652","|","|-weather|Sandstorm|[upkeep]","|-damage|p2a: Salamence|184/360|[from] Sandstorm","|-damage|p1a: Blissey|77/652|[from] Sandstorm","|-heal|p1a: Blissey|117/652|[from] item: Leftovers","|upkeep","|turn|25","|","|t:|1751434905","|switch|p1a: Salamence|Salamence, M|272/360","|-ability|p1a: Salamence|Intimidate|boost","|-unboost|p2a: Salamence|atk|1","|move|p2a: Salamence|Earthquake|p1a: Salamence","|-immune|p1a: Salamence","|","|-weather|Sandstorm|[upkeep]","|-damage|p2a: Salamence|162/360|[from] Sandstorm","|-damage|p1a: Salamence|250/360|[from] Sandstorm","|upkeep","|turn|26","|","|t:|1751434909","|move|p1a: Salamence|Hidden Power|p2a: Salamence","|-damage|p2a: Salamence|0 fnt","|faint|p2a: Salamence","|","|win|thecrusher677",""],"p1rating":null,"p2rating":null,"endType":"normal","ladderError":true,"timestamp":"Tue Jul 01 2025 22:41:49 GMT-0700 (アメリカ太平洋夏時間)","roomid":"battle-gen3ou-678","format":"gen3ou"}