{"winner":"thecrusher677","seed":"sodium,a20c79d395689c4db6a22566ca1f4c3d","turns":57,"p1":"thecrusher677","p2":"foultest_acceptor1","p1team":[{"name":"Magneton","species":"Magneton","item":"Magnet","ability":"Magnet Pull","moves":["Thunderbolt","Toxic","Hidden Power Fire","Protect"],"nature":"Modest","evs":{"hp":4,"atk":0,"def":0,"spa":252,"spd":0,"spe":252},"gender":"N","ivs":{"hp":31,"atk":2,"def":31,"spa":30,"spd":31,"spe":30},"happiness":255,"hpType":"Fire","pokeball":"","gigantamax":false,"dynamaxLevel":10,"teraType":"","level":100},{"name":"Salamence","species":"Salamence","item":"Choice Band","ability":"Intimidate","moves":["Earthquake","Hidden Power Flying","Brick Break","Rock Slide"],"nature":"Adamant","evs":{"hp":120,"atk":252,"def":0,"spa":0,"spd":0,"spe":136},"gender":"M","ivs":{"hp":30,"atk":30,"def":30,"spa":30,"spd":30,"spe":31},"happiness":255,"hpType":"Flying","pokeball":"","gigantamax":false,"dynamaxLevel":10,"teraType":"","level":100},{"name":"Tyranitar","species":"Tyranitar","item":"Leftovers","ability":"Sand Stream","moves":["Crunch","Pursuit","Hidden Power Grass","Fire Blast"],"nature":"Modest","evs":{"hp":240,"atk":0,"def":0,"spa":188,"spd":48,"spe":32},"gender":"F","ivs":{"hp":31,"atk":2,"def":31,"spa":30,"spd":31,"spe":31},"happiness":255,"hpType":"Grass","pokeball":"","gigantamax":false,"dynamaxLevel":10,"teraType":"","level":100},{"name":"Blissey","species":"Blissey","item":"Leftovers","ability":"Natural Cure","moves":["Seismic Toss","Wish","Protect","Toxic"],"nature":"","evs":{"hp":4,"atk":0,"def":252,"spa":0,"spd":252,"spe":0},"gender":"F","ivs":{"hp":31,"atk":0,"def":31,"spa":31,"spd":31,"spe":31},"level":100},{"name":"Metagross","species":"Metagross","item":"Leftovers","ability":"Clear Body","moves":["Agility","Meteor Mash","Earthquake","Explosion"],"nature":"Adamant","evs":{"hp":168,"atk":252,"def":0,"spa":0,"spd":0,"spe":88},"gender":"N","level":100,"ivs":{"hp":31,"atk":31,"def":31,"spa":31,"spd":31,"spe":31}},{"name":"Swampert","species":"Swampert","item":"Leftovers","ability":"Torrent","moves":["Surf","Ice Beam","Protect","Toxic"],"nature":"Bold","evs":{"hp":252,"atk":0,"def":160,"spa":0,"spd":96,"spe":0},"gender":"F","ivs":{"hp":31,"atk":0,"def":31,"spa":31,"spd":31,"spe":31},"level":100}],"p2team":[{"name":"Skarmory","species":"Skarmory","item":"Leftovers","ability":"Keen Eye","moves":["Spikes","Roar","Toxic","Protect"],"nature":"Careful","evs":{"hp":252,"atk":0,"def":0,"spa":0,"spd":252,"spe":4},"gender":"M","ivs":{"hp":31,"atk":0,"def":31,"spa":31,"spd":31,"spe":31},"level":100},{"name":"Jolteon","species":"Jolteon","item":"Leftovers","ability":"Volt Absorb","moves":["Thunderbolt","Thunder Wave","Hidden Power Grass","Baton Pass"],"nature":"Timid","evs":{"hp":4,"atk":0,"def":0,"spa":252,"spd":0,"spe":252},"gender":"M","ivs":{"hp":31,"atk":2,"def":31,"spa":30,"spd":31,"spe":31},"happiness":255,"hpType":"Grass","pokeball":"","gigantamax":false,"dynamaxLevel":10,"teraType":"","level":100},{"name":"Tyranitar","species":"Tyranitar","item":"Leftovers","ability":"Sand Stream","moves":["Focus Punch","Earthquake","Hidden Power Bug","Rock Slide"],"nature":"Adamant","evs":{"hp":252,"atk":252,"def":4,"spa":0,"spd":0,"spe":0},"gender":"M","ivs":{"hp":31,"atk":31,"def":31,"spa":31,"spd":30,"spe":30},"happiness":255,"hpType":"Bug","pokeball":"","gigantamax":false,"dynamaxLevel":10,"teraType":"","level":100},{"name":"Gengar","species":"Gengar","item":"Leftovers","ability":"Levitate","moves":["Ice Punch","Fire Punch","Hidden Power Grass","Explosion"],"nature":"Hasty","evs":{"hp":40,"atk":0,"def":0,"spa":252,"spd":0,"spe":216},"gender":"F","ivs":{"hp":31,"atk":30,"def":31,"spa":30,"spd":31,"spe":31},"happiness":255,"hpType":"Grass","pokeball":"","gigantamax":false,"dynamaxLevel":10,"teraType":"","level":100},{"name":"Metagross","species":"Metagross","item":"Choice Band","ability":"Clear Body","moves":["Meteor Mash","Earthquake","Rock Slide","Explosion"],"nature":"Adamant","evs":{"hp":68,"atk":252,"def":0,"spa":0,"spd":0,"spe":188},"gender":"N","level":100,"ivs":{"hp":31,"atk":31,"def":31,"spa":31,"spd":31,"spe":31}},{"name":"Starmie","species":"Starmie","item":"Leftovers","ability":"Natural Cure","moves":["Hydro Pump","Thunderbolt","Ice Beam","Psychic"],"nature":"Timid","evs":{"hp":4,"atk":0,"def":0,"spa":252,"spd":0,"spe":252},"gender":"N","ivs":{"hp":31,"atk":0,"def":31,"spa":31,"spd":31,"spe":31},"level":100}],"score":[4,0],"inputLog":[">version 372d05e49c92a79eecdf6c8dddb208bd1765c00f",">start {\"formatid\":\"gen3ou\",\"seed\":\"sodium,a20c79d395689c4db6a22566ca1f4c3d\"}",">player p1 {\"name\":\"thecrusher677\",\"avatar\":\"170\",\"team\":\"Magneton||Magnet|MagnetPull|Thunderbolt,Toxic,HiddenPowerFire,Protect|Modest|4,,,252,,252|N|,2,,30,,30|||,Fire,,,,]Salamence||ChoiceBand|Intimidate|Earthquake,HiddenPowerFlying,BrickBreak,RockSlide|Adamant|120,252,,,,136|M|30,30,30,30,30,|||,Flying,,,,]Tyranitar||Leftovers|SandStream|Crunch,Pursuit,HiddenPowerGrass,FireBlast|Modest|240,,,188,48,32|F|,2,,30,,|||,Grass,,,,]Blissey||Leftovers|NaturalCure|SeismicToss,Wish,Protect,Toxic||4,,252,,252,|F|,0,,,,|||]Metagross||Leftovers|ClearBody|Agility,MeteorMash,Earthquake,Explosion|Adamant|168,252,,,,88|N||||]Swampert||Leftovers|Torrent|Surf,IceBeam,Protect,Toxic|Bold|252,,160,,96,|F|,0,,,,|||\",\"rating\":0}",">player p2 {\"name\":\"foultest_acceptor1\",\"avatar\":\"dawn\",\"team\":\"Skarmory||Leftovers|KeenEye|Spikes,Roar,Toxic,Protect|Careful|252,,,,252,4|M|,0,,,,|||]Jolteon||Leftovers|VoltAbsorb|Thunderbolt,ThunderWave,HiddenPowerGrass,BatonPass|Timid|4,,,252,,252|M|,2,,30,,|||,Grass,,,,]Tyranitar||Leftovers|SandStream|FocusPunch,Earthquake,HiddenPowerBug,RockSlide|Adamant|252,252,4,,,|M|,,,,30,30|||,Bug,,,,]Gengar||Leftovers|Levitate|IcePunch,FirePunch,HiddenPowerGrass,Explosion|Hasty|40,,,252,,216|F|,30,,30,,|||,Grass,,,,]Metagross||ChoiceBand|ClearBody|MeteorMash,Earthquake,RockSlide,Explosion|Adamant|68,252,,,,188|N||||]Starmie||Leftovers|NaturalCure|HydroPump,Thunderbolt,IceBeam,Psychic|Timid|4,,,252,,252|N|,0,,,,|||\",\"rating\":0}",">p1 move thunderbolt",">p2 move spikes",">p2 switch 3",">p1 switch 6",">p2 move earthquake",">p1 move surf",">p2 switch 4",">p1 move protect",">p2 move hiddenpower",">p1 switch 4",">p2 move hiddenpower",">p1 move wish",">p2 switch 5",">p1 switch 4",">p2 move explosion",">p1 switch 2",">p2 switch 6",">p1 switch 4",">p2 move icebeam",">p1 move toxic",">p2 switch 4",">p1 move protect",">p2 move rockslide",">p1 switch 5",">p2 move rockslide",">p1 move meteormash",">p2 switch 4",">p1 switch 5",">p2 move hydropump",">p1 move wish",">p2 move icebeam",">p1 move protect",">p2 move hydropump",">p1 move wish",">p2 move hydropump",">p1 move protect",">p2 switch 4",">p1 move protect",">p2 move earthquake",">p1 switch 4",">p2 switch 5",">p1 switch 4",">p2 move icepunch",">p1 move wish",">p2 move firepunch",">p1 switch 3",">p2 switch 5",">p1 move hiddenpower",">p2 move earthquake",">p1 switch 4",">p2 move earthquake",">p1 move hiddenpower",">p2 move earthquake",">p2 switch 5",">p1 switch 3",">p2 move icepunch",">p1 move wish",">p2 move icepunch",">p1 move protect",">p2 move hiddenpower",">p1 switch 5",">p2 move firepunch",">p1 switch 5",">p2 move firepunch",">p1 move wish",">p2 move icepunch",">p1 switch 4",">p2 move hiddenpower",">p1 move pursuit",">p2 move hiddenpower",">p2 switch 4",">p1 switch 4",">p2 move hydropump",">p1 move wish",">p2 move icebeam",">p1 move protect",">p2 move icebeam",">p1 move toxic",">p2 move icebeam",">p1 move toxic",">p2 move hydropump",">p1 move toxic",">p2 move hydropump",">p1 move toxic",">p2 move hydropump",">p1 move wish",">p2 move psychic",">p1 switch 6",">p2 move psychic",">p1 move thunderbolt",">p2 move hydropump",">p1 switch 6",">p1 move wish",">p2 move icebeam",">p1 move protect",">p2 move icebeam",">p1 move wish",">p2 move thunderbolt",">p1 move protect",">p2 move icebeam",">p1 move toxic",">p2 move thunderbolt",">p1 move seismictoss",">p2 switch 2",">p1 move seismictoss",">p2 move thunderwave",">p1 move seismictoss",">p2 switch 2",">p1 move toxic",">p2 move psychic",">p1 move seismictoss",">p2 switch 2",">p2 switch 2",">p1 move toxic",">p2 move thunderbolt",">p1 move wish",">p2 move thunderbolt",">p1 move protect",">p2 move icebeam",">p1 move wish",">p2 move thunderbolt"],"log":["|j|☆thecrusher677","|j|☆foultest_acceptor1","|t:|1752907543","|gametype|singles","|player|p1|thecrusher677|170|","|player|p2|foultest_acceptor1|dawn|","|teamsize|p1|6","|teamsize|p2|6","|gen|3","|tier|[Gen 3] OU","|rule|Sleep Clause Mod: Limit one foe put to sleep","|rule|Switch Priority Clause Mod: Faster Pokémon switch first","|rule|Species Clause: Limit one of each Pokémon","|rule|OHKO Clause: OHKO moves are banned","|rule|Evasion Items Clause: Evasion items are banned","|rule|Evasion Moves Clause: Evasion moves are banned","|rule|Endless Battle Clause: Forcing endless battles is banned","|rule|HP Percentage Mod: HP is shown in percentages","|rule|One Boost Passer Clause: Limit one Baton Passer that has a way to boost its stats","|rule|Freeze Clause Mod: Limit one foe frozen","|","|t:|1752907544","|start","|switch|p1a: Magneton|Magneton|242/242","|switch|p2a: Skarmory|Skarmory, M|334/334","|turn|1","|inactive|Battle timer is ON: inactive players will automatically lose when time's up. (requested by foultest_acceptor1)","|","|t:|1752907553","|move|p1a: Magneton|Thunderbolt|p2a: Skarmory","|-supereffective|p2a: Skarmory","|-damage|p2a: Skarmory|0 fnt","|faint|p2a: Skarmory","||adding 5 to each for mid turn request","|","|t:|1752907556","|switch|p2a: Tyranitar|Tyranitar, M|404/404","|-weather|Sandstorm|[from] ability: Sand Stream|[of] p2a: Tyranitar","|","|-weather|Sandstorm|[upkeep]","|upkeep","|turn|2","||adding 10 for new turn","|","|t:|1752907571","|switch|p1a: Swampert|Swampert, F|404/404","|move|p2a: Tyranitar|Earthquake|p1a: Swampert","|-damage|p1a: Swampert|300/404","|","|-weather|Sandstorm|[upkeep]","|-heal|p1a: Swampert|325/404|[from] item: Leftovers","|upkeep","|turn|3","||adding 10 for new turn","|","|t:|1752907574","|switch|p2a: Gengar|Gengar, F|271/271","|move|p1a: Swampert|Surf|p2a: Gengar","|-damage|p2a: Gengar|136/271","|","|-weather|Sandstorm|[upkeep]","|-damage|p2a: Gengar|120/271|[from] Sandstorm","|-heal|p2a: Gengar|136/271|[from] item: Leftovers","|-heal|p1a: Swampert|350/404|[from] item: Leftovers","|upkeep","|turn|4","||adding 10 for new turn","|","|t:|1752907578","|move|p1a: Swampert|Protect|p1a: Swampert","|-singleturn|p1a: Swampert|Protect","|move|p2a: Gengar|Hidden Power|p1a: Swampert","|-activate|p1a: Swampert|Protect","|","|-weather|Sandstorm|[upkeep]","|-damage|p2a: Gengar|120/271|[from] Sandstorm","|-heal|p2a: Gengar|136/271|[from] item: Leftovers","|-heal|p1a: Swampert|375/404|[from] item: Leftovers","|upkeep","|turn|5","||adding 10 for new turn","|","|t:|1752907582","|switch|p1a: Blissey|Blissey, F|652/652","|move|p2a: Gengar|Hidden Power|p1a: Blissey","|-damage|p1a: Blissey|601/652","|","|-weather|Sandstorm|[upkeep]","|-damage|p2a: Gengar|120/271|[from] Sandstorm","|-damage|p1a: Blissey|561/652|[from] Sandstorm","|-heal|p2a: Gengar|136/271|[from] item: Leftovers","|-heal|p1a: Blissey|601/652|[from] item: Leftovers","|upkeep","|turn|6","||adding 10 for new turn","|","|t:|1752907585","|switch|p2a: Metagross|Metagross|318/318","|move|p1a: Blissey|Wish|p1a: Blissey","|","|-weather|Sandstorm|[upkeep]","|-damage|p1a: Blissey|561/652|[from] Sandstorm","|-heal|p1a: Blissey|601/652|[from] item: Leftovers","|upkeep","|turn|7","||adding 10 for new turn","|","|t:|1752907587","|switch|p1a: Swampert|Swampert, F|375/404","|move|p2a: Metagross|Explosion|p1a: Swampert","|-damage|p1a: Swampert|0 fnt","|faint|p2a: Metagross","|faint|p1a: Swampert","||adding 5 to each for mid turn request","|","|t:|1752907593","|switch|p2a: Starmie|Starmie|262/262","|switch|p1a: Salamence|Salamence, M|360/360","|-ability|p1a: Salamence|Intimidate|boost","|-unboost|p2a: Starmie|atk|1","|","|-weather|Sandstorm|[upkeep]","|-damage|p2a: Starmie|246/262|[from] Sandstorm","|-damage|p1a: Salamence|338/360|[from] Sandstorm","|-heal|p2a: Starmie|262/262|[from] item: Leftovers","|upkeep","|turn|8","||adding 10 for new turn","|","|t:|1752907596","|switch|p1a: Blissey|Blissey, F|601/652","|move|p2a: Starmie|Ice Beam|p1a: Blissey","|-damage|p1a: Blissey|540/652","|","|-weather|Sandstorm|[upkeep]","|-damage|p2a: Starmie|246/262|[from] Sandstorm","|-damage|p1a: Blissey|500/652|[from] Sandstorm","|-heal|p2a: Starmie|262/262|[from] item: Leftovers","|-heal|p1a: Blissey|540/652|[from] item: Leftovers","|upkeep","|turn|9","||adding 10 for new turn","|","|t:|1752907607","|switch|p2a: Tyranitar|Tyranitar, M|404/404","|move|p1a: Blissey|Toxic|p2a: Tyranitar","|-status|p2a: Tyranitar|tox","|","|-weather|Sandstorm|[upkeep]","|-damage|p1a: Blissey|500/652|[from] Sandstorm","|-damage|p2a: Tyranitar|379/404 tox|[from] psn","|-heal|p1a: Blissey|540/652|[from] item: Leftovers","|upkeep","|turn|10","||adding 10 for new turn","|","|t:|1752907613","|move|p1a: Blissey|Protect|p1a: Blissey","|-singleturn|p1a: Blissey|Protect","|move|p2a: Tyranitar|Rock Slide|p1a: Blissey","|-activate|p1a: Blissey|Protect","|","|-weather|Sandstorm|[upkeep]","|-damage|p1a: Blissey|500/652|[from] Sandstorm","|-heal|p2a: Tyranitar|404/404 tox|[from] item: Leftovers","|-damage|p2a: Tyranitar|354/404 tox|[from] psn","|-heal|p1a: Blissey|540/652|[from] item: Leftovers","|upkeep","|turn|11","||adding 10 for new turn","|","|t:|1752907618","|switch|p1a: Metagross|Metagross|343/343","|move|p2a: Tyranitar|Rock Slide|p1a: Metagross","|-resisted|p1a: Metagross","|-damage|p1a: Metagross|286/343","|","|-weather|Sandstorm|[upkeep]","|-heal|p1a: Metagross|307/343|[from] item: Leftovers","|-heal|p2a: Tyranitar|379/404 tox|[from] item: Leftovers","|-damage|p2a: Tyranitar|304/404 tox|[from] psn","|upkeep","|turn|12","||adding 10 for new turn","|","|t:|1752907625","|switch|p2a: Starmie|Starmie|262/262","|move|p1a: Metagross|Meteor Mash|p2a: Starmie|[miss]","|-miss|p1a: Metagross|p2a: Starmie","|","|-weather|Sandstorm|[upkeep]","|-damage|p2a: Starmie|246/262|[from] Sandstorm","|-heal|p2a: Starmie|262/262|[from] item: Leftovers","|-heal|p1a: Metagross|328/343|[from] item: Leftovers","|upkeep","|turn|13","||adding 10 for new turn","|","|t:|1752907628","|switch|p1a: Blissey|Blissey, F|540/652","|move|p2a: Starmie|Hydro Pump|p1a: Blissey","|-damage|p1a: Blissey|420/652","|","|-weather|Sandstorm|[upkeep]","|-damage|p2a: Starmie|246/262|[from] Sandstorm","|-damage|p1a: Blissey|380/652|[from] Sandstorm","|-heal|p2a: Starmie|262/262|[from] item: Leftovers","|-heal|p1a: Blissey|420/652|[from] item: Leftovers","|upkeep","|turn|14","||adding 10 for new turn","|","|t:|1752907633","|move|p2a: Starmie|Ice Beam|p1a: Blissey","|-damage|p1a: Blissey|362/652","|-status|p1a: Blissey|frz","|cant|p1a: Blissey|frz","|","|-weather|Sandstorm|[upkeep]","|-damage|p2a: Starmie|246/262|[from] Sandstorm","|-damage|p1a: Blissey|322/652 frz|[from] Sandstorm","|-heal|p2a: Starmie|262/262|[from] item: Leftovers","|-heal|p1a: Blissey|362/652 frz|[from] item: Leftovers","|upkeep","|turn|15","||adding 10 for new turn","|","|t:|1752907637","|-curestatus|p1a: Blissey|frz|[msg]","|move|p1a: Blissey|Protect|p1a: Blissey","|-singleturn|p1a: Blissey|Protect","|move|p2a: Starmie|Hydro Pump|p1a: Blissey","|-activate|p1a: Blissey|Protect","|","|-weather|Sandstorm|[upkeep]","|-damage|p2a: Starmie|246/262|[from] Sandstorm","|-damage|p1a: Blissey|322/652|[from] Sandstorm","|-heal|p2a: Starmie|262/262|[from] item: Leftovers","|-heal|p1a: Blissey|362/652|[from] item: Leftovers","|upkeep","|turn|16","||adding 10 for new turn","|","|t:|1752907642","|move|p2a: Starmie|Hydro Pump|p1a: Blissey","|-damage|p1a: Blissey|238/652","|move|p1a: Blissey|Wish|p1a: Blissey","|","|-weather|Sandstorm|[upkeep]","|-damage|p2a: Starmie|246/262|[from] Sandstorm","|-damage|p1a: Blissey|198/652|[from] Sandstorm","|-heal|p2a: Starmie|262/262|[from] item: Leftovers","|-heal|p1a: Blissey|238/652|[from] item: Leftovers","|upkeep","|turn|17","||adding 10 for new turn","|","|t:|1752907644","|switch|p2a: Tyranitar|Tyranitar, M|304/404 tox","|move|p1a: Blissey|Protect||[still]","|-fail|p1a: Blissey","|","|-heal|p1a: Blissey|564/652|[from] move: Wish|[wisher] Blissey","|-weather|Sandstorm|[upkeep]","|-damage|p1a: Blissey|524/652|[from] Sandstorm","|-heal|p2a: Tyranitar|329/404 tox|[from] item: Leftovers","|-damage|p2a: Tyranitar|304/404 tox|[from] psn","|-heal|p1a: Blissey|564/652|[from] item: Leftovers","|upkeep","|turn|18","||adding 10 for new turn","|","|t:|1752907648","|move|p1a: Blissey|Protect|p1a: Blissey","|-singleturn|p1a: Blissey|Protect","|move|p2a: Tyranitar|Earthquake|p1a: Blissey","|-activate|p1a: Blissey|Protect","|","|-weather|Sandstorm|[upkeep]","|-damage|p1a: Blissey|524/652|[from] Sandstorm","|-heal|p2a: Tyranitar|329/404 tox|[from] item: Leftovers","|-damage|p2a: Tyranitar|279/404 tox|[from] psn","|-heal|p1a: Blissey|564/652|[from] item: Leftovers","|upkeep","|turn|19","||adding 10 for new turn","|","|t:|1752907656","|switch|p2a: Gengar|Gengar, F|136/271","|switch|p1a: Salamence|Salamence, M|338/360","|-ability|p1a: Salamence|Intimidate|boost","|-unboost|p2a: Gengar|atk|1","|","|-weather|Sandstorm|[upkeep]","|-damage|p2a: Gengar|120/271|[from] Sandstorm","|-damage|p1a: Salamence|316/360|[from] Sandstorm","|-heal|p2a: Gengar|136/271|[from] item: Leftovers","|upkeep","|turn|20","||adding 10 for new turn","|","|t:|1752907660","|switch|p1a: Blissey|Blissey, F|564/652","|move|p2a: Gengar|Ice Punch|p1a: Blissey","|-damage|p1a: Blissey|510/652","|","|-weather|Sandstorm|[upkeep]","|-damage|p2a: Gengar|120/271|[from] Sandstorm","|-damage|p1a: Blissey|470/652|[from] Sandstorm","|-heal|p2a: Gengar|136/271|[from] item: Leftovers","|-heal|p1a: Blissey|510/652|[from] item: Leftovers","|upkeep","|turn|21","||adding 10 for new turn","|","|t:|1752907664","|move|p2a: Gengar|Fire Punch|p1a: Blissey","|-damage|p1a: Blissey|453/652","|move|p1a: Blissey|Wish|p1a: Blissey","|","|-weather|Sandstorm|[upkeep]","|-damage|p2a: Gengar|120/271|[from] Sandstorm","|-damage|p1a: Blissey|413/652|[from] Sandstorm","|-heal|p2a: Gengar|136/271|[from] item: Leftovers","|-heal|p1a: Blissey|453/652|[from] item: Leftovers","|upkeep","|turn|22","||adding 10 for new turn","|","|t:|1752907670","|switch|p2a: Tyranitar|Tyranitar, M|279/404 tox","|switch|p1a: Tyranitar|Tyranitar, F|401/401","|","|-weather|Sandstorm|[upkeep]","|-heal|p2a: Tyranitar|304/404 tox|[from] item: Leftovers","|-damage|p2a: Tyranitar|279/404 tox|[from] psn","|upkeep","|turn|23","||adding 10 for new turn","|","|t:|1752907679","|move|p1a: Tyranitar|Hidden Power|p2a: Tyranitar","|-supereffective|p2a: Tyranitar","|-damage|p2a: Tyranitar|150/404 tox","|move|p2a: Tyranitar|Earthquake|p1a: Tyranitar","|-supereffective|p1a: Tyranitar","|-damage|p1a: Tyranitar|174/401","|","|-weather|Sandstorm|[upkeep]","|-heal|p1a: Tyranitar|199/401|[from] item: Leftovers","|-heal|p2a: Tyranitar|175/404 tox|[from] item: Leftovers","|-damage|p2a: Tyranitar|125/404 tox|[from] psn","|upkeep","|turn|24","||adding 10 for new turn","|","|t:|1752907688","|switch|p1a: Salamence|Salamence, M|316/360","|-ability|p1a: Salamence|Intimidate|boost","|-unboost|p2a: Tyranitar|atk|1","|move|p2a: Tyranitar|Earthquake|p1a: Salamence","|-immune|p1a: Salamence","|","|-weather|Sandstorm|[upkeep]","|-damage|p1a: Salamence|294/360|[from] Sandstorm","|-heal|p2a: Tyranitar|150/404 tox|[from] item: Leftovers","|-damage|p2a: Tyranitar|75/404 tox|[from] psn","|upkeep","|turn|25","||adding 10 for new turn","|","|t:|1752907697","|move|p1a: Salamence|Hidden Power|p2a: Tyranitar","|-resisted|p2a: Tyranitar","|-damage|p2a: Tyranitar|0 fnt","|faint|p2a: Tyranitar","||adding 5 to each for mid turn request","|","|t:|1752907700","|switch|p2a: Gengar|Gengar, F|136/271","|","|-weather|Sandstorm|[upkeep]","|-damage|p2a: Gengar|120/271|[from] Sandstorm","|-damage|p1a: Salamence|272/360|[from] Sandstorm","|-heal|p2a: Gengar|136/271|[from] item: Leftovers","|upkeep","|turn|26","||adding 10 for new turn","|","|t:|1752907703","|switch|p1a: Blissey|Blissey, F|453/652","|move|p2a: Gengar|Ice Punch|p1a: Blissey","|-damage|p1a: Blissey|399/652","|","|-weather|Sandstorm|[upkeep]","|-damage|p2a: Gengar|120/271|[from] Sandstorm","|-damage|p1a: Blissey|359/652|[from] Sandstorm","|-heal|p2a: Gengar|136/271|[from] item: Leftovers","|-heal|p1a: Blissey|399/652|[from] item: Leftovers","|upkeep","|turn|27","||adding 10 for new turn","|","|t:|1752907705","|move|p2a: Gengar|Ice Punch|p1a: Blissey","|-crit|p1a: Blissey","|-damage|p1a: Blissey|290/652","|move|p1a: Blissey|Wish|p1a: Blissey","|","|-weather|Sandstorm|[upkeep]","|-damage|p2a: Gengar|120/271|[from] Sandstorm","|-damage|p1a: Blissey|250/652|[from] Sandstorm","|-heal|p2a: Gengar|136/271|[from] item: Leftovers","|-heal|p1a: Blissey|290/652|[from] item: Leftovers","|upkeep","|turn|28","||adding 10 for new turn","|","|t:|1752907707","|move|p1a: Blissey|Protect|p1a: Blissey","|-singleturn|p1a: Blissey|Protect","|move|p2a: Gengar|Hidden Power|p1a: Blissey","|-activate|p1a: Blissey|Protect","|","|-heal|p1a: Blissey|616/652|[from] move: Wish|[wisher] Blissey","|-weather|Sandstorm|[upkeep]","|-damage|p2a: Gengar|120/271|[from] Sandstorm","|-damage|p1a: Blissey|576/652|[from] Sandstorm","|-heal|p2a: Gengar|136/271|[from] item: Leftovers","|-heal|p1a: Blissey|616/652|[from] item: Leftovers","|upkeep","|turn|29","||adding 10 for new turn","|","|t:|1752907711","|switch|p1a: Metagross|Metagross|328/343","|move|p2a: Gengar|Fire Punch|p1a: Metagross","|-supereffective|p1a: Metagross","|-damage|p1a: Metagross|116/343","|","|-weather|Sandstorm|[upkeep]","|-damage|p2a: Gengar|120/271|[from] Sandstorm","|-heal|p2a: Gengar|136/271|[from] item: Leftovers","|-heal|p1a: Metagross|137/343|[from] item: Leftovers","|upkeep","|turn|30","||adding 10 for new turn","|","|t:|1752907726","|switch|p1a: Blissey|Blissey, F|616/652","|move|p2a: Gengar|Fire Punch|p1a: Blissey","|-damage|p1a: Blissey|555/652","|","|-weather|Sandstorm|[upkeep]","|-damage|p2a: Gengar|120/271|[from] Sandstorm","|-damage|p1a: Blissey|515/652|[from] Sandstorm","|-heal|p2a: Gengar|136/271|[from] item: Leftovers","|-heal|p1a: Blissey|555/652|[from] item: Leftovers","|upkeep","|turn|31","||adding 10 for new turn","|","|t:|1752907728","|move|p2a: Gengar|Ice Punch|p1a: Blissey","|-damage|p1a: Blissey|499/652","|move|p1a: Blissey|Wish|p1a: Blissey","|","|-weather|Sandstorm|[upkeep]","|-damage|p2a: Gengar|120/271|[from] Sandstorm","|-damage|p1a: Blissey|459/652|[from] Sandstorm","|-heal|p2a: Gengar|136/271|[from] item: Leftovers","|-heal|p1a: Blissey|499/652|[from] item: Leftovers","|upkeep","|turn|32","||adding 10 for new turn","|","|t:|1752907730","|switch|p1a: Tyranitar|Tyranitar, F|199/401","|move|p2a: Gengar|Hidden Power|p1a: Tyranitar","|-supereffective|p1a: Tyranitar","|-damage|p1a: Tyranitar|31/401","|","|-heal|p1a: Tyranitar|231/401|[from] move: Wish|[wisher] Blissey","|-weather|Sandstorm|[upkeep]","|-damage|p2a: Gengar|120/271|[from] Sandstorm","|-heal|p2a: Gengar|136/271|[from] item: Leftovers","|-heal|p1a: Tyranitar|256/401|[from] item: Leftovers","|upkeep","|turn|33","||adding 10 for new turn","|","|t:|1752907735","|move|p2a: Gengar|Hidden Power|p1a: Tyranitar","|-supereffective|p1a: Tyranitar","|-damage|p1a: Tyranitar|110/401","|move|p1a: Tyranitar|Pursuit|p2a: Gengar","|-supereffective|p2a: Gengar","|-damage|p2a: Gengar|0 fnt","|faint|p2a: Gengar","||adding 5 to each for mid turn request","|","|t:|1752907738","|switch|p2a: Starmie|Starmie|262/262","|","|-weather|Sandstorm|[upkeep]","|-damage|p2a: Starmie|246/262|[from] Sandstorm","|-heal|p2a: Starmie|262/262|[from] item: Leftovers","|-heal|p1a: Tyranitar|135/401|[from] item: Leftovers","|upkeep","|turn|34","||adding 10 for new turn","|","|t:|1752907741","|switch|p1a: Blissey|Blissey, F|499/652","|move|p2a: Starmie|Hydro Pump|p1a: Blissey","|-damage|p1a: Blissey|383/652","|","|-weather|Sandstorm|[upkeep]","|-damage|p2a: Starmie|246/262|[from] Sandstorm","|-damage|p1a: Blissey|343/652|[from] Sandstorm","|-heal|p2a: Starmie|262/262|[from] item: Leftovers","|-heal|p1a: Blissey|383/652|[from] item: Leftovers","|upkeep","|turn|35","||adding 10 for new turn","|","|t:|1752907743","|move|p2a: Starmie|Ice Beam|p1a: Blissey","|-damage|p1a: Blissey|327/652","|move|p1a: Blissey|Wish|p1a: Blissey","|","|-weather|Sandstorm|[upkeep]","|-damage|p2a: Starmie|246/262|[from] Sandstorm","|-damage|p1a: Blissey|287/652|[from] Sandstorm","|-heal|p2a: Starmie|262/262|[from] item: Leftovers","|-heal|p1a: Blissey|327/652|[from] item: Leftovers","|upkeep","|turn|36","||adding 10 for new turn","|","|t:|1752907745","|move|p1a: Blissey|Protect|p1a: Blissey","|-singleturn|p1a: Blissey|Protect","|move|p2a: Starmie|Ice Beam|p1a: Blissey","|-activate|p1a: Blissey|Protect","|","|-heal|p1a: Blissey|652/652|[from] move: Wish|[wisher] Blissey","|-weather|Sandstorm|[upkeep]","|-damage|p2a: Starmie|246/262|[from] Sandstorm","|-damage|p1a: Blissey|612/652|[from] Sandstorm","|-heal|p2a: Starmie|262/262|[from] item: Leftovers","|-heal|p1a: Blissey|652/652|[from] item: Leftovers","|upkeep","|turn|37","||adding 10 for new turn","|","|t:|1752907747","|move|p2a: Starmie|Ice Beam|p1a: Blissey","|-damage|p1a: Blissey|592/652","|-status|p1a: Blissey|frz","|cant|p1a: Blissey|frz","|","|-weather|Sandstorm|[upkeep]","|-damage|p2a: Starmie|246/262|[from] Sandstorm","|-damage|p1a: Blissey|552/652 frz|[from] Sandstorm","|-heal|p2a: Starmie|262/262|[from] item: Leftovers","|-heal|p1a: Blissey|592/652 frz|[from] item: Leftovers","|upkeep","|turn|38","||adding 10 for new turn","|","|t:|1752907749","|move|p2a: Starmie|Hydro Pump|p1a: Blissey|[miss]","|-miss|p2a: Starmie|p1a: Blissey","|cant|p1a: Blissey|frz","|","|-weather|Sandstorm|[upkeep]","|-damage|p2a: Starmie|246/262|[from] Sandstorm","|-damage|p1a: Blissey|552/652 frz|[from] Sandstorm","|-heal|p2a: Starmie|262/262|[from] item: Leftovers","|-heal|p1a: Blissey|592/652 frz|[from] item: Leftovers","|upkeep","|turn|39","||adding 10 for new turn","|","|t:|1752907751","|move|p2a: Starmie|Hydro Pump|p1a: Blissey","|-damage|p1a: Blissey|470/652 frz","|cant|p1a: Blissey|frz","|","|-weather|Sandstorm|[upkeep]","|-damage|p2a: Starmie|246/262|[from] Sandstorm","|-damage|p1a: Blissey|430/652 frz|[from] Sandstorm","|-heal|p2a: Starmie|262/262|[from] item: Leftovers","|-heal|p1a: Blissey|470/652 frz|[from] item: Leftovers","|upkeep","|turn|40","||adding 10 for new turn","|","|t:|1752907753","|move|p2a: Starmie|Hydro Pump|p1a: Blissey","|-damage|p1a: Blissey|346/652 frz","|cant|p1a: Blissey|frz","|","|-weather|Sandstorm|[upkeep]","|-damage|p2a: Starmie|246/262|[from] Sandstorm","|-damage|p1a: Blissey|306/652 frz|[from] Sandstorm","|-heal|p2a: Starmie|262/262|[from] item: Leftovers","|-heal|p1a: Blissey|346/652 frz|[from] item: Leftovers","|upkeep","|turn|41","||adding 10 for new turn","|","|t:|1752907758","|move|p2a: Starmie|Psychic|p1a: Blissey","|-damage|p1a: Blissey|260/652 frz","|cant|p1a: Blissey|frz","|","|-weather|Sandstorm|[upkeep]","|-damage|p2a: Starmie|246/262|[from] Sandstorm","|-damage|p1a: Blissey|220/652 frz|[from] Sandstorm","|-heal|p2a: Starmie|262/262|[from] item: Leftovers","|-heal|p1a: Blissey|260/652 frz|[from] item: Leftovers","|upkeep","|turn|42","||adding 10 for new turn","|","|t:|1752907766","|-curestatus|p1a: Blissey|frz|[from] ability: Natural Cure","|switch|p1a: Magneton|Magneton|242/242","|move|p2a: Starmie|Psychic|p1a: Magneton","|-resisted|p1a: Magneton","|-damage|p1a: Magneton|149/242","|-unboost|p1a: Magneton|spd|1","|","|-weather|Sandstorm|[upkeep]","|-damage|p2a: Starmie|246/262|[from] Sandstorm","|-heal|p2a: Starmie|262/262|[from] item: Leftovers","|upkeep","|turn|43","||adding 10 for new turn","|","|t:|1752907775","|move|p2a: Starmie|Hydro Pump|p1a: Magneton","|-damage|p1a: Magneton|0 fnt","|faint|p1a: Magneton","||adding 5 to each for mid turn request","|","|t:|1752907776","|switch|p1a: Blissey|Blissey, F|260/652","|","|-weather|Sandstorm|[upkeep]","|-damage|p2a: Starmie|246/262|[from] Sandstorm","|-damage|p1a: Blissey|220/652|[from] Sandstorm","|-heal|p2a: Starmie|262/262|[from] item: Leftovers","|-heal|p1a: Blissey|260/652|[from] item: Leftovers","|upkeep","|turn|44","||adding 10 for new turn","|","|t:|1752907778","|move|p2a: Starmie|Ice Beam|p1a: Blissey","|-damage|p1a: Blissey|198/652","|move|p1a: Blissey|Wish|p1a: Blissey","|","|-weather|Sandstorm|[upkeep]","|-damage|p2a: Starmie|246/262|[from] Sandstorm","|-damage|p1a: Blissey|158/652|[from] Sandstorm","|-heal|p2a: Starmie|262/262|[from] item: Leftovers","|-heal|p1a: Blissey|198/652|[from] item: Leftovers","|upkeep","|turn|45","||adding 10 for new turn","|","|t:|1752907779","|move|p1a: Blissey|Protect|p1a: Blissey","|-singleturn|p1a: Blissey|Protect","|move|p2a: Starmie|Ice Beam|p1a: Blissey","|-activate|p1a: Blissey|Protect","|","|-heal|p1a: Blissey|524/652|[from] move: Wish|[wisher] Blissey","|-weather|Sandstorm|[upkeep]","|-damage|p2a: Starmie|246/262|[from] Sandstorm","|-damage|p1a: Blissey|484/652|[from] Sandstorm","|-heal|p2a: Starmie|262/262|[from] item: Leftovers","|-heal|p1a: Blissey|524/652|[from] item: Leftovers","|upkeep","|turn|46","||adding 10 for new turn","|","|t:|1752907781","|move|p2a: Starmie|Thunderbolt|p1a: Blissey","|-damage|p1a: Blissey|464/652","|move|p1a: Blissey|Wish|p1a: Blissey","|","|-weather|Sandstorm|[upkeep]","|-damage|p2a: Starmie|246/262|[from] Sandstorm","|-damage|p1a: Blissey|424/652|[from] Sandstorm","|-heal|p2a: Starmie|262/262|[from] item: Leftovers","|-heal|p1a: Blissey|464/652|[from] item: Leftovers","|upkeep","|turn|47","||adding 10 for new turn","|","|t:|1752907799","|move|p1a: Blissey|Protect|p1a: Blissey","|-singleturn|p1a: Blissey|Protect","|move|p2a: Starmie|Ice Beam|p1a: Blissey","|-activate|p1a: Blissey|Protect","|","|-heal|p1a: Blissey|652/652|[from] move: Wish|[wisher] Blissey","|-weather|Sandstorm|[upkeep]","|-damage|p2a: Starmie|246/262|[from] Sandstorm","|-damage|p1a: Blissey|612/652|[from] Sandstorm","|-heal|p2a: Starmie|262/262|[from] item: Leftovers","|-heal|p1a: Blissey|652/652|[from] item: Leftovers","|upkeep","|turn|48","||adding 10 for new turn","|","|t:|1752907801","|move|p2a: Starmie|Thunderbolt|p1a: Blissey","|-crit|p1a: Blissey","|-damage|p1a: Blissey|528/652","|move|p1a: Blissey|Toxic|p2a: Starmie","|-status|p2a: Starmie|tox","|","|-weather|Sandstorm|[upkeep]","|-damage|p2a: Starmie|246/262 tox|[from] Sandstorm","|-damage|p1a: Blissey|488/652|[from] Sandstorm","|-heal|p2a: Starmie|262/262 tox|[from] item: Leftovers","|-damage|p2a: Starmie|246/262 tox|[from] psn","|-heal|p1a: Blissey|528/652|[from] item: Leftovers","|upkeep","|turn|49","||adding 10 for new turn","|","|t:|1752907803","|-curestatus|p2a: Starmie|tox|[from] ability: Natural Cure","|switch|p2a: Jolteon|Jolteon, M|272/272","|move|p1a: Blissey|Seismic Toss|p2a: Jolteon","|-damage|p2a: Jolteon|172/272","|","|-weather|Sandstorm|[upkeep]","|-damage|p2a: Jolteon|155/272|[from] Sandstorm","|-damage|p1a: Blissey|488/652|[from] Sandstorm","|-heal|p2a: Jolteon|172/272|[from] item: Leftovers","|-heal|p1a: Blissey|528/652|[from] item: Leftovers","|upkeep","|turn|50","||adding 10 for new turn","|","|t:|1752907806","|move|p2a: Jolteon|Thunder Wave|p1a: Blissey","|-status|p1a: Blissey|par","|move|p1a: Blissey|Seismic Toss|p2a: Jolteon","|-damage|p2a: Jolteon|72/272","|","|-weather|Sandstorm|[upkeep]","|-damage|p2a: Jolteon|55/272|[from] Sandstorm","|-damage|p1a: Blissey|488/652 par|[from] Sandstorm","|-heal|p2a: Jolteon|72/272|[from] item: Leftovers","|-heal|p1a: Blissey|528/652 par|[from] item: Leftovers","|upkeep","|turn|51","||adding 10 for new turn","|","|t:|1752907807","|switch|p2a: Starmie|Starmie|246/262","|move|p1a: Blissey|Seismic Toss|p2a: Starmie","|-damage|p2a: Starmie|146/262","|","|-weather|Sandstorm|[upkeep]","|-damage|p2a: Starmie|130/262|[from] Sandstorm","|-damage|p1a: Blissey|488/652 par|[from] Sandstorm","|-heal|p2a: Starmie|146/262|[from] item: Leftovers","|-heal|p1a: Blissey|528/652 par|[from] item: Leftovers","|upkeep","|turn|52","||adding 10 for new turn","|","|t:|1752907810","|move|p2a: Starmie|Psychic|p1a: Blissey","|-damage|p1a: Blissey|447/652 par","|move|p1a: Blissey|Toxic|p2a: Starmie","|-status|p2a: Starmie|tox","|","|-weather|Sandstorm|[upkeep]","|-damage|p2a: Starmie|130/262 tox|[from] Sandstorm","|-damage|p1a: Blissey|407/652 par|[from] Sandstorm","|-heal|p2a: Starmie|146/262 tox|[from] item: Leftovers","|-damage|p2a: Starmie|130/262 tox|[from] psn","|-heal|p1a: Blissey|447/652 par|[from] item: Leftovers","|upkeep","|turn|53","||adding 10 for new turn","|","|t:|1752907812","|-curestatus|p2a: Starmie|tox|[from] ability: Natural Cure","|switch|p2a: Jolteon|Jolteon, M|72/272","|move|p1a: Blissey|Seismic Toss|p2a: Jolteon","|-damage|p2a: Jolteon|0 fnt","|faint|p2a: Jolteon","||adding 5 to each for mid turn request","|","|t:|1752907813","|switch|p2a: Starmie|Starmie|130/262","|","|-weather|Sandstorm|[upkeep]","|-damage|p2a: Starmie|114/262|[from] Sandstorm","|-damage|p1a: Blissey|407/652 par|[from] Sandstorm","|-heal|p2a: Starmie|130/262|[from] item: Leftovers","|-heal|p1a: Blissey|447/652 par|[from] item: Leftovers","|upkeep","|turn|54","||adding 10 for new turn","|","|t:|1752907815","|move|p2a: Starmie|Thunderbolt|p1a: Blissey","|-damage|p1a: Blissey|391/652 par","|move|p1a: Blissey|Toxic|p2a: Starmie","|-status|p2a: Starmie|tox","|","|-weather|Sandstorm|[upkeep]","|-damage|p2a: Starmie|114/262 tox|[from] Sandstorm","|-damage|p1a: Blissey|351/652 par|[from] Sandstorm","|-heal|p2a: Starmie|130/262 tox|[from] item: Leftovers","|-damage|p2a: Starmie|114/262 tox|[from] psn","|-heal|p1a: Blissey|391/652 par|[from] item: Leftovers","|upkeep","|turn|55","||adding 10 for new turn","|","|t:|1752907817","|move|p2a: Starmie|Thunderbolt|p1a: Blissey","|-damage|p1a: Blissey|328/652 par","|cant|p1a: Blissey|par","|","|-weather|Sandstorm|[upkeep]","|-damage|p2a: Starmie|98/262 tox|[from] Sandstorm","|-damage|p1a: Blissey|288/652 par|[from] Sandstorm","|-heal|p2a: Starmie|114/262 tox|[from] item: Leftovers","|-damage|p2a: Starmie|82/262 tox|[from] psn","|-heal|p1a: Blissey|328/652 par|[from] item: Leftovers","|upkeep","|turn|56","||adding 10 for new turn","|","|t:|1752907818","|move|p1a: Blissey|Protect|p1a: Blissey","|-singleturn|p1a: Blissey|Protect","|move|p2a: Starmie|Ice Beam|p1a: Blissey","|-activate|p1a: Blissey|Protect","|","|-weather|Sandstorm|[upkeep]","|-damage|p2a: Starmie|66/262 tox|[from] Sandstorm","|-damage|p1a: Blissey|288/652 par|[from] Sandstorm","|-heal|p2a: Starmie|82/262 tox|[from] item: Leftovers","|-damage|p2a: Starmie|34/262 tox|[from] psn","|-heal|p1a: Blissey|328/652 par|[from] item: Leftovers","|upkeep","|turn|57","||adding 10 for new turn","|","|t:|1752907820","|move|p2a: Starmie|Thunderbolt|p1a: Blissey","|-damage|p1a: Blissey|269/652 par","|move|p1a: Blissey|Wish|p1a: Blissey","|","|-weather|Sandstorm|[upkeep]","|-damage|p2a: Starmie|18/262 tox|[from] Sandstorm","|-damage|p1a: Blissey|229/652 par|[from] Sandstorm","|-heal|p2a: Starmie|34/262 tox|[from] item: Leftovers","|-damage|p2a: Starmie|0 fnt|[from] psn","|faint|p2a: Starmie","|","|win|thecrusher677",""],"p1rating":null,"p2rating":null,"endType":"normal","ladderError":true,"timestamp":"Fri Jul 18 2025 23:50:20 GMT-0700 (アメリカ太平洋夏時間)","roomid":"battle-gen3ou-843","format":"gen3ou"}